3080 5146
772 304 933 408 ppp-

279 499 441 590 scopalia,
460 499 616 570 videlicet
632 498 863 589 obedientiam,
880 497 1115 568 subiectionem
1132 506 1165 569 et
1187 499 1421 592 reuerentiam,

281 609 521 679 institutionem
538 616 570 678 et
586 607 838 694 destitutionem,
858 607 1093 694 correptionem
1103 615 1137 676 et
1145 608 1420 695 reformationem,

284 738 514 788 accensarent
532 715 799 800 ecclesiasticam,
832 721 1109 783 sacramentorum
1125 715 1346 801 omniumque
1370 717 1417 786 ab

278 823 449 912 Episcopo
464 821 656 911 recipienda
673 829 758 911 sunt,
775 821 993 910 collationem,
1019 825 1131 891 venire
1163 823 1206 890 ad
1237 823 1420 912 Synodum,

283 931 504 1000 visitationem
522 950 651 1016 qnoque
667 949 821 1012 annuam,
839 935 872 997 et
889 928 1028 1012 quodum
1046 930 1115 998 alia
1130 931 1195 998 sibi
1212 931 1325 999 debita
1340 952 1418 998 oon-

277 1045 338 1105 tra
348 1039 512 1124 justitiam
528 1037 774 1124 subtrahebant,
790 1043 822 1104 et
838 1036 1018 1121 diligenter
1032 1037 1145 1105 moniti
1161 1035 1202 1105 de
1218 1038 1269 1106 bis
1284 1039 1423 1106 sansta-

276 1163 359 1214 ccre
375 1167 441 1213 non
457 1146 637 1230 curabant;
654 1150 686 1212 et
703 1144 790 1227 quod
805 1141 939 1210 faciatis
954 1143 1091 1212 eandem
1108 1145 1306 1212 sententiam
1318 1147 1422 1213 robur

285 1253 451 1320 firmitatis
467 1252 612 1320 debitum
628 1249 784 1318 obtinere.
815 1250 897 1316 Item
915 1249 1002 1334 quod
1020 1250 1213 1318 auctoritate
1228 1273 1294 1337 qua
1308 1252 1419 1337 fungi-

284 1381 357 1429 mur
372 1361 575 1448 compcllatis
593 1357 800 1444 supradictos
816 1356 1144 1445 Arobiprcsbytcrum
1160 1367 1193 1426 et
1209 1359 1345 1426 clericos
1355 1359 1421 1428 sol-

284 1489 361 1538 vere
377 1469 585 1554 integraliter
600 1465 744 1533 decimas
760 1467 945 1533 subtractas
962 1473 994 1534 et
1009 1487 1074 1534 non
1090 1467 1216 1536 solutas
1232 1467 1273 1535 de
1289 1468 1419 1545 duobus

281 1573 381 1646 annis
396 1575 561 1661 preteritis
576 1581 608 1642 et
622 1573 703 1640 anni
717 1572 901 1661 presentis,
923 1570 1046 1641 reditus
1062 1595 1199 1659 quarum
1216 1574 1418 1643 decimarum

283 1683 450 1769 etjnrinm
466 1680 507 1748 de
523 1680 721 1768 supradictis
737 1680 834 1748 aunis
850 1679 937 1748 facio
954 1680 1111 1749 ducentas
1128 1687 1161 1750 et
1176 1683 1419 1768 quinquaginta

281 1788 397 1874 libras,
414 1787 449 1853 in
467 1786 583 1872 quibus
599 1785 757 1856 reditibus
784 1794 817 1854 et
842 1787 972 1872 juribus
1004 1788 1185 1874 predictum
1215 1789 1418 1876 Episcopum

282 1894 536 1982 'Ibaguricnsem
551 1893 756 1981 spoliarunt;
780 1913 882 1979 quare
897 1899 972 1981 peto
987 1895 1225 1964 restitutionem
1251 1896 1294 1964 de
1325 1899 1422 1993 ipsis,

286 2013 318 2076 ot
347 2003 512 2091 predictos
540 2001 881 2088 Archipresbyterum,
921 2007 954 2069 et
992 2011 1116 2072 ceteros
1153 2005 1353 2091 presbiteros
1388 2013 1422 2074 et

280 2111 418 2181 clericos
449 2111 681 2198 Sybinicenscs
713 2107 748 2174 in
779 2108 934 2194 predictis
959 2107 1106 2178 ducentis
1130 2109 1223 2178 libris
1241 2111 1421 2201 condemp-

284 2239 376 2287 nare.
415 2215 496 2286 Item
535 2221 612 2304 peto
650 2216 683 2282 in
723 2214 874 2283 omnibus
911 2216 1108 2301 supradictis
1139 2224 1172 2284 et
1203 2217 1315 2302 petitis
1346 2239 1421 2306 pre

282 2327 407 2395 dictum
445 2322 769 2411 Archipresbiterum,
809 2329 843 2390 et
883 2328 1005 2391 ceteros
1036 2323 1234 2409 presbiteros
1265 2329 1299 2392 et
1323 2327 1419 2394 oleri·

281 2455 340 2503 cos
356 2435 397 2502 de
412 2433 565 2520 Sybinioo
579 2430 809 2516 Traguriensis
826 2429 985 2516 Diocesis,
1018 2436 1051 2498 et
1080 2431 1116 2498 in
1146 2433 1301 2519 expensis
1332 2453 1419 2518 quas

282 2541 363 2611 iecit
393 2561 450 2608 seu
481 2538 627 2605 lactarus
657 2543 706 2606 est
730 2535 938 2622 supradictus
953 2537 1137 2624 Episcopus
1153 2539 1306 2624 Tragurii
1323 2561 1419 2609 occa·

285 2649 378 2718 sione
394 2646 590 2714 decimarum
607 2649 640 2713 ct
655 2643 794 2712 aliorum
806 2642 930 2732 jurium
947 2643 1010 2712 sibi
1021 2647 1271 2735 subtractorum,
1290 2653 1323 2714 et
1333 2668 1416 2733 quas

280 2757 362 2825 fecit
378 2759 410 2823 et
424 2755 570 2822 tacturus
587 2755 636 2818 est
650 2771 709 2837 pro
725 2750 922 2835 supradictis
939 2750 1075 2818 decimis
1091 2759 1124 2819 et
1135 2753 1265 2837 juribus
1282 2756 1420 2839 exigen-

285 2863 348 2949 dis,
381 2867 414 2929 et
427 2861 461 2927 in
478 2859 631 2948 expensis
648 2878 730 2942 quas
745 2857 823 2926 fecit
839 2865 873 2924 et
888 2857 991 2927 faciet
1006 2859 1039 2925 in
1056 2879 1158 2926 causa
1173 2859 1249 2947 istc,
1265 2880 1324 2929 seu
1342 2883 1415 2948 pro·

280 2979 356 3060 pter
372 2989 504 3038 causam
522 2969 629 3050 istam,
645 2967 889 3052 condempnari.
916 2966 998 3034 Item
1016 2965 1129 3034 codem
1145 2968 1242 3035 modo
1262 2953 1418 3054 procurs-

283 3079 368 3148 torio
384 3077 516 3146 nomine
531 3074 710 3162 supradicti
727 3071 888 3160 Episcopi,
923 3075 1043 3160 etipse
1059 3073 1242 3160 Episcopus
1260 3077 1417 3162 'l'ragurii

281 3193 357 3276 pcto
372 3187 466 3252 iuxta
481 3183 634 3251 traditam
651 3181 746 3248 robis
761 3179 909 3267 formam,
939 3181 1025 3266 quod
1040 3181 1186 3267 puniatis
1202 3201 1289 3268 pena
1321 3205 1418 3252 caco-

282 3293 357 3363 nica
372 3293 584 3359 Stanimirum
601 3287 929 3375 Archipresbyterum
944 3288 985 3354 de
1000 3286 1169 3374 Sybinico,
1202 3289 1366 3358 Bodincm
1383 3297 1415 3360 et

279 3403 427 3486 Tolcum,
443 3405 475 3466 et
488 3398 670 3466 iohannem
687 3393 728 3463 dc
743 3393 845 3462 Viaco
861 3396 1082 3481 presbyteros,
1099 3401 1131 3462 ct
1146 3396 1286 3464 Strioum
1304 3397 1415 3467 diaco

282 3531 374 3600 num,
405 3509 462 3591 qui
477 3502 725 3574 celebraverunt
741 3503 866 3572 Divina
881 3508 955 3589 post
970 3503 1166 3571 sententiam
1198 3508 1417 3574 excommuni-

279 3617 422 3688 cationis
438 3616 472 3682 in
489 3633 544 3682 eos
561 3615 661 3681 latam
679 3632 700 3679 a
715 3611 802 3681 dicto
818 3611 981 3698 Episcopo
997 3611 1150 3698 Tragurii
1165 3613 1200 3678 in
1227 3613 1415 3684 animarum

279 3745 413 3797 suarum
432 3721 621 3811 periculum,
646 3720 838 3789 scandalum
869 3719 1090 3807 plurimorum,
1123 3719 1227 3805 ipsius
1256 3719 1417 3810 Episcopi

281 3831 510 3924 preiudicium,
526 3836 558 3897 et
574 3825 795 3896 ecclesiastice
810 3825 981 3912 discipline
996 3833 1228 3915 contemptum,
1254 3833 1287 3895 ct
1297 3829 1416 3914 'adhuc

279 3939 452 4010 celebrare
467 3960 531 4008 non
548 3937 730 4020 desistunt3
752 3935 814 4003 boc
831 3940 891 4020 est,
923 3941 959 4002 ut
974 3937 1063 4022 ipsos
1081 3935 1122 4003 ab
1139 3937 1227 4004 omni
1242 3933 1355 4006 cilicio
1384 3945 1416 4006 et

277 4046 435 4118 beneficio
451 4045 673 4116 ecclesiastico
689 4051 824 4129 propter
839 4042 1115 4128 irregularitatem
1131 4043 1181 4112 sic
1206 4049 1414 4114 contractam

275 4155 517 4225 sententialiter
533 4152 717 4238 deponatis,
734 4153 825 4219 salvo
838 4151 915 4238 jure
933 4149 1079 4219 addendi
1094 4151 1147 4220 rel
1164 4150 1347 4219 minuendi.

390 4264 495 4349 Super
511 4281 577 4348 qua
592 4259 757 4348 petitione,
784 4258 844 4328 lite
859 4257 1007 4345 legitime
1023 4265 1214 4345 contestata,
1245 4265 1279 4326 et
1293 4267 1415 4329 exacto

278 4372 463 4441 iuramento
480 4371 522 4439 de
537 4369 677 4438 veritate
692 4367 845 4452 dicenda,
862 4369 1006 4436 volentes
1024 4368 1058 4435 in
1076 4367 1193 4456 spiritu
1209 4367 1410 4440 humilitatis

276 4499 390 4548 eorum
406 4477 646 4548 contumaciam
662 4497 830 4565 superare,
860 4475 1090 4545 mandarimus
1104 4475 1411 4563 ‚Arebiprcsbytero

276 4593 312 4656 ct
327 4585 402 4656 aliis
418 4587 567 4655 omnibus
584 4583 711 4654 clericis
727 4583 913 4674 antedictis,
943 4591 979 4654 ut
995 4584 1075 4670 quia
1090 4603 1203 4654 eorum
1230 4584 1414 4682 appellatio
