3080 5146
599 219 760 318 *ἑο-1·

114 441 187 490 meo
202 417 357 486 mandato
373 413 497 484 domini
513 413 684 483 ledrensis
699 409 942 499 Archiepiseopi
966 407 1118 478 roboravi
1144 409 1245 478 etium

112 537 146 598 et
162 525 352 613 subscripsi.

224 633 331 718 †Ego
361 633 529 700 Arncldus
558 630 648 697 tilius
678 625 843 714 quondum
873 625 1000 693 Alberti
1031 623 1175 692 Santonis
1206 624 1247 692 de

111 740 229 812 Pcduc
244 740 339 810 Sacri
353 740 475 806 Palatii
490 737 643 806 Notarius
658 735 711 804 his
728 734 878 802 omnibus
895 733 1038 818 interfui,
1056 739 1088 800 et
1103 731 1144 800 dc
1159 751 1249 800 mun-

114 851 192 918 dsto
208 845 369 935 sepedicti
384 846 508 914 domini
522 841 771 931 Archiepiscopi
786 841 847 908 hec
858 841 968 909 omnic
977 839 1104 927 scripsi,
1113 838 1248 924 etsigno

114 956 248 1044 proprio
264 961 299 1024 et
314 960 468 1023 consueto
484 953 650 1036 roborans,
666 949 750 1017 hunc
766 939 921 1036 psgincm
938 949 983 1017 ad
998 949 1154 1016 maiorem
1175 966 1250 1015 cuu-

116 1065 216 1132 telum
232 1083 307 1131 eum
323 1059 571 1148 Archiepiscopi
588 1057 690 1145 sigilli
706 1057 898 1126 charactere
914 1053 1117 1124 communivi.

327 1257 459 1322 (Parieti,
478 1255 627 1322 Illyricum
646 1253 763 1308 sacrum
780 1255 830 1308 IV.
843 1255 904 1308 luit.
925 1257 985 1306 est.
998 1253 1030 1318 l.)

653 2070 730 2140 281.

125 2271 282 2360 Treupcu
298 2273 402 2337 trau-i
413 2272 544 2360 ptispiik
561 2269 918 2356 meqhutuimuzottaloot
945 2269 1025 2336 told
1050 2291 1090 2334 oz
1120 2271 1261 2354 apostoli

122 2381 261 2466 michee,
292 2380 402 2444 occulo
427 2374 796 2465 mcpukudcilyozciedro,
828 2378 912 2462 hopy
943 2400 965 2442 u
995 2377 1138 2462 spuictoc'
1168 2377 1256 2442 treola

256 2483 469 2553 Sebeoicobuo
481 2480 643 2572 puspoio't
658 2507 697 2552 oe
711 2486 993 2553 odiasztutlzucsoc.
1029 2484 1125 2554 1254.

232 2683 271 2748 tn
287 2680 418 2747 nomine
433 2681 564 2748 Domini
580 2682 643 2748 Dei
658 2679 779 2747 Eterni.
819 2678 914 2748 Anno
931 2680 1076 2746 ciusdem
1091 2680 1255 2748 Nativita-

129 2788 172 2856 tis
193 2785 384 2857 MCOLIIII.
400 2786 577 2855 indictione
592 2787 668 2854 XII.
686 2785 739 2854 (lie
755 2787 829 2856 IIII.
846 2795 984 2855 exeunte
998 2787 1130 2877 Aprilis,
1140 2788 1262 2858 incivi-

124 2902 194 2962 tate
211 2895 366 2981 Tragurii
384 2895 417 2960 in
435 2914 566 2961 camere
582 2891 705 2961 domini
719 2893 757 2961 Τ.
772 2893 929 2982 Episcopi
945 2893 1169 2985 deTragurio,
1185 2917 1260 2982 pre-

126 3001 271 3079 sentibus
287 3001 328 3067 iis
345 2999 494 3085 testibus,
511 2999 666 3069 videlicet
682 3001 772 3066 Dese
787 3001 910 3084 clerico
923 3001 990 3068 tilio
1018 3003 1202 3086 Dragogne
1219 3001 1259 3070 de

125 3110 297 3192 Tragurio
317 3115 349 3174 et
364 3106 499 3191 Bogodc
517 3108 637 3174 clerico
654 3105 721 3173 tilio
737 3107 903 3190 quondum
934 3107 1022 3174 Mice
1053 3106 1094 3173 de
1124 3108 1261 3175 Murcho

127 3213 273 3280 eiusdem
289 3213 364 3302 loci,
390 3221 423 3281 et
439 3214 589 3282 Johanne
605 3215 698 3282 Bello
715 3213 771 3298 qui
786 3213 849 3282 fuit
865 3214 907 3282 de
923 3213 1083 3300 Tarvisio,
1116 3221 1149 3280 et
1180 3215 1257 3284 aliis

127 3321 258 3388 ibidem.
296 3323 454 3389 Dominus
470 3321 510 3388 T.
526 3322 589 3389 Dei
604 3323 718 3406 gracia
734 3323 966 3407 Traguriensis
999 3323 1182 3408 Episcopus
1216 3323 1258 3392 dc

128 3429 299 3496 voluntate
316 3434 348 3497 et
364 3448 525 3496 consensu
541 3428 592 3496 sui
618 3422 770 3518 Ocpituli,¹
801 3431 843 3496 D.
875 3425 1122 3514 Archidisconi,
1154 3435 1187 3497 et
1216 3429 1256 3498 G.

129 3535 319 3624 Primicerii‚
352 3542 385 3602 et
402 3535 525 3604 domini
541 3535 645 3620 Drugi
661 3535 833 3624 (lenonici,
850 3544 885 3603 et
900 3537 1040 3604 eliorum
1058 3537 1099 3603 de
1115 3557 1173 3605 suo
1201 3537 1262 3606 Ou-
1367 3570 1376 3579 ·

130 3641 243 3730 pitulo,
260 3663 320 3710 suo
336 3650 369 3709 et
385 3645 516 3710 nominc
533 3642 752 3730 Episcopatus
769 3649 801 3710 et
816 3643 1122 3731 Archidiaoonctus,
1149 3643 1189 3711 de
1206 3665 1262 3714 vo·

129 3747 255 3817 luntute
270 3757 302 3816 et
318 3768 478 3817 consensu
493 3749 592 3822 totius
608 3750 659 3816 sui
676 3750 820 3836 Capituli
835 3751 966 3818 nomine
982 3773 1044 3819 cun
1062 3789 1102 3802 —-
1116 3790 1155 3800 —
1169 3787 1194 3802 -
1218 3791 1256 3802 —

130 3854 158 3920 Τ
176 3893 459 3907 -----
490 3864 523 3924 et
554 3857 623 3943 Gap
639 3892 682 3904 -
698 3895 737 3908 -
760 3895 797 3906 -·
833 3857 989 3948 fecerunt,
1022 3865 1213 3927 creaverunt
1228 3865 1262 3926 et

131 3965 369 4032 constituerunt
384 3963 552 4032 dominum
569 3966 700 4032 Petrum
717 3965 850 4033 (iolcum
865 3965 1040 4034 Doctorum
1065 3962 1186 4050 Legum
1220 3965 1263 4035 de

135 4071 295 4158 Tarvisio,
313 4076 346 4138 et
361 4069 526 4140 dominum
543 4071 725 4140 Gausinam
740 4072 964 4142 Primioerium
980 4073 1093 4142 Sancti
1119 4075 1263 4144 Lauren·

132 4177 166 4244 tii
182 4177 226 4245 de
242 4180 401 4264 Trcgmio
417 4199 495 4250 suos
511 4180 657 4262 nuncios,
683 4181 837 4269 sindicos,
869 4187 997 4248 actores
1024 4188 1058 4251 et
1073 4191 1263 4267 procurato·

135 4305 184 4353 res
200 4285 243 4354 cd
260 4289 516 4377 protestantium,
550 4287 724 4356 dicendum
741 4297 775 4356 et
790 4289 1032 4377 appellandum,
1067 4294 1100 4357 et
1115 4289 1262 4375 appella-

135 4393 239 4462 tiones
254 4393 426 4462 faciendcs
443 4395 487 4462 ed
502 4395 667 4464 dominum
683 4397 820 4483 Papum,
852 4419 894 4464 ne
911 4397 1061 4464 dominus
1086 4398 1123 4464 R.
1152 4397 1265 4464 Archi-

135 4500 308 4590 episcopus
328 4502 536 4588 Spslstensis
551 4503 593 4573 de
609 4503 697 4572 facto
714 4503 873 4593 procedet
888 4504 933 4572 ud
960 4505 1155 4574 electionem
1185 4505 1265 4592 Epi·

238 4637 344 4676 nouus.
361 4637 445 4678 nnus.
461 4639 532 4678 nisu.
555 4649 592 4661 -
615 4641 688 4679 omn.
706 4639 750 4678 xx.
1112 4615 1156 4680 26
