<?xml version="1.0" encoding="UTF-8"?>
<!DOCTYPE html PUBLIC "-//W3C//DTD XHTML 1.0 Transitional//EN"
    "http://www.w3.org/TR/xhtml1/DTD/xhtml1-transitional.dtd">
<html xmlns="http://www.w3.org/1999/xhtml" xml:lang="en" lang="en">
 <head>
  <title>
</title>
<meta http-equiv="Content-Type" content="text/html;charset=utf-8" />
  <meta name='ocr-system' content='tesseract 3.04.00' />
  <meta name='ocr-capabilities' content='ocr_page ocr_carea ocr_par ocr_line ocrx_word'/>
</head>
<body>
  <div class='ocr_page' id='page_1' title='image "./codexdiplomatic10wenzgoog_0250.png"; bbox 0 0 3098 5132; ppageno 0'>
   <div class='ocr_carea' id='block_1_1' title="bbox 639 941 715 1009">
    <p class='ocr_par' dir='ltr' id='par_1_1' title="bbox 639 941 715 1009">
     <span class='ocr_line' id='line_1_1' title="bbox 639 941 715 1009; baseline -0.026 0"><span class='ocrx_word' id='word_1_1' title='bbox 639 941 715 1009; x_wconf 78' lang='lat' dir='ltr'>luo.</span> 
     </span>
    </p>
   </div>
   <div class='ocr_carea' id='block_1_2' title="bbox 123 1139 1254 1421">
    <p class='ocr_par' dir='ltr' id='par_1_2' title="bbox 123 1139 1254 1421">
     <span class='ocr_line' id='line_1_2' title="bbox 123 1139 1254 1230; baseline -0.003 -24"><span class='ocrx_word' id='word_1_2' title='bbox 123 1141 430 1228; x_wconf 66' lang='lat' dir='ltr'>Atrebasfcberudri</span> <span class='ocrx_word' id='word_1_3' title='bbox 460 1139 688 1225; x_wconf 71' lang='lat' dir='ltr'>kc&#39;ptoluouak</span> <span class='ocrx_word' id='word_1_4' title='bbox 712 1139 990 1225; x_wconf 76' lang='lat' dir='ltr'>bizonysdplcooie,</span> <span class='ocrx_word' id='word_1_5' title='bbox 1021 1141 1105 1230; x_wconf 72' lang='lat' dir='ltr'>bopy</span> <span class='ocrx_word' id='word_1_6' title='bbox 1129 1145 1254 1210; x_wconf 69' lang='lat' dir='ltr'>Pocae--</span> 
     </span>
     <span class='ocr_line' id='line_1_3' title="bbox 123 1246 1245 1333; baseline 0.002 -19"><span class='ocrx_word' id='word_1_7' title='bbox 123 1249 173 1314; x_wconf 82' lang='lat' dir='ltr'>uelo</span> <span class='ocrx_word' id='word_1_8' title='bbox 187 1248 254 1332; x_wconf 75' lang='lat' dir='ltr'>fiai</span> <span class='ocrx_word' id='word_1_9' title='bbox 284 1247 434 1333; x_wconf 74' lang='lat' dir='ltr'>Ypolbou</span> <span class='ocrx_word' id='word_1_10' title='bbox 458 1246 527 1312; x_wconf 81' lang='lat' dir='ltr'>tc&#39;oo&#39;</span> <span class='ocrx_word' id='word_1_11' title='bbox 559 1247 746 1312; x_wconf 74' lang='lat' dir='ltr'>birtoieuioat</span> <span class='ocrx_word' id='word_1_12' title='bbox 776 1247 871 1332; x_wconf 76' lang='lat' dir='ltr'>Moyr</span> <span class='ocrx_word' id='word_1_13' title='bbox 901 1247 1071 1314; x_wconf 75' lang='lat' dir='ltr'>nudoruuic</span> <span class='ocrx_word' id='word_1_14' title='bbox 1101 1251 1245 1318; x_wconf 74' lang='lat' dir='ltr'>eiadtdir.</span> 
     </span>
     <span class='ocr_line' id='line_1_4' title="bbox 627 1355 729 1421; baseline 0.02 -2"><span class='ocrx_word' id='word_1_15' title='bbox 627 1355 729 1421; x_wconf 62' lang='lat'><em>1228„</em></span> 
     </span>
    </p>
   </div>
   <div class='ocr_carea' id='block_1_3' title="bbox 123 1549 1255 2389">
    <p class='ocr_par' dir='ltr' id='par_1_3' title="bbox 368 1549 995 1618">
     <span class='ocr_line' id='line_1_5' title="bbox 368 1549 995 1618; baseline 0.006 -4"><span class='ocrx_word' id='word_1_16' title='bbox 368 1549 409 1614; x_wconf 78' lang='lat' dir='ltr'>A.</span> <span class='ocrx_word' id='word_1_17' title='bbox 489 1549 516 1614; x_wconf 91' lang='lat' dir='ltr'>B</span> <span class='ocrx_word' id='word_1_18' title='bbox 607 1549 632 1615; x_wconf 81' lang='lat' dir='ltr'>C</span> <span class='ocrx_word' id='word_1_19' title='bbox 724 1549 752 1612; x_wconf 90' lang='lat' dir='ltr'>D</span> <span class='ocrx_word' id='word_1_20' title='bbox 846 1550 873 1614; x_wconf 78' lang='lat' dir='ltr'>i]</span> <span class='ocrx_word' id='word_1_21' title='bbox 968 1551 995 1618; x_wconf 86' lang='lat' dir='ltr'><strong>F</strong></span> 
     </span>
    </p>

    <p class='ocr_par' dir='ltr' id='par_1_4' title="bbox 123 1655 1255 2389">
     <span class='ocr_line' id='line_1_6' title="bbox 215 1655 1250 1746; baseline 0.003 -22"><span class='ocrx_word' id='word_1_22' title='bbox 215 1656 380 1724; x_wconf 81' lang='lat' dir='ltr'>Omnibus</span> <span class='ocrx_word' id='word_1_23' title='bbox 396 1657 431 1723; x_wconf 92' lang='lat' dir='ltr'>in</span> <span class='ocrx_word' id='word_1_24' title='bbox 447 1655 589 1724; x_wconf 85' lang='lat' dir='ltr'>Christo</span> <span class='ocrx_word' id='word_1_25' title='bbox 605 1656 660 1742; x_wconf 92' lang='lat' dir='ltr'>pie</span> <span class='ocrx_word' id='word_1_26' title='bbox 675 1655 863 1725; x_wconf 88' lang='lat' dir='ltr'>uiuentibus</span> <span class='ocrx_word' id='word_1_27' title='bbox 889 1658 1096 1743; x_wconf 79' lang='lat' dir='ltr'>presentibus</span> <span class='ocrx_word' id='word_1_28' title='bbox 1126 1660 1250 1746; x_wconf 84' lang='lat' dir='ltr'>pariter</span> 
     </span>
     <span class='ocr_line' id='line_1_7' title="bbox 124 1764 1244 1852; baseline 0.002 -20"><span class='ocrx_word' id='word_1_29' title='bbox 124 1775 150 1832; x_wconf 90' lang='lat' dir='ltr'>et</span> <span class='ocrx_word' id='word_1_30' title='bbox 163 1765 287 1851; x_wconf 85' lang='lat' dir='ltr'>tuturis,</span> <span class='ocrx_word' id='word_1_31' title='bbox 305 1764 349 1830; x_wconf 85' lang='lat' dir='ltr'>ad</span> <span class='ocrx_word' id='word_1_32' title='bbox 367 1783 576 1848; x_wconf 87' lang='lat' dir='ltr'>quoscunque</span> <span class='ocrx_word' id='word_1_33' title='bbox 591 1773 759 1852; x_wconf 81' lang='lat' dir='ltr'>presentes</span> <span class='ocrx_word' id='word_1_34' title='bbox 776 1765 1114 1851; x_wconf 85' lang='lat' dir='ltr'>littereperuenerint‚</span> <span class='ocrx_word' id='word_1_35' title='bbox 1125 1766 1244 1836; x_wconf 84' lang='lat' dir='ltr'>Alben-</span> 
     </span>
     <span class='ocr_line' id='line_1_8' title="bbox 123 1869 1244 1958; baseline 0.003 -21"><span class='ocrx_word' id='word_1_36' title='bbox 123 1872 160 1940; x_wconf 89' lang='lat' dir='ltr'>sis</span> <span class='ocrx_word' id='word_1_37' title='bbox 175 1871 323 1940; x_wconf 80' lang='lat' dir='ltr'>Ecclesie</span> <span class='ocrx_word' id='word_1_38' title='bbox 341 1869 526 1958; x_wconf 78' lang='lat' dir='ltr'>Capitulum</span> <span class='ocrx_word' id='word_1_39' title='bbox 543 1871 683 1940; x_wconf 83' lang='lat' dir='ltr'>sulutem</span> <span class='ocrx_word' id='word_1_40' title='bbox 699 1872 733 1940; x_wconf 93' lang='lat' dir='ltr'>in</span> <span class='ocrx_word' id='word_1_41' title='bbox 750 1873 901 1940; x_wconf 86' lang='lat' dir='ltr'>Domino.</span> <span class='ocrx_word' id='word_1_42' title='bbox 934 1873 988 1940; x_wconf 90' lang='lat' dir='ltr'>Ad</span> <span class='ocrx_word' id='word_1_43' title='bbox 1004 1873 1158 1941; x_wconf 84' lang='lat' dir='ltr'>noticiam</span> <span class='ocrx_word' id='word_1_44' title='bbox 1174 1876 1244 1940; x_wconf 90' lang='lat' dir='ltr'>uni·</span> 
     </span>
     <span class='ocr_line' id='line_1_9' title="bbox 124 1979 1247 2065; baseline 0.004 -21"><span class='ocrx_word' id='word_1_45' title='bbox 124 1999 279 2048; x_wconf 85' lang='lat' dir='ltr'>neruorum</span> <span class='ocrx_word' id='word_1_46' title='bbox 295 1979 446 2046; x_wconf 89' lang='lat' dir='ltr'>uolumus</span> <span class='ocrx_word' id='word_1_47' title='bbox 461 1979 644 2065; x_wconf 87' lang='lat' dir='ltr'>peruenire,</span> <span class='ocrx_word' id='word_1_48' title='bbox 677 1981 763 2062; x_wconf 87' lang='lat' dir='ltr'>quod</span> <span class='ocrx_word' id='word_1_49' title='bbox 780 1999 873 2048; x_wconf 83' lang='lat' dir='ltr'>anno</span> <span class='ocrx_word' id='word_1_50' title='bbox 899 1980 1069 2048; x_wconf 90' lang='lat' dir='ltr'>Dominice</span> <span class='ocrx_word' id='word_1_51' title='bbox 1093 1981 1247 2049; x_wconf 81' lang='lat' dir='ltr'>Incurua-</span> 
     </span>
     <span class='ocr_line' id='line_1_10' title="bbox 123 2083 1255 2156; baseline 0.004 -4"><span class='ocrx_word' id='word_1_52' title='bbox 123 2087 214 2154; x_wconf 86' lang='lat' dir='ltr'>cionis</span> <span class='ocrx_word' id='word_1_53' title='bbox 229 2083 532 2154; x_wconf 80' lang='lat' dir='ltr'>M⁰CC⁰XX⁰VIII⁰</span> <span class='ocrx_word' id='word_1_54' title='bbox 554 2085 616 2153; x_wconf 90' lang='lat' dir='ltr'>Bot</span> <span class='ocrx_word' id='word_1_55' title='bbox 641 2092 673 2154; x_wconf 87' lang='lat' dir='ltr'>et</span> <span class='ocrx_word' id='word_1_56' title='bbox 699 2088 800 2154; x_wconf 85' lang='lat' dir='ltr'>irater</span> <span class='ocrx_word' id='word_1_57' title='bbox 831 2087 900 2154; x_wconf 88' lang='lat' dir='ltr'>eins</span> <span class='ocrx_word' id='word_1_58' title='bbox 944 2086 1076 2155; x_wconf 89' lang='lat' dir='ltr'>nomine</span> <span class='ocrx_word' id='word_1_59' title='bbox 1107 2087 1255 2156; x_wconf 84' lang='lat' dir='ltr'>Jacobus</span> 
     </span>
     <span class='ocr_line' id='line_1_11' title="bbox 123 2193 1243 2281; baseline 0 -21"><span class='ocrx_word' id='word_1_60' title='bbox 123 2194 172 2279; x_wconf 85' lang='lat' dir='ltr'>iiij</span> <span class='ocrx_word' id='word_1_61' title='bbox 189 2197 296 2262; x_wconf 85' lang='lat' dir='ltr'>Pouse</span> <span class='ocrx_word' id='word_1_62' title='bbox 311 2193 480 2261; x_wconf 88' lang='lat' dir='ltr'>constituti</span> <span class='ocrx_word' id='word_1_63' title='bbox 507 2195 541 2260; x_wconf 94' lang='lat' dir='ltr'>in</span> <span class='ocrx_word' id='word_1_64' title='bbox 567 2203 679 2262; x_wconf 87' lang='lat' dir='ltr'>nostra</span> <span class='ocrx_word' id='word_1_65' title='bbox 704 2196 890 2281; x_wconf 88' lang='lat' dir='ltr'>presencia,</span> <span class='ocrx_word' id='word_1_66' title='bbox 921 2214 988 2262; x_wconf 84' lang='lat' dir='ltr'>una</span> <span class='ocrx_word' id='word_1_67' title='bbox 1014 2213 1087 2261; x_wconf 89' lang='lat' dir='ltr'>cum</span> <span class='ocrx_word' id='word_1_68' title='bbox 1119 2193 1243 2261; x_wconf 79' lang='lat' dir='ltr'>Curiali</span> 
     </span>
     <span class='ocr_line' id='line_1_12' title="bbox 124 2301 1241 2389; baseline 0.001 -22"><span class='ocrx_word' id='word_1_69' title='bbox 124 2301 237 2369; x_wconf 79' lang='lat' dir='ltr'>Gemite</span> <span class='ocrx_word' id='word_1_70' title='bbox 252 2302 375 2389; x_wconf 84' lang='lat' dir='ltr'>Moysis</span> <span class='ocrx_word' id='word_1_71' title='bbox 391 2301 535 2368; x_wconf 86' lang='lat' dir='ltr'>Palatini</span> <span class='ocrx_word' id='word_1_72' title='bbox 551 2301 687 2368; x_wconf 79' lang='lat' dir='ltr'>Comitis</span> <span class='ocrx_word' id='word_1_73' title='bbox 704 2303 832 2370; x_wconf 92' lang='lat' dir='ltr'>nomine</span> <span class='ocrx_word' id='word_1_74' title='bbox 848 2303 966 2388; x_wconf 77' lang='lat' dir='ltr'>Boura,</span> <span class='ocrx_word' id='word_1_75' title='bbox 992 2301 1145 2370; x_wconf 81' lang='lat' dir='ltr'>dixerunt</span> <span class='ocrx_word' id='word_1_76' title='bbox 1174 2308 1241 2369; x_wconf 86' lang='lat' dir='ltr'>ter·</span> 
     </span>
    </p>
   </div>
   <div class='ocr_carea' id='block_1_4' title="bbox 30 2407 1250 2495">
    <p class='ocr_par' dir='ltr' id='par_1_5' title="bbox 30 2407 1250 2495">
     <span class='ocr_line' id='line_1_13' title="bbox 30 2407 1250 2495; baseline 0 -19"><span class='ocrx_word' id='word_1_77' title='bbox 30 2471 31 2488; x_wconf 63' lang='grc'>,</span> <span class='ocrx_word' id='word_1_78' title='bbox 123 2431 182 2476; x_wconf 87' lang='lat' dir='ltr'>ram</span> <span class='ocrx_word' id='word_1_79' title='bbox 197 2431 289 2478; x_wconf 85' lang='lat' dir='ltr'>snam</span> <span class='ocrx_word' id='word_1_80' title='bbox 305 2408 463 2476; x_wconf 80' lang='lat' dir='ltr'>arabilem</span> <span class='ocrx_word' id='word_1_81' title='bbox 480 2409 622 2476; x_wconf 81' lang='lat' dir='ltr'>docilia</span> <span class='ocrx_word' id='word_1_82' title='bbox 647 2407 733 2495; x_wconf 80' lang='lat' dir='ltr'>Ygol</span> <span class='ocrx_word' id='word_1_83' title='bbox 757 2411 975 2478; x_wconf 85' lang='lat' dir='ltr'>continentem</span> <span class='ocrx_word' id='word_1_84' title='bbox 1007 2407 1087 2477; x_wconf 78' lang='lat' dir='ltr'>cun</span> <span class='ocrx_word' id='word_1_85' title='bbox 1123 2410 1250 2493; x_wconf 82' lang='lat' dir='ltr'>iugera</span> 
     </span>
    </p>
   </div>
   <div class='ocr_carea' id='block_1_5' title="bbox 30 2513 1248 2604">
    <p class='ocr_par' dir='ltr' id='par_1_6' title="bbox 30 2513 1248 2604">
     <span class='ocr_line' id='line_1_14' title="bbox 30 2513 1248 2604; baseline 0.004 -24"><span class='ocrx_word' id='word_1_86' title='bbox 30 2513 31 2564; x_wconf 60' lang='grc' dir='ltr'>ἐ</span> <span class='ocrx_word' id='word_1_87' title='bbox 124 2517 288 2586; x_wconf 82' lang='lat' dir='ltr'>habentem</span> <span class='ocrx_word' id='word_1_88' title='bbox 304 2516 425 2582; x_wconf 87' lang='lat' dir='ltr'>siluam</span> <span class='ocrx_word' id='word_1_89' title='bbox 442 2516 477 2580; x_wconf 93' lang='lat' dir='ltr'>in</span> <span class='ocrx_word' id='word_1_90' title='bbox 495 2513 733 2602; x_wconf 72' lang='lat' dir='ltr'>decursionis,</span> <span class='ocrx_word' id='word_1_91' title='bbox 752 2522 784 2582; x_wconf 87' lang='lat' dir='ltr'>et</span> <span class='ocrx_word' id='word_1_92' title='bbox 800 2515 941 2584; x_wconf 81' lang='lat' dir='ltr'>sonetum</span> <span class='ocrx_word' id='word_1_93' title='bbox 959 2515 993 2582; x_wconf 91' lang='lat' dir='ltr'>in</span> <span class='ocrx_word' id='word_1_94' title='bbox 1008 2517 1145 2584; x_wconf 87' lang='lat' dir='ltr'>totidem</span> <span class='ocrx_word' id='word_1_95' title='bbox 1155 2519 1248 2604; x_wconf 84' lang='lat' dir='ltr'>locis,</span> 
     </span>
    </p>
   </div>
   <div class='ocr_carea' id='block_1_6' title="bbox 124 2615 1247 2710">
    <p class='ocr_par' dir='ltr' id='par_1_7' title="bbox 124 2615 1247 2710">
     <span class='ocr_line' id='line_1_15' title="bbox 124 2615 1247 2710; baseline 0.002 -20"><span class='ocrx_word' id='word_1_96' title='bbox 124 2631 350 2706; x_wconf 88' lang='lat' dir='ltr'>prememorato</span> <span class='ocrx_word' id='word_1_97' title='bbox 365 2624 518 2692; x_wconf 84' lang='lat' dir='ltr'>Palatino</span> <span class='ocrx_word' id='word_1_98' title='bbox 538 2620 663 2689; x_wconf 82' lang='lat' dir='ltr'>Comiti</span> <span class='ocrx_word' id='word_1_99' title='bbox 680 2642 740 2707; x_wconf 91' lang='lat' dir='ltr'>pro</span> <span class='ocrx_word' id='word_1_100' title='bbox 755 2623 822 2690; x_wconf 86' lang='lat' dir='ltr'>XII</span> <span class='ocrx_word' id='word_1_101' title='bbox 839 2624 957 2692; x_wconf 86' lang='lat' dir='ltr'>marcis</span> <span class='ocrx_word' id='word_1_102' title='bbox 983 2627 1111 2710; x_wconf 80' lang='lat' dir='ltr'>argenti</span> <span class='ocrx_word' id='word_1_103' title='bbox 1136 2615 1247 2694; x_wconf 81' lang='lat' dir='ltr'>nendi·</span> 
     </span>
    </p>
   </div>
   <div class='ocr_carea' id='block_1_7' title="bbox 30 2730 1252 3338">
    <p class='ocr_par' dir='ltr' id='par_1_8' title="bbox 30 2730 1252 3338">
     <span class='ocr_line' id='line_1_16' title="bbox 125 2730 1252 2822; baseline 0.007 -26"><span class='ocrx_word' id='word_1_104' title='bbox 125 2730 214 2822; x_wconf 87' lang='lat' dir='ltr'>disse,</span> <span class='ocrx_word' id='word_1_105' title='bbox 228 2735 437 2820; x_wconf 86' lang='lat' dir='ltr'>preciumque</span> <span class='ocrx_word' id='word_1_106' title='bbox 453 2731 656 2800; x_wconf 89' lang='lat' dir='ltr'>uendicionis</span> <span class='ocrx_word' id='word_1_107' title='bbox 673 2750 731 2798; x_wconf 89' lang='lat' dir='ltr'>sue</span> <span class='ocrx_word' id='word_1_108' title='bbox 748 2731 819 2799; x_wconf 87' lang='lat' dir='ltr'>sins</span> <span class='ocrx_word' id='word_1_109' title='bbox 834 2732 920 2798; x_wconf 93' lang='lat' dir='ltr'>omni</span> <span class='ocrx_word' id='word_1_110' title='bbox 931 2731 1150 2804; x_wconf 86' lang='lat' dir='ltr'>diminucione</span> <span class='ocrx_word' id='word_1_111' title='bbox 1161 2754 1252 2804; x_wconf 82' lang='lat' dir='ltr'>rece·</span> 
     </span>
     <span class='ocr_line' id='line_1_17' title="bbox 126 2837 1249 2927; baseline 0.002 -21"><span class='ocrx_word' id='word_1_112' title='bbox 126 2839 215 2921; x_wconf 88' lang='lat' dir='ltr'>pisse.</span> <span class='ocrx_word' id='word_1_113' title='bbox 237 2839 332 2906; x_wconf 86' lang='lat' dir='ltr'>Vnde</span> <span class='ocrx_word' id='word_1_114' title='bbox 347 2837 434 2906; x_wconf 89' lang='lat' dir='ltr'>idem</span> <span class='ocrx_word' id='word_1_115' title='bbox 451 2845 647 2906; x_wconf 79' lang='lat' dir='ltr'>memoratus</span> <span class='ocrx_word' id='word_1_116' title='bbox 663 2837 835 2906; x_wconf 81' lang='lat' dir='ltr'>Palatinus</span> <span class='ocrx_word' id='word_1_117' title='bbox 850 2839 973 2926; x_wconf 88' lang='lat' dir='ltr'>petiuit</span> <span class='ocrx_word' id='word_1_118' title='bbox 989 2859 1010 2905; x_wconf 86' lang='lat' dir='ltr'>a</span> <span class='ocrx_word' id='word_1_119' title='bbox 1026 2841 1134 2927; x_wconf 85' lang='lat' dir='ltr'>nobis,</span> <span class='ocrx_word' id='word_1_120' title='bbox 1161 2841 1249 2926; x_wconf 89' lang='lat' dir='ltr'>quod</span> 
     </span>
     <span class='ocr_line' id='line_1_18' title="bbox 30 2945 1252 3042; baseline 0.004 -31"><span class='ocrx_word' id='word_1_121' title='bbox 30 2949 31 3042; x_wconf 43' lang='grc' dir='ltr'><em>ᾗ</em></span> <span class='ocrx_word' id='word_1_122' title='bbox 123 2947 236 3014; x_wconf 83' lang='lat' dir='ltr'>dictam</span> <span class='ocrx_word' id='word_1_123' title='bbox 253 2949 456 3032; x_wconf 85' lang='lat' dir='ltr'>empcionem</span> <span class='ocrx_word' id='word_1_124' title='bbox 472 2965 576 3030; x_wconf 86' lang='lat' dir='ltr'>suam,</span> <span class='ocrx_word' id='word_1_125' title='bbox 604 2965 646 3012; x_wconf 89' lang='lat' dir='ltr'>ns</span> <span class='ocrx_word' id='word_1_126' title='bbox 672 2945 830 3013; x_wconf 91' lang='lat' dir='ltr'>obliuioni</span> <span class='ocrx_word' id='word_1_127' title='bbox 862 2947 1099 3034; x_wconf 76' lang='lat' dir='ltr'>succumberet,</span> <span class='ocrx_word' id='word_1_128' title='bbox 1129 2949 1252 3016; x_wconf 90' lang='lat' dir='ltr'>nostris</span> 
     </span>
     <span class='ocr_line' id='line_1_19' title="bbox 125 3052 1249 3141; baseline 0.004 -23"><span class='ocrx_word' id='word_1_129' title='bbox 125 3054 392 3141; x_wconf 81' lang='lat' dir='ltr'>interponeremus</span> <span class='ocrx_word' id='word_1_130' title='bbox 423 3053 542 3120; x_wconf 87' lang='lat' dir='ltr'>litteris</span> <span class='ocrx_word' id='word_1_131' title='bbox 551 3052 839 3132; x_wconf 75' lang='lat' dir='ltr'>testimonialibus.</span> <span class='ocrx_word' id='word_1_132' title='bbox 879 3053 1035 3122; x_wconf 74' lang='lat' dir='ltr'>Ecclesia</span> <span class='ocrx_word' id='word_1_133' title='bbox 1052 3063 1165 3121; x_wconf 87' lang='lat' dir='ltr'>nostre</span> <span class='ocrx_word' id='word_1_134' title='bbox 1191 3052 1249 3124; x_wconf 83' lang='lat' dir='ltr'>Go-</span> 
     </span>
     <span class='ocr_line' id='line_1_20' title="bbox 30 3151 1250 3250; baseline -0.002 -18"><span class='ocrx_word' id='word_1_135' title='bbox 30 3151 31 3232; x_wconf 60' lang='grc' dir='ltr'>ξ</span> <span class='ocrx_word' id='word_1_136' title='bbox 126 3159 212 3228; x_wconf 88' lang='lat' dir='ltr'>rardo</span> <span class='ocrx_word' id='word_1_137' title='bbox 227 3163 407 3249; x_wconf 71' lang='lat' dir='ltr'>Proposito,</span> <span class='ocrx_word' id='word_1_138' title='bbox 437 3159 607 3229; x_wconf 75' lang='lat' dir='ltr'>Feliciuuo</span> <span class='ocrx_word' id='word_1_139' title='bbox 622 3199 667 3212; x_wconf 92' lang='lat'><em>-</em></span> <span class='ocrx_word' id='word_1_140' title='bbox 686 3195 739 3248; x_wconf 88' lang='lat'>-‚</span> <span class='ocrx_word' id='word_1_141' title='bbox 775 3161 872 3250; x_wconf 78' lang='lat' dir='ltr'>Myce</span> <span class='ocrx_word' id='word_1_142' title='bbox 888 3161 1038 3244; x_wconf 79' lang='lat' dir='ltr'>Custode,</span> <span class='ocrx_word' id='word_1_143' title='bbox 1068 3161 1250 3230; x_wconf 86' lang='lat' dir='ltr'>Laurencio</span> 
     </span>
     <span class='ocr_line' id='line_1_21' title="bbox 30 3263 492 3338; baseline 0.009 -4"><span class='ocrx_word' id='word_1_144' title='bbox 30 3263 32 3334; x_wconf 76' lang='grc' dir='ltr'>ζ</span> <span class='ocrx_word' id='word_1_145' title='bbox 126 3269 249 3338; x_wconf 82' lang='lat' dir='ltr'>Decano</span> <span class='ocrx_word' id='word_1_146' title='bbox 266 3269 492 3338; x_wconf 82' lang='lat' dir='ltr'>existentibus.</span> 
     </span>
    </p>
   </div>
   <div class='ocr_carea' id='block_1_8' title="bbox 30 3453 1248 3539">
    <p class='ocr_par' dir='ltr' id='par_1_9' title="bbox 30 3453 1248 3539">
     <span class='ocr_line' id='line_1_22' title="bbox 30 3453 1248 3539; baseline 0 -22"><span class='ocrx_word' id='word_1_147' title='bbox 30 3453 32 3488; x_wconf 67' lang='lat'><em>3</em></span> <span class='ocrx_word' id='word_1_148' title='bbox 129 3467 460 3539; x_wconf 21' lang='lat' dir='ltr'>(Eredetiexburhtrtyim</span> <span class='ocrx_word' id='word_1_149' title='bbox 480 3466 609 3531; x_wconf 78' lang='lat' dir='ltr'>spernet</span> <span class='ocrx_word' id='word_1_150' title='bbox 627 3469 768 3530; x_wconf 83' lang='lat' dir='ltr'>elveszett,</span> <span class='ocrx_word' id='word_1_151' title='bbox 788 3467 907 3520; x_wconf 86' lang='lat' dir='ltr'>abudai</span> <span class='ocrx_word' id='word_1_152' title='bbox 931 3468 982 3519; x_wconf 85' lang='lat' dir='ltr'>kir.</span> <span class='ocrx_word' id='word_1_153' title='bbox 1004 3467 1132 3519; x_wconf 83' lang='lat' dir='ltr'>kamarai</span> <span class='ocrx_word' id='word_1_154' title='bbox 1162 3467 1248 3518; x_wconf 74' lang='lat' dir='ltr'>level·</span> 
     </span>
    </p>
   </div>
   <div class='ocr_carea' id='block_1_9' title="bbox 623 3559 745 3622">
    <p class='ocr_par' dir='ltr' id='par_1_10' title="bbox 623 3559 745 3622">
     <span class='ocr_line' id='line_1_23' title="bbox 623 3559 745 3622; baseline 0.016 -14"><span class='ocrx_word' id='word_1_155' title='bbox 623 3559 745 3622; x_wconf 71' lang='lat' dir='ltr'>tarban.)</span> 
     </span>
    </p>
   </div>
   <div class='ocr_carea' id='block_1_10' title="bbox 0 0 1560 5132">
    <p class='ocr_par' dir='ltr' id='par_1_11' title="bbox 0 0 1560 5132">
     <span class='ocr_line' id='line_1_24' title="bbox 0 0 1560 5132; baseline 0 0"><span class='ocrx_word' id='word_1_156' title='bbox 0 0 1560 5132; x_wconf 95' lang='lat' dir='ltr'> </span> 
     </span>
    </p>
   </div>
  </div>
 </body>
</html>
