3078 5128
830 267 988 380 ms-

349 459 423 560 Apn
460 457 667 562 agasonum,
706 473 822 561 Bagyn
860 475 1091 544 Pinccmarmn
1122 457 1298 565 Magistrin
1331 483 1364 546 et
1394 455 1471 566 nlijs

346 600 444 668 quam
483 582 630 670 pluribus
667 582 848 652 comitatos
882 583 1090 670 tenentibne;
1123 585 1229 671 Regni
1252 587 1358 655 nostri
1385 604 1471 654 anno

345 687 520 758 tricesimo.

451 889 591 952 (lis-edetis
610 889 794 958 bornsmytn,
814 908 831 945 a
849 891 934 946 nodat
953 895 1006 947 hir.
1025 893 1154 947 knmsrsi
1173 891 1370 960 lereltfirbnn.)

777 1177 1045 1192 m—

877 1611 953 1680 ltt.

350 1797 396 1878 ΙΙ.
412 1805 522 1879 Eorta
537 1809 716 1898 icirdlynck
731 1811 929 1880 rormtttrort
953 1811 1163 1879 aetadatma
1187 1835 1209 1877 o
1234 1811 1476 1898 portnonholms'

701 1924 842 2007 epernay
858 1923 1019 1988 ssdmdra.
1034 1919 1129 1986 1233.

458 2115 495 2182 Io
534 2115 665 2182 nominc
694 2114 815 2182 Sancte
847 2113 1018 2182 Trinitatis
1048 2119 1080 2180 et
1110 2111 1284 2182 Indiuidua
1321 2113 1475 2182 Unitstis.

347 2221 497 2290 Andreas
513 2220 676 2291 secundus
691 2221 752 2287 Dei
769 2223 884 2306 gracia
915 2221 1095 2307 Huogaric,
1126 2219 1303 2310 Dalmatio,
1335 2222 1475 2306 Oroatis,

348 2329 474 2418 Seruio,
490 2331 602 2417 Rame,
618 2329 811 2396 Lodomerio
827 2333 907 2418 lter,
924 2330 1005 2397 uiris
1036 2328 1199 2415 religiosis
1216 2380 1223 2396 .
1241 2380 1249 2395 .
1267 2329 1415 2397 ,Abbati
1444 2338 1476 2394 at

353 2435 534 2522 Oonnemuj
550 2437 742 2522 Monosterij
760 2437 873 2504 Sancti
888 2435 1020 2523 Martinj
1039 2436 1080 2506 da
1095 2435 1198 2504 Sacro
1213 2437 1324 2504 Monte
1349 2439 1477 2504 Panno·
1536 2495 1537 2500 ,

350 2543 414 2632 nie,
431 2552 465 2611 et
481 2563 591 2611 eorum
608 2545 852 2613 successoribus
869 2546 902 2611 in
918 2551 1123 2630 perpetuum.
1163 2545 1226 2611 Per
1242 2563 1381 2630 presens
1400 2545 1476 2612 scri·

351 2657 441 2738 ptum
457 2653 584 2718 cunctis
600 2671 686 2719 nune
702 2661 735 2719 et
749 2653 782 2720 in
799 2659 961 2738 posterum
978 2651 1116 2720 iacimus
1132 2649 1352 2740 manifestum,
1385 2652 1475 2737 qood

350 2757 465 2826 inclite
480 2759 713 2826 recordationis
729 2757 881 2826 dominos
896 2759 978 2825 Beln
992 2765 1087 2846 pater
1110 2770 1221 2826 noster
1250 2757 1474 2828 misericordie
1535 2827 1536 2832 ,

350 2873 551 2950 prouocatus
565 2865 696 2956 affectu,
713 2873 779 2933 tres
793 2885 895 2933 naues
912 2865 1062 2935 soliferss
1079 2865 1200 2934 liberas
1216 2866 1352 2934 eontulit
1368 2867 1475 2936 arien-

351 2974 580 3042 stentntioncm
595 2973 733 3040 fratrom
749 2971 869 3041 ibidem
899 2975 970 3040 Deo
1002 2973 1230 3058 seruientium
1255 2991 1296 3041 eo
1325 2971 1480 3044 uidelicet

353 3081 506 3150 libertate
520 3080 759 3172 priuilegistas‚
775 3091 811 3149 ut
827 3082 869 3148 ab
885 3079 956 3168 ipso
982 3079 1173 3150 salisiodine
1198 3081 1270 3149 loeo
1300 3099 1405 3164 usque
1436 3082 1480 3150 ad

351 3191 419 3260 inm
434 3187 559 3258 dictum
575 3197 714 3258 montem
731 3190 913 3277 Pannonis,
929 3198 995 3258 tam
1011 3208 1069 3275 per
1084 3209 1205 3273 aquam
1221 3207 1322 3274 qoam
1336 3209 1398 3276 per
1418 3195 1480 3258 ter·

354 3319 425 3366 ram
439 3317 534 3365 nemo
551 3296 592 3365 de
608 3298 732 3367 salibus
748 3296 783 3364 in
799 3297 866 3366 illis
884 3297 987 3365 tribus
1002 3297 1144 3364 nauibus
1174 3295 1294 3365 delatis
1323 3295 1480 3365 tributam

350 3405 492 3493 exigere,
505 3405 562 3470 vel
577 3403 689 3490 aliqua
703 3405 772 3472 alia
788 3405 985 3492 demonifica
1000 3405 1170 3472 exactione
1184 3405 1307 3473 audent
1332 3423 1389 3472 eos
1420 3405 1481 3472 im·

351 3513 484 3600 pedir03
507 3519 540 3578 et
556 3531 615 3579 nos
632 3511 846 3597 postmodum,
878 3533 1012 3596 quorum
1028 3511 1166 3580 interest
1188 3533 1254 3580 non
1284 3511 1389 3579 solnm
1420 3532 1479 3598 pa·

350 3631 442 3704 terne
457 3618 661 3704 hereditatis,
679 3619 736 3688 seri
754 3623 851 3688 otiam
868 3639 940 3688 esse
958 3619 1216 3688 Christianitatis
1232 3617 1381 3706 heredes,
1406 3641 1481 3689 ean·

350 3727 425 3797 dem
441 3727 675 3796 helemosinnm
691 3749 712 3795 a
728 3737 822 3815 patre
839 3735 948 3796 nostro
965 3727 1118 3795 collatam
1146 3726 1251 3796 eidem
1276 3728 1481 3796 Monaeterio

349 3838 412 3905 sub
426 3835 539 3904 eodem
555 3836 719 3904 libertatis
735 3844 845 3903 tenore
861 3843 1017 3926 perpetuo
1034 3837 1308 3906 eonfirmaoimos.
1341 3835 1386 3902 Et
1400 3837 1483 3922 quis

349 3947 383 4014 in
399 3944 475 4034 ipso
490 3946 562 4013 ioco
577 3944 769 4012 satistodina
785 3967 806 4031 p
824 3945 965 4012 edictum
982 3945 1214 4012 Monnsterinm
1232 3943 1327 4013 Beati
1343 3946 1480 4033 Martinj

349 4055 457 4122 minos
471 4053 573 4120 lrbere
589 4060 801 4120 consueuerat
817 4053 981 4138 predictos
996 4053 1085 4120 sales
1100 4055 1262 4140 accipere,
1288 4058 1321 4120 et
1350 4070 1373 4119 a
1403 4054 1484 4120 ssli-

349 4161 524 4246 Iodioarijs
540 4161 591 4229 rel
607 4161 682 4228 aliis
698 4179 795 4247 snper
811 4162 891 4246 ipsis
908 4161 1032 4230 salibus
1064 4161 1267 4229 multimodis
1298 4161 1484 4230 exactioni·

349 4271 410 4354 bus
426 4268 569 4358 fatigari,
586 4289 624 4337 oo
640 4267 724 4354 quod
740 4269 875 4336 libertas
892 4270 966 4356 ipsa
981 4269 1178 4338 Monasterio
1195 4278 1305 4340 oestro
1322 4289 1483 4339 concosss

349 4377 385 4446 in
401 4376 571 4464 priuilegio
586 4378 691 4463 patris
708 4380 808 4463 nostrj
826 4380 934 4444 minos
951 4377 1097 4462 plenarie
1114 4383 1185 4445 erat
1215 4396 1372 4464 expressa
1397 4403 1405 4442 r
1439 4377 1485 4446 de

349 4492 461 4554 nostra
475 4483 649 4569 largitione
665 4481 768 4551 cidem
786 4484 983 4552 Monosterio
1000 4485 1239 4574 expressiorem
1256 4485 1484 4554 concessimus

348 4591 530 4668 libertatem
547 4617 555 4658 :
573 4598 607 4658 vt
622 4589 767 4680 predicte
783 4611 885 4660 ocoes
900 4589 1011 4662 Sancti
1027 4575 1158 4684 Martinj
1176 4611 1235 4682 per
1266 4593 1378 4664 omnic
1402 4611 1482 4668 mm
1531 4685 1532 4700 χ
