3078 5128
601 929 676 997 208.

84 1135 184 1199 lutecia
198 1132 330 1220 acipruibc'
343 1131 468 1217 pilepdk
484 1151 568 1195 caere
576 1129 703 1215 fejdberr
720 1130 867 1214 dteopedi
895 1151 932 1192 az
958 1133 1057 1193 ottoni
1082 1132 1195 1214 lodpto·

198 1237 315 1304 lcnuok
337 1237 491 1325 Topic'eeu
516 1237 641 1302 Vurcad
656 1236 790 1304 urcllettr'
806 1235 967 1322 belysdyet.
986 1237 1081 1304 1237.

183 1435 364 1520 Stephanus
382 1433 442 1500 Dei
458 1435 572 1520 gracia
587 1432 767 1518 Episcopus
784 1433 1014 1515 Zagrubiensis
1041 1431 1199 1499 universis

88 1544 202 1609 litteras
217 1549 384 1630 presentes
400 1541 594 1626 inspecturis
611 1541 749 1608 salutem
766 1540 798 1605 in
817 1540 966 1606 Domine.
982 1539 1087 1618 Quum
1104 1539 1195 1606 resti-

86 1658 337 1736 tueruusurpata
357 1671 395 1717 ac
421 1650 508 1717 nolle
533 1649 762 1734 concupiscere
788 1650 897 1715 aliena
918 1649 1003 1733 juris
1025 1648 1197 1734 persuadet

86 1758 198 1840 equitas
213 1766 245 1825 et
261 1757 342 1824 ordo
358 1760 520 1844 approbat
534 1757 691 1823 rationis:
711 1776 769 1822 nos
795 1755 1091 1842 conquestionibus,
1117 1755 1196 1838 peti-

86 1866 214 1933 cionibus
230 1873 262 1932 et
279 1865 432 1952 precibus
446 1871 628 1932 nostrorum
644 1865 780 1932 fratrum
797 1864 1064 1953 Zagrubiensium
1081 1863 1193 1949 sepius

87 1975 264 2058 commoniti,
283 1973 374 2040 etad
391 1973 536 2040 ultimum
554 1972 714 2059 inclinati,
731 1972 972 2040 considerantes
998 1971 1193 2054 diligencius

87 2087 113 2144 et
126 2080 337 2165 intelligentes
353 2081 481 2166 plenius
506 2080 646 2163 quedam
673 2080 745 2147 iura
770 2080 912 2164 ipsorum
940 2099 996 2164 per
1022 2079 1192 2162 predeces-

88 2197 209 2256 soreset
233 2187 391 2256 officiales
415 2195 544 2256 nostros
570 2187 690 2255 iniuste
717 2187 850 2255 detenta
878 2206 958 2270 esse,
987 2185 1069 2252 sicut
1094 2185 1189 2253 nobis

88 2295 169 2362 buius
184 2298 229 2362 rei
246 2295 393 2362 constitit
403 2296 562 2364 certitudo
589 2297 730 2381 ipsorum
745 2296 847 2363 variis
863 2301 896 2362 et
913 2293 1031 2362 validis
1048 2293 1192 2378 probaui-

19 2439 20 2494 1
89 2405 199 2492 onibus,
224 2413 292 2472 tum
319 2425 360 2471 ex
385 2405 565 2492 privilegiis
581 2407 705 2490 Regum
731 2413 798 2472 turn
827 2428 865 2472 ox
892 2405 1193 2472 corrirmccionibus

19 2509 20 2518 ’
89 2510 260 2602 Pontificum
281 2515 499 2581 Romanorum
536 2516 578 2581 ab
603 2515 650 2581 eis
675 2515 770 2582 nobis
805 2513 956 2581 exhibitis
993 2520 1023 2580 et
1049 2513 1196 2598 ostensis,

89 2621 268 2690 restituimus
287 2623 335 2688 eis
361 2643 421 2690 sua
445 2623 526 2700 iura,
553 2642 624 2688 cum
650 2622 714 2688 iam
741 2623 799 2688 illa
824 2613 894 2688 sine
920 2623 1064 2706 periculo
1090 2622 1197 2688 anime

20 2749 22 2828 ξ
89 2735 180 2795 nostre
220 2729 388 2813 possidere
424 2729 556 2797 ulterius
591 2750 654 2796 non
689 2749 869 2816 possemus,
909 2730 1008 2797 nichil
1047 2729 1195 2814 deperire

20 2835 22 2898 ἶ
90 2833 266 2902 utilitatibus
293 2836 487 2904 arbitrantes
517 2837 759 2918 ecclesiasticis,
784 2837 877 2903 iuxta
904 2839 1077 2904 canonicas
1104 2855 1196 2902 sunc-

92 2940 193 3030 tiones,
209 2944 237 3009 si
260 2964 324 3028 qne
350 2951 424 3010 sunt
449 2945 558 3011 aliena
583 2945 802 3032 redderentur,
828 2947 969 3012 nranime
994 2965 1064 3011 cum
1090 2945 1200 3012 omnia

21 3073 22 3110 r
91 3048 140 3114 illa
153 3053 219 3117 sine
235 3055 350 3137 aliqua
368 3053 487 3120 lesione
504 3053 583 3120 iuris
600 3055 651 3120 vel
669 3054 840 3138 dignitatis
858 3054 1050 3140 episcopalis
1068 3053 1191 3118 restitui

21 3199 23 3240 ᾗ
91 3166 253 3249 potuerunt,
280 3163 377 3227 inmro
403 3162 478 3245 quic
503 3163 544 3228 de
569 3162 639 3229 iure
664 3161 854 3230 debuerunt.
905 3162 1058 3248 Inprimis
1083 3161 1192 3242 itaque

22 3255 23 3260 ’
94 3266 275 3335 restituimus
309 3268 357 3334 eis
384 3275 501 3335 terram
527 3269 596 3335 sive
624 3268 772 3354 predium
798 3270 959 3355 'Poplicbe
983 3269 1196 3352 integraliter,

22 3457 23 3472 χ
92 3375 220 3451 quodeis
247 3377 399 3443 collatum
424 3379 532 3444 fuerat
548 3379 590 3444 ab
606 3379 752 3464 antiquo,
785 3379 826 3444 ud
852 3399 910 3444 nos
937 3387 1045 3444 arrtem
1071 3377 1197 3440 nouiter

22 3495 24 3565 i
91 3497 136 3560 pru
176 3483 316 3567 quodam
351 3505 452 3570 parvo
486 3485 673 3552 concambio
711 3486 908 3565 devolutum,
944 3487 976 3551 in
1012 3506 1074 3569 quo
1110 3485 1196 3550 ultra

93 3588 241 3658 dimidiam
258 3593 335 3658 iusti
352 3593 458 3676 precii
474 3613 509 3659 se
526 3594 678 3677 deceptos
695 3602 879 3660 asserentes
899 3601 931 3659 et
947 3593 1069 3679 pariter
1095 3599 1199 3658 osten·

23 3695 25 3786 ζ
94 3696 200 3787 dentes,
236 3700 324 3766 idem
358 3700 582 3768 concambium
620 3701 713 3768 nobis
749 3703 782 3768 in
818 3703 997 3768 continenti
1032 3702 1200 3768 restituere

23 3795 25 3812 '
92 3815 276 3875 curaverunt.
311 3807 374 3875 Pro
410 3809 500 3893 Vgra
533 3816 641 3877 autem
672 3818 704 3877 et
728 3809 853 3896 Zelina,
881 3811 957 3895 quia
986 3816 1018 3876 et
1044 3809 1108 3876 ista
1133 3805 1197 3874 duo

94 3914 190 3994 predia
215 3915 262 3982 eis
288 3915 492 3983 restituenda
518 3923 619 4002 erunt,
645 3918 731 3984 sicut
757 3937 796 3984 ex
822 3917 1001 4002 privilegiis
1016 3918 1140 3998 Regum
1166 3923 1199 3982 et

91 4022 373 4091 confirmacionibus
392 4025 610 4092 &manorum
626 4025 817 4093 Pontificum
839 4025 960 4092 Vrbani
987 4033 1018 4092 ct
1045 4023 1195 4108 Gregorii

91 4123 342 4216 demonstrarunt,
355 4132 448 4199 nobis
463 4139 571 4200 autem
589 4133 687 4201 valde
704 4135 891 4200 necessaria
917 4146 1020 4220 erant,
1048 4132 1196 4198 dedimus

91 4235 126 4302 eis
139 4239 370 4328 concambium,
391 4239 542 4308 videlicet
561 4243 732 4327 :predium
750 4241 838 4326 quod
863 4249 996 4309 vocatur
1022 4241 1193 4324 l’odgoria.

91 4359 146 4410 cum
169 4346 316 4414 omnibus
351 4349 419 4416 suis
453 4348 609 4435 decimis;
638 4359 671 4417 et
705 4350 788 4418 duas
823 4349 925 4418 eciam
956 4349 1078 4416 insulas
1105 4350 1196 4416 iuxta

92 4448 201 4520 Sauum
217 4455 307 4542 sitas,
323 4477 405 4540 quas
420 4457 509 4525 Buza
525 4467 558 4526 ct
574 4458 727 4526 Albertus
745 4479 785 4526 cx
803 4464 897 4544 parte
915 4465 1026 4525 nostra
1049 4456 1194 4544 possido-

90 4555 173 4644 taut3
201 4561 279 4632 item
290 4583 390 4650 anrm
406 4571 593 4634 antecessor
602 4575 713 4635 noster
728 4568 812 4634 bone
830 4567 991 4654 memorie,
1008 4565 1195 4652 Stephanus
