3120 5148
873 174 1032 270 Α

391 359 426 424 in
442 361 582 450 propriis
599 367 690 447 equis
705 373 737 434 et
753 366 934 454 sumptibus
950 367 1012 453 ipsi
1030 375 1062 435 et
1076 367 1214 438 hmedes
1224 373 1395 440 cornmire
1410 382 1513 442 tenen·-

385 479 457 554 tur3
476 480 509 537 et
524 475 552 538 si
577 472 964 561 transbumbranam
988 475 1108 543 iudicio
1133 477 1357 546 subiacebunt.
1384 477 1507 565 Insuper.

387 583 456 642 tam
473 589 657 650 castrenses
673 603 770 668 quam
786 585 844 650 alii
860 605 971 652 omnes
986 585 1133 652 homines
1148 594 1234 654 terre
1253 587 1341 654 illius
1352 587 1505 653 cuiuscun-

393 703 458 768 que
475 689 674 756 condicionis
688 691 821 779 fuerint,
833 693 868 758 in
884 692 999 759 eadem
1013 699 1100 760 terra
1114 703 1295 782 manentes,
1310 713 1435 781 porcos,
1458 697 1504 781 qui

385 791 430 858 ad
446 795 496 862 ius
512 798 611 881 Regis
626 805 776 882 spectare
791 800 949 884 solebant,
968 801 1165 868 Monastcrio
1183 787 1319 888 Toplice
1344 805 1379 868 in
1404 824 1500 889 perpe

395 915 484 972 tuum
502 907 625 989 absque
651 905 910 975 contradiocioue
934 909 1046 991 aliqua
1070 909 1134 996 ipsi
1159 921 1191 978 et
1215 910 1353 978 heredes
1377 911 1501 977 solvant

384 1022 425 1088 In
435 1015 503 1082 foro
513 1015 769 1102 Templariorum
786 1017 827 1082 de
843 1017 947 1082 Gerra
962 1017 1082 1083 habent
1097 1020 1214 1084 fratres
1230 1018 1333 1084 nostri
1349 1019 1390 1084 de
1404 1019 1495 1102 Topli·

396 1147 436 1194 ca
451 1125 658 1192 medietatem
674 1124 794 1206 tributi,
811 1131 923 1208 preter
938 1125 1043 1209 pisces
1061 1133 1092 1190 et
1107 1143 1243 1209 peccora
1259 1133 1292 1190 et
1306 1125 1438 1209 primum
1453 1124 1498 1188 de-

393 1235 531 1302 narium.
548 1233 652 1319 Super
668 1234 729 1299 hac
745 1232 924 1298 donacioue
940 1240 1052 1298 nostra
1067 1233 1200 1299 tandem
1218 1233 1395 1316 pristaldos
1405 1240 1496 1298 noster

394 1343 456 1410 fuit
472 1341 589 1427 Herch,
609 1343 706 1414 frater
721 1340 861 1406 Rolsndi
880 1348 910 1405 et
927 1340 1012 1406 filius
1028 1340 1207 1427 Bartholdi,
1224 1341 1279 1423 qui
1296 1338 1427 1405 candem
1444 1347 1494 1404 ter·

394 1474 465 1521 ram
481 1447 730 1536 perambulavit,
743 1457 774 1513 et
784 1448 970 1531 supradicte
986 1447 1133 1514 Ecclesia
1149 1448 1304 1514 fratribus
1319 1447 1495 1531 assignarit·

387 1562 426 1628 In
442 1561 504 1626 bac
520 1561 651 1626 tandem
680 1556 872 1624 donacionis
896 1563 1005 1620 nostre
1036 1557 1158 1638 pagina
1190 1555 1344 1622 duximus
1374 1557 1496 1620 inseren-

387 1669 463 1736 dum
482 1693 489 1732 :
507 1665 592 1750 quod
608 1667 635 1732 si
652 1667 723 1748 quis
739 1665 849 1730 Bauus
866 1665 917 1730 vcl
933 1663 1039 1730 Judcx
1055 1664 1107 1728 vel
1124 1663 1263 1746 quilibet
1279 1665 1373 1745 alius,
1388 1685 1425 1730 ex
1440 1682 1495 1746 quo

389 1777 526 1859 primam
544 1773 770 1840 fundationem
787 1771 920 1836 fecimus
936 1771 1133 1849 Monasterio
1148 1769 1346 1856 'Poplieensi
1358 1771 1494 1836 videlicet

387 1884 492 1967 Regni
508 1881 609 1950 nostri
625 1899 712 1946 anno
729 1880 843 1963 primo,
860 1877 982 1961 aliquid
1013 1877 1210 1956 subtraxerit
1243 1879 1432 1944 Monasterio
1457 1876 1496 1942 dc

381 1991 561 2058 elemosina
576 2010 660 2073 mea,
677 2007 773 2070 quam
792 1985 991 2070 supradictis
1007 1985 1160 2050 fratribus
1187 1985 1309 2052 contuli
1334 1993 1366 2052 et
1395 1986 1437 2050 eis
1460 1985 1491 2046 in

377 2100 519 2186 presenti
537 2095 705 2182 privilegio
722 2093 915 2172 confirmavi,
933 2093 1028 2158 liccat
1044 2093 1113 2156 cius
1131 2093 1191 2157 loci
1209 2093 1331 2158 Abbati
1358 2101 1491 2178 repetere

381 2231 447 2274 non
464 2205 665 2272 obstantibus
682 2201 881 2284 quibuslibet
897 2200 1119 2295 instrumentis
1135 2219 1156 2264 a
1172 2199 1267 2266 nobis
1284 2200 1336 2264 rel
1361 2221 1381 2264 a
1403 2198 1492 2281 quoli-

385 2320 440 2384 bet
456 2335 514 2400 per
530 2312 646 2378 falsam
665 2307 903 2390 suggestionem
921 2307 1112 2390 impetratis.
1153 2309 1254 2390 igitur
1278 2309 1387 2374 stabili
1410 2305 1492 2370 firmi-

383 2431 451 2490 tate
467 2419 655 2502 sauctimns,
671 2423 705 2480 ut
725 2414 833 2480 nullus
850 2433 992 2494 uuquam
1019 2413 1103 2476 banc
1127 2421 1235 2479 nostro
1261 2414 1490 2482 constitutionis

382 2530 538 2615 paginam
556 2522 675 2590 audeat
690 2521 876 2604 infringere,
893 2519 943 2583 vel
961 2519 1086 2584 clausu
1118 2523 1291 2587 temerario
1323 2523 1488 2602 contraire;

375 2636 462 2721 quod
473 2634 529 2715 qui
539 2629 779 2718 presumpserit,
790 2628 871 2690 iram
883 2626 1028 2708 Regiam,
1040 2627 1091 2690 rel
1102 2646 1205 2690 terrum
1218 2647 1348 2693 suarum
1359 2631 1485 2696 omnium

382 2739 601 2824 ammissione,
618 2745 783 2817 tamqnam
810 2753 883 2798 reus
900 2733 965 2797 lese
983 2733 1176 2817 Maiestatis,
1194 2734 1320 2818 absque
1351 2743 1489 2801 retracta·

379 2853 467 2919 tione
484 2847 594 2930 aliqua
610 2865 645 2911 se
660 2841 785 2908 noverit
800 2843 1014 2906 incursurum.
1040 2841 1081 2903 Et
1096 2847 1131 2904 ut
1158 2839 1217 2904 beo
1241 2861 1261 2906 a
1292 2843 1385 2908 nobis
1413 2841 1489 2909 facta

374 2959 513 3026 donacio
529 2955 628 3020 nullis
646 2971 786 3034 unquam
803 2947 1001 3031 temporibus
1018 2946 1128 3014 valeat
1144 2947 1277 3034 aboleri,
1311 2951 1356 3017 ad
1387 2969 1487 3035 preces

374 3062 571 3132 venerabilis
588 3057 776 3128 Theobaldi
802 3063 878 3119 tune
903 3055 1058 3138 temporis
1090 3054 1233 3120 eiusdem
1268 3058 1332 3122 loci
1364 3059 1489 3124 Abbatis

372 3179 559 3257 presentem
577 3170 732 3253 paginam
749 3163 849 3246 sigilli
866 3165 968 3228 nostri
986 3161 1170 3228 testimonio
1186 3163 1323 3230 fecimus
1339 3165 1487 3249 insigniri,

369 3279 490 3346 Datum
503 3298 561 3361 per
578 3293 693 3340 manus
709 3272 833 3337 'Phoure
848 3269 1003 3336 Albensis
1022 3269 1179 3352 Prepesiti
1195 3279 1228 3338 et
1238 3271 1406 3356 Hungarie
1416 3273 1488 3340 Gan·

370 3385 510 3468 cellarii,
527 3405 611 3450 anno
629 3383 670 3446 ab
687 3378 919 3445 lucarnaoioue
935 3377 1065 3442 Domini
1094 3377 1271 3445 mccxlii.
1311 3379 1492 3448 Venerabili

369 3495 519 3562 Jobanue
535 3489 747 3574 Strigoniensi
764 3486 1027 3570 Archiepiscopo,
1044 3486 1234 3553 Reverendo
1246 3489 1421 3556 Bertboldo
1436 3487 1487 3552 00·

373 3601 497 3666 locensi
538 3597 800 3682 archiepiscopo,
842 3604 871 3660 et
911 3593 1080 3660 Weiwoda
1113 3595 1337 3683 existentibus,
1369 3595 1489 3664 Kalano

368 3704 718 3787 Quinqueecclesiensi‚
737 3702 931 3788 Catbapano
949 3701 1109 3784 Agricusi,
1127 3703 1487 3787 SymoneWaradieusi,

368 3811 541 3878 Desiderio
563 3808 767 3897 Oanadicnsi,
801 3809 984 3875 Wilbcllmo
1003 3808 1293 3896 Transiluaniensi,
1319 3807 1487 3878 Gotthardo

368 3917 595 4002 Zagrabiensi,
611 3918 704 3984 Petro
722 3919 903 4001 Gouriensi,
935 3919 1074 3983 Roberto
1092 3917 1341 4002 Vezprimiensi,
1372 3917 1487 3985 Jacobo

366 4026 532 4092 Waoieusi
548 4024 715 4091 Ecclesias
733 4025 871 4093 feliciter
887 4025 1152 4111 gubernantibus.
1190 4027 1281 4094 Bane
1297 4026 1440 4092 Palatino
1457 4031 1487 4087 et

368 4134 558 4200 Posoniensi
574 4135 708 4216 Comite,
725 4142 757 4200 et
774 4133 913 4200 Martino
930 4134 1019 4199 Bana
1036 4133 1263 4218 existentibus,
1279 4133 1356 4200 Jula
1380 4132 1485 4197 Bechi-

368 4241 437 4308 ensi
456 4240 624 4308 catenali
636 4240 1106 4327 Comitc,AndreaBuclriensi,
1118 4239 1485 4324 vaoneKcuucnicnsi,

362 4348 471 4415 llioba
487 4348 699 4432 Bicborieusi,
716 4348 875 4415 Nicholao
887 4348 1136 4434 Suppruuiensi,
1148 4347 1335 4416 Alexandro
1345 4348 1487 4415 Samnni-
