<?xml version="1.0" encoding="UTF-8"?>
<!DOCTYPE html PUBLIC "-//W3C//DTD XHTML 1.0 Transitional//EN"
    "http://www.w3.org/TR/xhtml1/DTD/xhtml1-transitional.dtd">
<html xmlns="http://www.w3.org/1999/xhtml" xml:lang="en" lang="en">
 <head>
  <title>
</title>
<meta http-equiv="Content-Type" content="text/html;charset=utf-8" />
  <meta name='ocr-system' content='tesseract 3.04.00' />
  <meta name='ocr-capabilities' content='ocr_page ocr_carea ocr_par ocr_line ocrx_word'/>
</head>
<body>
  <div class='ocr_page' id='page_1' title='image "./codexdiplomatic10wenzgoog_0646.png"; bbox 0 0 3208 5158; ppageno 0'>
   <div class='ocr_carea' id='block_1_1' title="bbox 646 235 807 352">
    <p class='ocr_par' dir='ltr' id='par_1_1' title="bbox 646 235 807 352">
     <span class='ocr_line' id='line_1_1' title="bbox 646 235 807 352; baseline 0 -36"><span class='ocrx_word' id='word_1_1' title='bbox 646 235 807 352; x_wconf 40' lang='lat' dir='ltr'>*coc-</span> 
     </span>
    </p>
   </div>
   <div class='ocr_carea' id='block_1_2' title="bbox 148 441 1290 1400">
    <p class='ocr_par' dir='ltr' id='par_1_2' title="bbox 148 441 1290 1400">
     <span class='ocr_line' id='line_1_2' title="bbox 148 441 1287 532; baseline 0.005 -21"><span class='ocrx_word' id='word_1_2' title='bbox 148 450 243 512; x_wconf 82' lang='lat' dir='ltr'>recte</span> <span class='ocrx_word' id='word_1_3' title='bbox 275 441 400 511; x_wconf 80' lang='lat' dir='ltr'><strong>transit</strong></span> <span class='ocrx_word' id='word_1_4' title='bbox 415 447 555 510; x_wconf 85' lang='lat' dir='ltr'>montem</span> <span class='ocrx_word' id='word_1_5' title='bbox 572 451 604 512; x_wconf 92' lang='lat' dir='ltr'>et</span> <span class='ocrx_word' id='word_1_6' title='bbox 620 443 790 514; x_wconf 88' lang='lat' dir='ltr'>descendit</span> <span class='ocrx_word' id='word_1_7' title='bbox 806 442 849 512; x_wconf 83' lang='lat' dir='ltr'>ad</span> <span class='ocrx_word' id='word_1_8' title='bbox 865 449 963 531; x_wconf 80' lang='lat' dir='ltr'>caput</span> <span class='ocrx_word' id='word_1_9' title='bbox 978 445 1050 532; x_wconf 86' lang='lat' dir='ltr'>rivi,</span> <span class='ocrx_word' id='word_1_10' title='bbox 1068 446 1124 531; x_wconf 85' lang='lat' dir='ltr'>qni</span> <span class='ocrx_word' id='word_1_11' title='bbox 1140 447 1287 517; x_wconf 84' lang='lat' dir='ltr'>Murcus·</span> 
     </span>
     <span class='ocr_line' id='line_1_3' title="bbox 150 552 1288 642; baseline 0.003 -22"><span class='ocrx_word' id='word_1_12' title='bbox 150 554 221 620; x_wconf 87' lang='lat' dir='ltr'>den</span> <span class='ocrx_word' id='word_1_13' title='bbox 236 558 384 642; x_wconf 82' lang='lat' dir='ltr'>vocatur,</span> <span class='ocrx_word' id='word_1_14' title='bbox 401 552 459 621; x_wconf 91' lang='lat' dir='ltr'>ubi</span> <span class='ocrx_word' id='word_1_15' title='bbox 474 552 575 621; x_wconf 86' lang='lat' dir='ltr'>babet</span> <span class='ocrx_word' id='word_1_16' title='bbox 594 552 675 623; x_wconf 83' lang='lat' dir='ltr'>duas</span> <span class='ocrx_word' id='word_1_17' title='bbox 706 561 809 622; x_wconf 87' lang='lat' dir='ltr'>metas</span> <span class='ocrx_word' id='word_1_18' title='bbox 841 560 974 642; x_wconf 86' lang='lat' dir='ltr'>terreas,</span> <span class='ocrx_word' id='word_1_19' title='bbox 1006 563 1038 623; x_wconf 89' lang='lat' dir='ltr'>et</span> <span class='ocrx_word' id='word_1_20' title='bbox 1069 575 1128 642; x_wconf 87' lang='lat' dir='ltr'>per</span> <span class='ocrx_word' id='word_1_21' title='bbox 1159 555 1288 624; x_wconf 86' lang='lat' dir='ltr'>eunden</span> 
     </span>
     <span class='ocr_line' id='line_1_4' title="bbox 149 660 1285 750; baseline 0 -20"><span class='ocrx_word' id='word_1_22' title='bbox 149 661 301 730; x_wconf 87' lang='lat' dir='ltr'>rivulum</span> <span class='ocrx_word' id='word_1_23' title='bbox 317 660 508 730; x_wconf 84' lang='lat' dir='ltr'>Marcnsden</span> <span class='ocrx_word' id='word_1_24' title='bbox 525 660 692 731; x_wconf 88' lang='lat' dir='ltr'>descendit</span> <span class='ocrx_word' id='word_1_25' title='bbox 707 664 741 730; x_wconf 91' lang='lat' dir='ltr'>in</span> <span class='ocrx_word' id='word_1_26' title='bbox 758 663 871 750; x_wconf 86' lang='lat' dir='ltr'>rivum,</span> <span class='ocrx_word' id='word_1_27' title='bbox 889 663 945 747; x_wconf 85' lang='lat' dir='ltr'>qui</span> <span class='ocrx_word' id='word_1_28' title='bbox 961 663 1104 732; x_wconf 82' lang='lat' dir='ltr'>Jorawel</span> <span class='ocrx_word' id='word_1_29' title='bbox 1119 683 1285 749; x_wconf 84' lang='lat' dir='ltr'>nuncupa·</span> 
     </span>
     <span class='ocr_line' id='line_1_5' title="bbox 149 769 1288 856; baseline -0.002 -18"><span class='ocrx_word' id='word_1_30' title='bbox 149 779 218 856; x_wconf 84' lang='lat' dir='ltr'>tur,</span> <span class='ocrx_word' id='word_1_31' title='bbox 237 777 271 838; x_wconf 88' lang='lat' dir='ltr'>ct</span> <span class='ocrx_word' id='word_1_32' title='bbox 301 769 347 838; x_wconf 92' lang='lat' dir='ltr'>ibi</span> <span class='ocrx_word' id='word_1_33' title='bbox 379 773 589 838; x_wconf 87' lang='lat' dir='ltr'>commetacio</span> <span class='ocrx_word' id='word_1_34' title='bbox 620 771 717 838; x_wconf 87' lang='lat' dir='ltr'>finem</span> <span class='ocrx_word' id='word_1_35' title='bbox 749 771 868 854; x_wconf 85' lang='lat' dir='ltr'>babct;</span> <span class='ocrx_word' id='word_1_36' title='bbox 894 778 1082 840; x_wconf 80' lang='lat' dir='ltr'>remanente</span> <span class='ocrx_word' id='word_1_37' title='bbox 1111 769 1288 840; x_wconf 86' lang='lat' dir='ltr'>secuudum</span> 
     </span>
     <span class='ocr_line' id='line_1_6' title="bbox 149 877 1290 966; baseline -0.001 -19"><span class='ocrx_word' id='word_1_38' title='bbox 149 899 350 966; x_wconf 78' lang='lat' dir='ltr'>processum</span> <span class='ocrx_word' id='word_1_39' title='bbox 381 877 582 944; x_wconf 86' lang='lat' dir='ltr'>antedictum</span> <span class='ocrx_word' id='word_1_40' title='bbox 621 889 708 946; x_wconf 81' lang='lat' dir='ltr'>terra</span> <span class='ocrx_word' id='word_1_41' title='bbox 747 879 865 947; x_wconf 83' lang='lat' dir='ltr'>Marini</span> <span class='ocrx_word' id='word_1_42' title='bbox 897 900 919 946; x_wconf 82' lang='lat' dir='ltr'>a</span> <span class='ocrx_word' id='word_1_43' title='bbox 950 879 1088 948; x_wconf 83' lang='lat' dir='ltr'>dexteru</span> <span class='ocrx_word' id='word_1_44' title='bbox 1118 885 1224 966; x_wconf 86' lang='lat' dir='ltr'>parte,</span> <span class='ocrx_word' id='word_1_45' title='bbox 1256 886 1290 946; x_wconf 86' lang='lat' dir='ltr'>et</span> 
     </span>
     <span class='ocr_line' id='line_1_7' title="bbox 149 985 1288 1076; baseline 0.004 -24"><span class='ocrx_word' id='word_1_46' title='bbox 149 993 245 1056; x_wconf 84' lang='lat' dir='ltr'>terra</span> <span class='ocrx_word' id='word_1_47' title='bbox 261 985 411 1054; x_wconf 84' lang='lat' dir='ltr'>Ecolesic</span> <span class='ocrx_word' id='word_1_48' title='bbox 428 1007 449 1055; x_wconf 85' lang='lat' dir='ltr'><strong>a</strong></span> <span class='ocrx_word' id='word_1_49' title='bbox 465 986 616 1056; x_wconf 81' lang='lat' dir='ltr'>sinistris.</span> <span class='ocrx_word' id='word_1_50' title='bbox 632 989 672 1055; x_wconf 92' lang='lat' dir='ltr'>In</span> <span class='ocrx_word' id='word_1_51' title='bbox 690 987 779 1056; x_wconf 89' lang='lat' dir='ltr'>cuius</span> <span class='ocrx_word' id='word_1_52' title='bbox 796 988 843 1055; x_wconf 88' lang='lat' dir='ltr'>rei</span> <span class='ocrx_word' id='word_1_53' title='bbox 868 987 1088 1057; x_wconf 88' lang='lat' dir='ltr'>testimonium</span> <span class='ocrx_word' id='word_1_54' title='bbox 1119 995 1288 1076; x_wconf 84' lang='lat' dir='ltr'>presentes</span> 
     </span>
     <span class='ocr_line' id='line_1_8' title="bbox 148 1093 1283 1184; baseline 0.002 -22"><span class='ocrx_word' id='word_1_55' title='bbox 148 1094 201 1162; x_wconf 84' lang='lat' dir='ltr'>ad</span> <span class='ocrx_word' id='word_1_56' title='bbox 232 1093 427 1164; x_wconf 75' lang='lat' dir='ltr'>instanciam</span> <span class='ocrx_word' id='word_1_57' title='bbox 458 1096 606 1182; x_wconf 84' lang='lat' dir='ltr'>parcium</span> <span class='ocrx_word' id='word_1_58' title='bbox 638 1097 832 1165; x_wconf 89' lang='lat' dir='ltr'>contulimus</span> <span class='ocrx_word' id='word_1_59' title='bbox 862 1096 962 1184; x_wconf 82' lang='lat' dir='ltr'>sigilli</span> <span class='ocrx_word' id='word_1_60' title='bbox 978 1099 1081 1166; x_wconf 83' lang='lat' dir='ltr'>nostri</span> <span class='ocrx_word' id='word_1_61' title='bbox 1106 1098 1283 1166; x_wconf 87' lang='lat' dir='ltr'>munimine</span> 
     </span>
     <span class='ocr_line' id='line_1_9' title="bbox 149 1204 1285 1292; baseline 0.002 -22"><span class='ocrx_word' id='word_1_62' title='bbox 149 1204 337 1271; x_wconf 85' lang='lat' dir='ltr'>roboratus.</span> <span class='ocrx_word' id='word_1_63' title='bbox 369 1205 490 1271; x_wconf 83' lang='lat' dir='ltr'>Datum</span> <span class='ocrx_word' id='word_1_64' title='bbox 520 1204 603 1272; x_wconf 81' lang='lat' dir='ltr'>serio</span> <span class='ocrx_word' id='word_1_65' title='bbox 632 1211 751 1290; x_wconf 85' lang='lat' dir='ltr'>quartu</span> <span class='ocrx_word' id='word_1_66' title='bbox 782 1211 860 1273; x_wconf 84' lang='lat' dir='ltr'>autc</span> <span class='ocrx_word' id='word_1_67' title='bbox 889 1207 1098 1292; x_wconf 83' lang='lat' dir='ltr'>Rogucioncs</span> <span class='ocrx_word' id='word_1_68' title='bbox 1130 1224 1217 1274; x_wconf 82' lang='lat' dir='ltr'>anno</span> <span class='ocrx_word' id='word_1_69' title='bbox 1243 1205 1285 1272; x_wconf 83' lang='lat' dir='ltr'>ab</span> 
     </span>
     <span class='ocr_line' id='line_1_10' title="bbox 152 1311 918 1400; baseline 0 -20"><span class='ocrx_word' id='word_1_70' title='bbox 152 1311 397 1381; x_wconf 85' lang='lat' dir='ltr'>Incarnccione</span> <span class='ocrx_word' id='word_1_71' title='bbox 412 1312 543 1381; x_wconf 82' lang='lat' dir='ltr'>Domini</span> <span class='ocrx_word' id='word_1_72' title='bbox 560 1311 649 1382; x_wconf 81' lang='lat' dir='ltr'>MOO</span> <span class='ocrx_word' id='word_1_73' title='bbox 665 1314 918 1400; x_wconf 82' lang='lat' dir='ltr'>septuagesimo.</span> 
     </span>
    </p>
   </div>
   <div class='ocr_carea' id='block_1_3' title="bbox 278 1511 1171 1582">
    <p class='ocr_par' dir='ltr' id='par_1_3' title="bbox 278 1511 1171 1582">
     <span class='ocr_line' id='line_1_11' title="bbox 278 1511 1171 1582; baseline -0.001 -18"><span class='ocrx_word' id='word_1_74' title='bbox 278 1511 440 1579; x_wconf 69' lang='lat' dir='ltr'>(Tksicsios,</span> <span class='ocrx_word' id='word_1_75' title='bbox 458 1512 583 1568; x_wconf 85' lang='lat' dir='ltr'>Murrum.</span> <span class='ocrx_word' id='word_1_76' title='bbox 602 1513 668 1567; x_wconf 86' lang='lat' dir='ltr'>hist.</span> <span class='ocrx_word' id='word_1_77' title='bbox 687 1514 780 1581; x_wconf 79' lang='lat' dir='ltr'>Epiro.</span> <span class='ocrx_word' id='word_1_78' title='bbox 799 1513 920 1582; x_wconf 70' lang='lat' dir='ltr'>Zagrsb.</span> <span class='ocrx_word' id='word_1_79' title='bbox 938 1515 961 1567; x_wconf 89' lang='lat'>1.</span> <span class='ocrx_word' id='word_1_80' title='bbox 980 1515 1040 1569; x_wconf 78' lang='lat' dir='ltr'>kbt.</span> <span class='ocrx_word' id='word_1_81' title='bbox 1061 1519 1121 1566; x_wconf 83' lang='lat'>150.</span> <span class='ocrx_word' id='word_1_82' title='bbox 1140 1513 1171 1575; x_wconf 90' lang='lat' dir='ltr'>l.)</span> 
     </span>
    </p>
   </div>
   <div class='ocr_carea' id='block_1_4' title="bbox 589 1799 855 1816">
    <p class='ocr_par' dir='ltr' id='par_1_4' title="bbox 589 1799 855 1816">
     <span class='ocr_line' id='line_1_12' title="bbox 589 1799 855 1816; baseline 0.008 -1"><span class='ocrx_word' id='word_1_83' title='bbox 589 1799 855 1816; x_wconf 48' lang='lat' dir='ltr'>fi—ffl-A</span> 
     </span>
    </p>
   </div>
   <div class='ocr_carea' id='block_1_5' title="bbox 691 2341 767 2414">
    <p class='ocr_par' dir='ltr' id='par_1_5' title="bbox 691 2341 767 2414">
     <span class='ocr_line' id='line_1_13' title="bbox 691 2341 767 2414; baseline 0.066 -5"><span class='ocrx_word' id='word_1_84' title='bbox 691 2341 767 2414; x_wconf 79' lang='lat'>451.</span> 
     </span>
    </p>
   </div>
   <div class='ocr_carea' id='block_1_6' title="bbox 155 2541 1292 2846">
    <p class='ocr_par' dir='ltr' id='par_1_6' title="bbox 155 2541 1292 2846">
     <span class='ocr_line' id='line_1_14' title="bbox 158 2541 1291 2632; baseline 0.004 -21"><span class='ocrx_word' id='word_1_85' title='bbox 158 2542 224 2611; x_wconf 84' lang='lat' dir='ltr'>IV.</span> <span class='ocrx_word' id='word_1_86' title='bbox 240 2543 327 2611; x_wconf 77' lang='lat' dir='ltr'>Bo&#39;lu</span> <span class='ocrx_word' id='word_1_87' title='bbox 352 2541 532 2629; x_wconf 75' lang='lat' dir='ltr'>birdlyuok</span> <span class='ocrx_word' id='word_1_88' title='bbox 551 2565 724 2630; x_wconf 72' lang='lat' dir='ltr'>pascuosa</span> <span class='ocrx_word' id='word_1_89' title='bbox 748 2543 791 2609; x_wconf 90' lang='lat' dir='ltr'>H.</span> <span class='ocrx_word' id='word_1_90' title='bbox 824 2546 952 2632; x_wconf 74' lang='lat' dir='ltr'>kirdlyt‘</span> <span class='ocrx_word' id='word_1_91' title='bbox 972 2545 1231 2632; x_wconf 75' lang='lat' dir='ltr'>stloudozmeoter·</span> <span class='ocrx_word' id='word_1_92' title='bbox 1259 2548 1291 2615; x_wconf 70' lang='lat' dir='ltr'>os</span> 
     </span>
     <span class='ocr_line' id='line_1_15' title="bbox 155 2650 1292 2742; baseline -0.001 -22"><span class='ocrx_word' id='word_1_93' title='bbox 155 2655 284 2720; x_wconf 76' lang='lat' dir='ltr'>morcui</span> <span class='ocrx_word' id='word_1_94' title='bbox 292 2651 504 2739; x_wconf 76' lang='lat' dir='ltr'>fbispduboz,</span> <span class='ocrx_word' id='word_1_95' title='bbox 526 2653 607 2739; x_wconf 72' lang='lat' dir='ltr'>boqy</span> <span class='ocrx_word' id='word_1_96' title='bbox 622 2650 754 2719; x_wconf 64' lang='lat' dir='ltr'>(imnodi</span> <span class='ocrx_word' id='word_1_97' title='bbox 769 2653 971 2720; x_wconf 77' lang='lat' dir='ltr'>Lordudnub</span> <span class='ocrx_word' id='word_1_98' title='bbox 987 2654 1163 2722; x_wconf 82' lang='lat' dir='ltr'>Mceonuok</span> <span class='ocrx_word' id='word_1_99' title='bbox 1179 2656 1292 2742; x_wconf 79' lang='lat' dir='ltr'>biudjo</span> 
     </span>
     <span class='ocr_line' id='line_1_16' title="bbox 324 2737 1129 2846; baseline 0.001 -21"><span class='ocrx_word' id='word_1_100' title='bbox 324 2760 402 2826; x_wconf 82' lang='lat' dir='ltr'>olleo</span> <span class='ocrx_word' id='word_1_101' title='bbox 418 2758 707 2846; x_wconf 68' lang='lat' dir='ltr'>jouszolqdltutdct</span> <span class='ocrx_word' id='word_1_102' title='bbox 722 2757 919 2846; x_wconf 73' lang='lat' dir='ltr'>eszbbzb&#39;ljb&#39;o.</span> <span class='ocrx_word' id='word_1_103' title='bbox 944 2737 995 2825; x_wconf 58' lang='lat' dir='ltr'>bb</span> <span class='ocrx_word' id='word_1_104' title='bbox 1009 2762 1129 2826; x_wconf 67' lang='lat' dir='ltr'>nolluit.</span> 
     </span>
    </p>
   </div>
   <div class='ocr_carea' id='block_1_7' title="bbox 159 2955 1298 4318">
    <p class='ocr_par' dir='ltr' id='par_1_7' title="bbox 159 2955 1294 4104">
     <span class='ocr_line' id='line_1_17' title="bbox 270 2955 1287 3042; baseline 0.004 -20"><span class='ocrx_word' id='word_1_105' title='bbox 270 2956 308 3023; x_wconf 91' lang='grc' dir='ltr'>Β.</span> <span class='ocrx_word' id='word_1_106' title='bbox 324 2956 387 3023; x_wconf 92' lang='lat' dir='ltr'>Dei</span> <span class='ocrx_word' id='word_1_107' title='bbox 405 2957 519 3041; x_wconf 82' lang='lat' dir='ltr'>gracie</span> <span class='ocrx_word' id='word_1_108' title='bbox 533 2957 604 3024; x_wconf 86' lang='lat' dir='ltr'>Rex</span> <span class='ocrx_word' id='word_1_109' title='bbox 619 2955 789 3042; x_wconf 82' lang='lat' dir='ltr'>Hungaric</span> <span class='ocrx_word' id='word_1_110' title='bbox 805 2955 923 3024; x_wconf 90' lang='lat' dir='ltr'>dilecto</span> <span class='ocrx_word' id='word_1_111' title='bbox 940 2961 971 3024; x_wconf 91' lang='lat' dir='ltr'>ct</span> <span class='ocrx_word' id='word_1_112' title='bbox 986 2955 1075 3024; x_wconf 86' lang='lat' dir='ltr'>fideli</span> <span class='ocrx_word' id='word_1_113' title='bbox 1090 2977 1148 3025; x_wconf 91' lang='lat' dir='ltr'>suo</span> <span class='ocrx_word' id='word_1_114' title='bbox 1164 2957 1205 3024; x_wconf 88' lang='grc' dir='ltr'>Η.</span> <span class='ocrx_word' id='word_1_115' title='bbox 1222 2955 1287 3026; x_wconf 86' lang='lat' dir='ltr'>Mu·</span> 
     </span>
     <span class='ocr_line' id='line_1_18' title="bbox 160 3062 1293 3150; baseline 0.002 -20"><span class='ocrx_word' id='word_1_116' title='bbox 160 3062 267 3150; x_wconf 85' lang='lat' dir='ltr'>gistro</span> <span class='ocrx_word' id='word_1_117' title='bbox 284 3063 474 3149; x_wconf 76' lang='lat' dir='ltr'>Agaronnm</span> <span class='ocrx_word' id='word_1_118' title='bbox 489 3085 619 3133; x_wconf 91' lang='lat' dir='ltr'>suorum</span> <span class='ocrx_word' id='word_1_119' title='bbox 636 3065 752 3132; x_wconf 81' lang='lat' dir='ltr'>Comiti</span> <span class='ocrx_word' id='word_1_120' title='bbox 768 3065 968 3134; x_wconf 86' lang='lat' dir='ltr'>Musuniensi</span> <span class='ocrx_word' id='word_1_121' title='bbox 984 3063 1123 3134; x_wconf 84' lang='lat' dir='ltr'>salutem</span> <span class='ocrx_word' id='word_1_122' title='bbox 1155 3069 1188 3132; x_wconf 89' lang='lat' dir='ltr'>et</span> <span class='ocrx_word' id='word_1_123' title='bbox 1217 3085 1293 3150; x_wconf 79' lang='lat' dir='ltr'>gra·</span> 
     </span>
     <span class='ocr_line' id='line_1_19' title="bbox 161 3171 1294 3262; baseline 0 -24"><span class='ocrx_word' id='word_1_124' title='bbox 161 3171 249 3238; x_wconf 83' lang='lat' dir='ltr'>eiam</span> <span class='ocrx_word' id='word_1_125' title='bbox 265 3173 407 3257; x_wconf 82' lang='lat' dir='ltr'>plenam.</span> <span class='ocrx_word' id='word_1_126' title='bbox 431 3173 601 3242; x_wconf 84' lang='lat' dir='ltr'>Lorandus</span> <span class='ocrx_word' id='word_1_127' title='bbox 633 3171 720 3262; x_wconf 73' lang='lat' dir='ltr'>(igy)</span> <span class='ocrx_word' id='word_1_128' title='bbox 752 3173 795 3242; x_wconf 89' lang='lat' dir='ltr'>de</span> <span class='ocrx_word' id='word_1_129' title='bbox 826 3173 943 3244; x_wconf 79' lang='lat' dir='ltr'>Gunod</span> <span class='ocrx_word' id='word_1_130' title='bbox 973 3174 1066 3243; x_wconf 92' lang='lat' dir='ltr'>nobis</span> <span class='ocrx_word' id='word_1_131' title='bbox 1096 3173 1294 3258; x_wconf 80' lang='lat' dir='ltr'>significauit</span> 
     </span>
     <span class='ocr_line' id='line_1_20' title="bbox 161 3280 1293 3368; baseline 0.001 -21"><span class='ocrx_word' id='word_1_132' title='bbox 161 3281 399 3368; x_wconf 89' lang='lat' dir='ltr'>conquerendo,</span> <span class='ocrx_word' id='word_1_133' title='bbox 430 3282 516 3367; x_wconf 88' lang='lat' dir='ltr'>quod</span> <span class='ocrx_word' id='word_1_134' title='bbox 533 3280 626 3350; x_wconf 79' lang='lat' dir='ltr'>(iuna</span> <span class='ocrx_word' id='word_1_135' title='bbox 641 3282 779 3350; x_wconf 90' lang='lat' dir='ltr'>Villicus</span> <span class='ocrx_word' id='word_1_136' title='bbox 795 3283 1014 3352; x_wconf 86' lang='lat' dir='ltr'>Mnsunicusis</span> <span class='ocrx_word' id='word_1_137' title='bbox 1030 3283 1064 3349; x_wconf 95' lang='lat' dir='ltr'>in</span> <span class='ocrx_word' id='word_1_138' title='bbox 1080 3282 1191 3349; x_wconf 88' lang='lat' dir='ltr'>multis</span> <span class='ocrx_word' id='word_1_139' title='bbox 1204 3280 1293 3368; x_wconf 90' lang='lat' dir='ltr'>judi·</span> 
     </span>
     <span class='ocr_line' id='line_1_21' title="bbox 161 3387 1292 3478; baseline 0.002 -24"><span class='ocrx_word' id='word_1_140' title='bbox 161 3387 227 3473; x_wconf 90' lang='lat' dir='ltr'>cijs</span> <span class='ocrx_word' id='word_1_141' title='bbox 241 3390 410 3458; x_wconf 89' lang='lat' dir='ltr'>conuictus</span> <span class='ocrx_word' id='word_1_142' title='bbox 428 3397 514 3460; x_wconf 87' lang='lat' dir='ltr'>esset</span> <span class='ocrx_word' id='word_1_143' title='bbox 540 3397 654 3458; x_wconf 84' lang='lat' dir='ltr'>contra</span> <span class='ocrx_word' id='word_1_144' title='bbox 685 3391 805 3478; x_wconf 85' lang='lat' dir='ltr'>ipsum,</span> <span class='ocrx_word' id='word_1_145' title='bbox 838 3399 871 3458; x_wconf 85' lang='lat' dir='ltr'>et</span> <span class='ocrx_word' id='word_1_146' title='bbox 900 3391 1024 3458; x_wconf 85' lang='lat' dir='ltr'>unllam</span> <span class='ocrx_word' id='word_1_147' title='bbox 1053 3391 1221 3475; x_wconf 84' lang='lat' dir='ltr'>justiciam</span> <span class='ocrx_word' id='word_1_148' title='bbox 1251 3391 1292 3456; x_wconf 85' lang='lat' dir='ltr'>ab</span> 
     </span>
     <span class='ocr_line' id='line_1_22' title="bbox 162 3492 1294 3585; baseline 0.003 -23"><span class='ocrx_word' id='word_1_149' title='bbox 162 3492 283 3564; x_wconf 90' lang='lat' dir='ltr'>eodcm&#39;</span> <span class='ocrx_word' id='word_1_150' title='bbox 296 3499 450 3582; x_wconf 84' lang='lat' dir='ltr'>consequi</span> <span class='ocrx_word' id='word_1_151' title='bbox 466 3498 638 3585; x_wconf 86' lang='lat' dir='ltr'>potuisset.</span> <span class='ocrx_word' id='word_1_152' title='bbox 662 3499 757 3566; x_wconf 89' lang='lat' dir='ltr'>Vnde</span> <span class='ocrx_word' id='word_1_153' title='bbox 772 3499 925 3568; x_wconf 85' lang='lat' dir='ltr'>fidelitati</span> <span class='ocrx_word' id='word_1_154' title='bbox 941 3507 997 3568; x_wconf 87' lang='lat' dir='ltr'>tue</span> <span class='ocrx_word' id='word_1_155' title='bbox 1012 3498 1206 3568; x_wconf 78' lang='lat' dir='ltr'>urendumus</span> <span class='ocrx_word' id='word_1_156' title='bbox 1222 3517 1294 3584; x_wconf 89' lang='lat' dir='ltr'>prc-</span> 
     </span>
     <span class='ocr_line' id='line_1_23' title="bbox 161 3597 1292 3696; baseline 0.004 -28"><span class='ocrx_word' id='word_1_157' title='bbox 161 3597 330 3692; x_wconf 81' lang='lat' dir='ltr'>oipicntes‚</span> <span class='ocrx_word' id='word_1_158' title='bbox 362 3607 697 3696; x_wconf 84' lang='lat' dir='ltr'>quatenusinspeotis</span> <span class='ocrx_word' id='word_1_159' title='bbox 716 3608 833 3676; x_wconf 88' lang='lat' dir='ltr'>litteris</span> <span class='ocrx_word' id='word_1_160' title='bbox 855 3608 1063 3696; x_wconf 76' lang='lat' dir='ltr'>judicatibus,</span> <span class='ocrx_word' id='word_1_161' title='bbox 1097 3629 1177 3694; x_wconf 82' lang='lat' dir='ltr'>quos</span> <span class='ocrx_word' id='word_1_162' title='bbox 1208 3605 1292 3674; x_wconf 90' lang='lat' dir='ltr'>idem</span> 
     </span>
     <span class='ocr_line' id='line_1_24' title="bbox 159 3708 1294 3803; baseline 0.004 -27"><span class='ocrx_word' id='word_1_163' title='bbox 159 3708 330 3780; x_wconf 84' lang='lat' dir='ltr'>Rolsndus</span> <span class='ocrx_word' id='word_1_164' title='bbox 347 3710 435 3802; x_wconf 85' lang='lat' dir='ltr'>(tgy)</span> <span class='ocrx_word' id='word_1_165' title='bbox 452 3715 619 3783; x_wconf 82' lang='lat' dir='ltr'>exhibebit</span> <span class='ocrx_word' id='word_1_166' title='bbox 634 3720 746 3782; x_wconf 86' lang='lat' dir='ltr'>contra</span> <span class='ocrx_word' id='word_1_167' title='bbox 762 3715 867 3802; x_wconf 85' lang='lat' dir='ltr'>ipsum</span> <span class='ocrx_word' id='word_1_168' title='bbox 877 3715 1037 3803; x_wconf 77' lang='lat' dir='ltr'>villicum,</span> <span class='ocrx_word' id='word_1_169' title='bbox 1050 3715 1091 3782; x_wconf 90' lang='lat' dir='ltr'>dc</span> <span class='ocrx_word' id='word_1_170' title='bbox 1101 3715 1214 3782; x_wconf 90' lang='lat' dir='ltr'>eodem</span> <span class='ocrx_word' id='word_1_171' title='bbox 1230 3711 1294 3780; x_wconf 86' lang='lat' dir='ltr'>Vil-</span> 
     </span>
     <span class='ocr_line' id='line_1_25' title="bbox 163 3804 1294 3912; baseline 0.003 -30"><span class='ocrx_word' id='word_1_172' title='bbox 163 3816 242 3903; x_wconf 89' lang='lat' dir='ltr'>lico,</span> <span class='ocrx_word' id='word_1_173' title='bbox 260 3824 291 3885; x_wconf 92' lang='lat' dir='ltr'>et</span> <span class='ocrx_word' id='word_1_174' title='bbox 305 3804 428 3904; x_wconf 84' lang='lat' dir='ltr'>genero</span> <span class='ocrx_word' id='word_1_175' title='bbox 444 3841 504 3891; x_wconf 89' lang='lat' dir='ltr'>suo</span> <span class='ocrx_word' id='word_1_176' title='bbox 520 3821 699 3912; x_wconf 86' lang='lat' dir='ltr'>Herbordo,</span> <span class='ocrx_word' id='word_1_177' title='bbox 716 3822 802 3891; x_wconf 87' lang='lat' dir='ltr'>dicto</span> <span class='ocrx_word' id='word_1_178' title='bbox 828 3823 976 3890; x_wconf 88' lang='lat' dir='ltr'>Rolando</span> <span class='ocrx_word' id='word_1_179' title='bbox 994 3821 1097 3890; x_wconf 83' lang='lat' dir='ltr'>sacius</span> <span class='ocrx_word' id='word_1_180' title='bbox 1123 3821 1294 3910; x_wconf 82' lang='lat' dir='ltr'>justicium</span> 
     </span>
     <span class='ocr_line' id='line_1_26' title="bbox 160 3925 1292 4012; baseline 0.005 -20"><span class='ocrx_word' id='word_1_181' title='bbox 160 3925 351 4012; x_wconf 85' lang='lat' dir='ltr'>pleniorem.</span> <span class='ocrx_word' id='word_1_182' title='bbox 376 3929 498 3999; x_wconf 86' lang='lat' dir='ltr'>Datum</span> <span class='ocrx_word' id='word_1_183' title='bbox 514 3931 548 3998; x_wconf 94' lang='lat' dir='ltr'>in</span> <span class='ocrx_word' id='word_1_184' title='bbox 565 3931 702 4001; x_wconf 78' lang='lat' dir='ltr'>Jourino</span> <span class='ocrx_word' id='word_1_185' title='bbox 718 3931 820 4000; x_wconf 85' lang='lat' dir='ltr'>tercio</span> <span class='ocrx_word' id='word_1_186' title='bbox 837 3937 1025 4000; x_wconf 81' lang='lat' dir='ltr'>octauarum</span> <span class='ocrx_word' id='word_1_187' title='bbox 1044 3929 1195 3999; x_wconf 89' lang='lat' dir='ltr'>Omnium</span> <span class='ocrx_word' id='word_1_188' title='bbox 1211 3929 1292 3998; x_wconf 81' lang='lat' dir='ltr'>Sen-</span> 
     </span>
     <span class='ocr_line' id='line_1_27' title="bbox 165 4039 301 4104; baseline 0.015 -4"><span class='ocrx_word' id='word_1_189' title='bbox 165 4039 301 4104; x_wconf 86' lang='lat' dir='ltr'>uterum.</span> 
     </span>
    </p>

    <p class='ocr_par' dir='ltr' id='par_1_8' title="bbox 166 4141 1298 4318">
     <span class='ocr_line' id='line_1_28' title="bbox 273 4141 1298 4234; baseline 0.005 -24"><span class='ocrx_word' id='word_1_190' title='bbox 273 4141 391 4214; x_wconf 81' lang='lat' dir='ltr'>Kivb</span> <span class='ocrx_word' id='word_1_191' title='bbox 405 4148 440 4215; x_wconf 89' lang='lat' dir='ltr'>l:</span> <span class='ocrx_word' id='word_1_192' title='bbox 466 4147 507 4216; x_wconf 89' lang='lat' dir='ltr'>H.</span> <span class='ocrx_word' id='word_1_193' title='bbox 524 4143 681 4234; x_wconf 81' lang='lat' dir='ltr'>Magistro</span> <span class='ocrx_word' id='word_1_194' title='bbox 698 4149 887 4233; x_wconf 81' lang='lat' dir='ltr'>Agasonum</span> <span class='ocrx_word' id='word_1_195' title='bbox 903 4167 1032 4217; x_wconf 88' lang='lat' dir='ltr'>suorum</span> <span class='ocrx_word' id='word_1_196' title='bbox 1050 4144 1166 4216; x_wconf 78' lang='lat' dir='ltr'>Oomiti</span> <span class='ocrx_word' id='word_1_197' title='bbox 1191 4146 1298 4215; x_wconf 86' lang='lat' dir='ltr'>Musu-</span> 
     </span>
     <span class='ocr_line' id='line_1_29' title="bbox 166 4270 285 4318; baseline 0 0"><span class='ocrx_word' id='word_1_198' title='bbox 166 4270 285 4318; x_wconf 87' lang='lat' dir='ltr'>urensr.</span> 
     </span>
    </p>
   </div>
   <div class='ocr_carea' id='block_1_8' title="bbox 165 4379 1294 4540">
    <p class='ocr_par' dir='ltr' id='par_1_9' title="bbox 165 4379 1294 4540">
     <span class='ocr_line' id='line_1_30' title="bbox 165 4379 1294 4452; baseline 0.001 -20"><span class='ocrx_word' id='word_1_199' title='bbox 165 4379 312 4442; x_wconf 79' lang='lat' dir='ltr'>(Ercdetic</span> <span class='ocrx_word' id='word_1_200' title='bbox 330 4381 516 4450; x_wconf 73' lang='lat' dir='ltr'>bbrhurtybn‚</span> <span class='ocrx_word' id='word_1_201' title='bbox 547 4385 726 4452; x_wconf 72' lang='lat' dir='ltr'>cntrpcosct</span> <span class='ocrx_word' id='word_1_202' title='bbox 746 4387 899 4452; x_wconf 82' lang='lat' dir='ltr'>elvcsuctt;</span> <span class='ocrx_word' id='word_1_203' title='bbox 931 4385 1053 4438; x_wconf 82' lang='lat' dir='ltr'>sbudci</span> <span class='ocrx_word' id='word_1_204' title='bbox 1084 4384 1136 4436; x_wconf 87' lang='lat' dir='ltr'>kir.</span> <span class='ocrx_word' id='word_1_205' title='bbox 1168 4379 1294 4434; x_wconf 82' lang='lat' dir='ltr'>kamarui</span> 
     </span>
     <span class='ocr_line' id='line_1_31' title="bbox 636 4475 836 4540; baseline -0.02 -10"><span class='ocrx_word' id='word_1_206' title='bbox 636 4475 836 4540; x_wconf 76' lang='lat' dir='ltr'>leveltstrbcu.)</span> 
     </span>
    </p>
   </div>
   <div class='ocr_carea' id='block_1_9' title="bbox 625 4630 838 4648">
    <p class='ocr_par' dir='ltr' id='par_1_10' title="bbox 625 4630 838 4648">
     <span class='ocr_line' id='line_1_32' title="bbox 625 4630 838 4648; baseline 0 0"><span class='ocrx_word' id='word_1_207' title='bbox 625 4630 838 4648; x_wconf 57' lang='grc' dir='ltr'>-ι-η--μ--ι-ι</span> 
     </span>
    </p>
   </div>
   <div class='ocr_carea' id='block_1_10' title="bbox 0 0 1614 5158">
    <p class='ocr_par' dir='ltr' id='par_1_11' title="bbox 0 0 1614 5158">
     <span class='ocr_line' id='line_1_33' title="bbox 0 0 1614 5158; baseline 0 0"><span class='ocrx_word' id='word_1_208' title='bbox 0 0 1614 5158; x_wconf 95' lang='lat' dir='ltr'> </span> 
     </span>
    </p>
   </div>
  </div>
 </body>
</html>
