3164 5154
616 315 776 420 „sc-⁶

132 535 198 583 rum
216 533 350 583 suorum
367 511 455 580 bona
472 515 620 601 exempla
639 515 771 602 imitari,
798 513 979 582 doctrinam
1005 533 1135 599 quoqne
1151 533 1250 601 opere

129 622 323 712 propensius
340 621 671 709 studeatndimplere‚
688 629 797 690 tamen
809 623 1113 706 quiaquorumdnm
1129 624 1255 690 moder·

133 752 246 800 norum
263 729 307 796 ad
324 731 445 798 bonum
461 731 557 817 pigra
574 731 617 798 ed
633 733 754 798 malum
765 749 954 817 veroprona
964 730 1129 798 subtilitas
1141 731 1252 815 prede-

133 860 301 908 cessorum
332 859 463 906 sucrum
481 840 568 906 iusta
584 838 706 906 iudicia
731 843 919 906 subvertere
935 843 967 904 et
981 837 1084 904 bonos·
1100 847 1190 906 aolus
1207 841 1248 906 si·

131 948 241 1030 nistra¹
253 946 521 1031 interpretatione
537 947 669 1013 molitur
685 946 885 1030 extinguere,
897 945 1062 1012 dilectioni
1073 953 1179 1014 vestre
1196 946 1252 1012 du·

130 1057 236 1122 ximus
250 1052 477 1135 intimandum,
509 1052 594 1136 quod
611 1051 855 1138 procuracionis
874 1059 983 1119 nostre
999 1059 1145 1138 tempore
1160 1053 1246 1121 inter

130 1163 210 1230 duos
227 1161 479 1248 civiles‚soilicct
493 1161 666 1230 Descislou
683 1169 716 1227 ct
732 1162 868 1244 Drassa,
885 1168 919 1227 ct
935 1160 1139 1228 Dominioum
1158 1181 1253 1226 vene·

130 1269 264 1336 rabilem
281 1268 514 1352 Zagrabicnsis
530 1267 675 1335 Ecclesic
691 1267 888 1352 Episcopum
905 1287 963 1353 pro
980 1275 1065 1334 terre
1081 1265 1250 1333 cuiusdam

130 1370 384 1462 predii‚fncmine
394 1374 561 1460 Kcmenio‚
574 1381 646 1440 orta
658 1379 707 1440 est
718 1374 891 1440 dissensio.
908 1374 1156 1458 Requirentibus
1168 1373 1253 1439 enim

130 1481 281 1568 predictis
296 1481 449 1549 civilibus
465 1489 585 1548 terram
619 1481 707 1546 illam
725 1481 759 1546 in
775 1481 930 1565 pescncin
946 1488 1069 1568 nostra,
1084 1481 1247 1566 Episcopo

131 1611 255 1676 quoquc
271 1609 337 1656 non
353 1611 463 1656 eorum
480 1589 538 1656 sed
556 1608 649 1655 suem
667 1609 742 1655 esse
758 1596 935 1676 asserente,
953 1609 1012 1655 nos
1023 1608 1154 1656 causam
1167 1588 1252 1654 ordi·

130 1721 170 1766 ne
186 1699 340 1767 canonico
356 1694 545 1764 decidentes
562 1695 686 1762 duobus
704 1693 879 1762 (laconicis
888 1705 987 1780 atque
998 1695 1249 1764 Archidiaconis

131 1804 359 1890 chrsbiensis
374 1801 532 1882 Ecclesia,
547 1801 674 1869 scilicet
690 1803 819 1868 Barano
835 1802 1057 1888 et'limporio‚
1078 1804 1249 1887 tribusque
1276 1853 1284 1874 a

132 1913 311 1981 Cerialibus
337 1910 514 1977 Comitibus
531 1909 677 1977 scilicet:
709 1909 802 1976 Tiwa
818 1909 857 1975 de
873 1909 1003 1990 Wasca,
1035 1911 1188 1976 llichacli
1205 1910 1246 1975 de

130 2022 318 2104 Domburou‚
336 2018 475 2090 Martino
492 2016 532 2086 de
549 2018 705 2084 Kemenic
720 2037 817 2103 super
833 2017 903 2100 hoo,
921 2015 1007 2102 quod
1022 2037 1087 2083 non
1098 2018 1244 2084 civilium

132 2127 184 2195 sed
200 2126 354 2213 Episcopi
370 2109 457 2192 terra
473 2131 569 2210 essct,
582 2129 818 2192 sacramentum
835 2124 1020 2190 indiximus.
1036 2124 1181 2209 Accepto
1198 2143 1250 2190 ve·
1306 2148 1309 2154 ·

131 2258 162 2304 ro
177 2238 218 2302 ab
234 2236 283 2302 eis
298 2241 513 2320 sacramento,
529 2232 677 2318 predium
701 2233 785 2302 illud
800 2234 927 2300 scilicet
943 2232 1113 2318 Kemcnic,
1131 2255 1153 2300 a
1169 2231 1247 2298 dua·

130 2343 183 2411 dus
213 2344 276 2412 viis
317 2343 497 2411 coniunctis
529 2362 631 2426 rusque
669 2343 713 2410 ad
751 2343 889 2411 rivulum
916 2345 971 2410 ubi
1002 2344 1101 2411 habet
1130 2342 1270 2410 metam

131 2457 218 2539 torre,
251 2451 371 2518 deinde
402 2450 490 2517 ultra
530 2457 670 2517 montem
708 2471 811 2536 usque
848 2449 890 2517 ad
927 2450 1078 2538 fluvium,
1119 2451 1251 2517 nominc

131 2559 290 2643 Rogozice,
307 2557 428 2626 deinde
448 2579 548 2642 usque
564 2559 607 2625 ad
623 2559 722 2626 alium
747 2561 890 2646 fluvium,
908 2559 960 2626 cui
976 2579 1093 2626 nomen
1109 2561 1250 2644 Bogoce,

131 2668 309 2752 sBogocea
325 2674 432 2734 autern
449 2686 507 2751 per
518 2672 668 2752 montem,
694 2667 750 2752 qui
761 2668 866 2735 Trabs
882 2669 1069 2754 appellatur
1084 2687 1186 2750 usque
1202 2668 1247 2732 ad

132 2783 220 2860 caput
248 2774 346 2841 unius
376 2774 483 2860 vallis,
524 2795 587 2858 (luc
618 2774 736 2841 dicitur
767 2775 1008 2862 Jasoonovins,
1031 2774 1246 2858 Zagrabiensi

131 2881 284 2968 Episcopo
308 2901 367 2968 per
391 2901 505 2949 manus
531 2881 665 2948 duorum
693 2883 925 2967 pristaldorum
958 2889 1149 2968 nostrorum,
1189 2883 1249 2948 soi·

130 2991 200 3059 licet
228 2991 328 3057 Ysani
345 2988 486 3058 Gurialis
503 2989 639 3058 Comitis
656 2990 698 3055 dc
712 2991 789 3058 Kris
805 2999 837 3057 et
852 2991 964 3076 Bomoi,
991 2990 1243 3072 assignavimus.

131 3099 171 3165 Ut
191 3099 289 3181 igitur
304 3099 400 3166 huius
416 3098 500 3166 iuste
516 3099 772 3166 examinacicuis
787 3097 955 3167 sentencia
972 3105 1130 3183 perpetue
1146 3099 1242 3166 stabi-

131 3205 227 3272 litatis
244 3206 359 3276 roborc
373 3208 538 3292 fulciatur,
556 3207 683 3273 litteras
699 3228 797 3293 super·
812 3205 873 3273 hoo
890 3206 1125 3273 testimoniatus
1141 3205 1245 3288 sigilli

132 3315 228 3380 nostri
257 3315 435 3382 munimine
460 3313 699 3396 insignivimus.
732 3315 888 3381 Volentes
904 3320 937 3380 ct
953 3311 1180 3399 precipientes,
1204 3335 1246 3379 ne

133 3423 199 3502 quis
216 3423 289 3489 huic
305 3423 459 3490 canonice
476 3421 696 3490 observationi
707 3443 789 3489 ausu
801 3421 973 3490 temerario
989 3428 1156 3506 presumat
1173 3439 1245 3488 oon-

130 3529 239 3612 troire;
262 3531 290 3596 si
305 3530 380 3613 quis
395 3537 503 3598 autem
520 3528 628 3597 lacere
647 3529 898 3616 attemptaverit,
917 3531 1027 3596 enimc
1045 3549 1104 3596 sue
1120 3529 1245 3614 perieu-

129 3636 191 3702 lum
207 3639 377 3724 etdignam
388 3639 449 3705 Dei
467 3638 629 3705 ulcionem
646 3639 825 3706 vindictam
837 3640 1010 3706 sencverit
1026 3639 1241 3707 incursurum.

300 3836 447 3900 (Tlrclcsis,
466 3837 590 3887 Monuni.
611 3837 709 3888 histor.
731 3838 850 3902 Zagrab.
871 3837 892 3887 I.
913 3837 971 3887 not.
992 3841 1015 3886 6.
1036 3839 1066 3902 l.)
