3150 5162
673 959 748 1026 314.

135 1157 171 1222 A
200 1157 474 1242 aadltcrp‘elrc'rcdrc'
503 1157 731 1246 lcdptuluanulc
763 1158 1028 1246 bizocysdqlcoclc
1058 1160 1179 1232 Boriclt
1209 1165 1276 1230 tan

136 1263 399 1348 mmaersepetelt
415 1265 549 1330 Delmar
565 1287 662 1331 comes
680 1273 816 1352 davepyc
841 1269 1149 1352 udoiate'altcdcedrdl.
1175 1271 1275 1338 1258.

248 1456 435 1542 Capitulum
451 1460 603 1528 Albensis
620 1459 767 1527 Ecclesie
783 1461 941 1529 uniuersis
966 1462 1085 1532 curisti
1110 1463 1264 1534 fidelibus

137 1567 350 1650 presentibus
364 1569 489 1653 pariter
505 1577 536 1636 et
552 1568 670 1635 futuris
686 1569 890 1653 presencium
921 1571 1075 1644 noticiam
1106 1573 1268 1641 habituris

136 1675 280 1740 salutem
296 1674 331 1739 in
347 1694 386 1743 eo
403 1676 458 1759 qui
474 1674 566 1742 salus
582 1681 631 1742 est
647 1674 798 1742 omnium.
836 1673 889 1740 Ad
904 1676 1125 1746 uniuersitatis
1158 1687 1270 1747 uestrc

138 1781 295 1847 noticiam
311 1789 424 1850 tenore
440 1784 640 1868 presencium
659 1783 805 1849 uolumus
822 1781 1020 1866 peruenire:
1039 1783 1124 1869 quod
1151 1788 1272 1855 cousti-

122 1896 210 1954 tuta
225 1907 337 1955 coram
353 1890 448 1955 nobis
472 1888 688 1975 personaliter
714 1889 844 1954 domina
872 1889 960 1956 Rosa
989 1891 1102 1959 relicta
1134 1891 1270 1964 Comitis

137 1997 292 2062 Dctmari
308 1995 347 2062 dc
364 2017 485 2082 genera
501 1997 619 2064 Borich
635 1997 717 2063 Baui
749 1997 918 2082 proposuit
948 2000 1026 2064 uiua
1057 2020 1147 2086 uoce,
1180 2003 1270 2084 quod

136 2105 320 2172 demidiam
338 2112 463 2191 partem
480 2105 583 2190 predij
603 2105 654 2172 sui
671 2105 805 2190 Zcpola,
823 2103 908 2189 quod
932 2103 1086 2188 aOdcla,
1104 2107 1212 2176 Chalk
1237 2115 1272 2176 et

139 2211 501 2295 Boriclrfilistoriclr,
529 2215 678 2296 cognatis
710 2213 820 2278 mariti
852 2214 902 2279 sui
935 2211 1068 2282 Comitis
1099 2215 1270 2284 Dethmari

138 2322 301 2386 antedicti
318 2323 351 2386 iu
368 2324 589 2387 concambium
615 2321 783 2386 cuiusdam
809 2319 911 2406 predij
945 2323 995 2388 sui
1028 2323 1177 2408 Golgoha
1208 2325 1274 2394 sibi

140 2427 274 2492 dicebat
289 2429 486 2514 peruenisse,
518 2428 633 2492 maiori
650 2428 715 2493 filie
746 2447 804 2494 suc
835 2429 966 2494 nomine
998 2429 1145 2498 Mariana
1175 2433 1272 2500 uxori

138 2534 267 2601 Thcme
283 2534 343 2619 filij
362 2533 508 2620 Ohepani
526 2535 718 2600 contulisset
733 2536 1150 2625 perpetuopcesideudam;
1172 2539 1272 2607 aliam

140 2640 310 2708 dimidiam
327 2651 452 2727 partem
469 2644 586 2708 minori
602 2643 667 2708 filie
683 2662 742 2708 sue
760 2643 890 2708 nominc
907 2644 1046 2710 Martius
1073 2646 1165 2713 uxori
1194 2649 1271 2716 Ale-

138 2749 261 2814 xandri
276 2749 336 2833 filij
354 2751 466 2815 Petrus
484 2749 640 2815 donasset
658 2750 716 2814 tali
733 2749 836 2834 modo,
863 2750 950 2830 quod
966 2753 994 2816 si
1010 2750 1098 2820 dicta
1115 2754 1182 2821 filia
1212 2777 1272 2824 sua

141 2857 280 2922 heredes
297 2853 456 2943 habuerit,
475 2856 626 2922 similiter
644 2864 798 2941 perpetuo
815 2857 932 2923 debeat
947 2859 1114 2943 possidere
1124 2885 1132 2948 3
1150 2864 1180 2929 si
1191 2883 1271 2930 uero

142 2963 213 3030 sine
230 2959 403 3029 heredibus
421 2964 607 3050 decesserit,
639 2970 829 3046 extuncprc
861 2965 973 3030 anima
1004 2966 1107 3049 ipsius
1139 2967 1271 3038 domiue

141 3073 228 3140 Rose
247 3076 278 3136 et
295 3069 359 3137 filie
375 3091 432 3140 sue
449 3071 585 3137 Martius
602 3071 766 3165 antedicte
783 3070 941 3156 Ecclesie,
967 3073 1000 3138 in
1018 3075 1108 3140 cuius
1135 3079 1272 3162 cymite-

142 3182 191 3248 rio
208 3179 335 3263 sepulte
351 3177 482 3264 fuerint,
499 3183 695 3246 conteratur.
729 3180 836 3246 Maior
851 3180 1078 3247 nichilominus
1110 3183 1178 3248 iilia
1209 3205 1271 3253 sun

142 3285 333 3372 supradicta
349 3286 495 3371 liberam,
514 3288 543 3354 si
559 3288 709 3374 nolucrit,
726 3289 856 3372 abipsa
872 3287 1020 3356 Ecclesia
1036 3289 1168 3356 habebit
1185 3291 1271 3360 redi·

142 3392 251 3460 mendi
270 3392 470 3460 facultatem.
494 3396 576 3461 Item
594 3395 704 3460 omnia
720 3395 886 3480 mancipia
903 3416 972 3482 sua,
991 3393 1141 3464 videlicet
1160 3398 1270 3467 Bodus

143 3523 213 3570 cum
230 3523 338 3586 ruore,
356 3503 431 3587 filijs
448 3508 481 3570 et
497 3503 649 3584 filiabus3
673 3503 815 3570 'Polihua
831 3525 902 3572 cum
919 3525 1025 3589 uxore,
1044 3504 1120 3590 iilijs
1146 3513 1177 3574 et
1193 3509 1272 3576 filia·

143 3614 219 3692 bus3
244 3611 339 3678 Gurk
356 3631 426 3677 cum
446 3631 556 3699 uxore,
574 3612 650 3696 filijs
668 3620 701 3678 et
716 3610 860 3693 filiabus;
885 3613 1051 3682 Bratizlou
1067 3635 1137 3681 cum
1155 3637 1270 3704 ruore,

143 3719 218 3803 filijs
236 3724 268 3786 ct
283 3718 433 3804 filiabus;
458 3719 611 3786 llilbraht
629 3719 781 3786 similiter
797 3742 867 3786 cum
884 3743 991 3809 uxore,
1023 3723 1099 3808 filijs
1126 3733 1159 3791 et
1189 3725 1269 3793 filia-
1375 3764 1380 3772 ·

144 3829 218 3916 bus3
242 3828 421 3909 Liubizlcu,
448 3847 520 3894 eum
538 3848 640 3896 uxore
657 3829 820 3916 similiter,
846 3829 924 3916 filijs
956 3839 987 3898 et
1017 3831 1167 3920 filiabus;
1191 3838 1271 3900 item

143 3936 280 4004 ancillas
297 3955 382 4022 suas,
399 3935 526 4004 scilicet
542 3937 648 4020 Migla
665 3958 736 4004 cum
753 3937 830 4023 filijs
848 3945 880 4004 et
896 3937 1042 4020 filiabus;
1067 3940 1143 4006 item
1170 3942 1271 4026 Jago-

144 4043 195 4129 da,
215 4041 360 4128 llililrna,
378 4043 473 4128 Tupa
490 4051 521 4110 ct
538 4044 657 4110 Pricba
673 4046 824 4114 similiter
835 4066 906 4112 cum
916 4046 1043 4114 filiabus
1055 4051 1133 4135 suis,
1152 4049 1271 4118 donas-

145 4159 192 4217 set
216 4150 399 4218 antedictis.
434 4151 510 4217 Tali
542 4157 650 4217 tamcu
683 4151 876 4221 condicione
907 4156 1088 4238 interserta,
1112 4157 1208 4240 ¹quod
1243 4158 1272 4224 si

146 4258 314 4342 sepedicta
329 4259 431 4324 minor
447 4259 593 4325 filiasue
610 4259 680 4326 siue
697 4260 805 4328 liberis
821 4261 893 4326 Deo
909 4267 1045 4329 vocante
1062 4261 1270 4352 migrarent,

146 4383 217 4446 pars
235 4385 297 4448 que
314 4367 419 4450 ipsam
436 4366 477 4431 de
494 4366 588 4434 dictis
605 4369 780 4455 mancipijs
797 4375 827 4433 ct
843 4369 974 4436 ancillis
986 4370 1153 4455 contingit,
1172 4371 1270 4440 iuius

144 4479 177 4538 et
192 4474 423 4558 proprietatem
440 4476 574 4543 maioris
590 4477 656 4544 filie
673 4498 731 4544 sue
762 4477 909 4544 Marinus
939 4477 1102 4545 nominate
1137 4479 1271 4547 deuclni

131 4577 260 4656 ‚debeat
276 4580 373 4666 pleno
388 4581 465 4649 iure.
506 4583 575 4652 Nec
591 4585 651 4651 hoc
667 4587 942 4671 pretermittimus,
974 4583 1098 4654 fructus
1129 4587 1270 4672 predicti
1377 4647 1381 4654 .
