3150 5162
674 945 749 1014 338.

145 1146 166 1207 Ι
173 1145 206 1208 V.
220 1142 355 1210 Soudor
367 1150 460 1231 popu
477 1143 702 1228 Colambcnuet
720 1148 822 1210 trau-i
829 1107 991 1234 perpotet
999 1147 1272 1238 felbatalmuaea,

282 1255 388 1340 milcp
405 1278 427 1319 c
443 1252 593 1320 sibenicoc'
603 1255 794 1342 popedypcl
811 1255 1017 1342 irrlczlccdjeit.
1042 1259 1139 1326 1260.

253 1442 441 1516 Alexander
456 1449 636 1535 Episcopus
663 1466 775 1516 seruus
808 1469 971 1517 servorum
1001 1451 1062 1518 Dei
1093 1455 1272 1522 venerabili

142 1560 237 1624 fratri
254 1609 262 1625 .
278 1609 286 1626 .
302 1607 309 1624 .
326 1560 487 1645 Episcopo
504 1559 714 1640 Traguriensi
731 1557 868 1626 salutem
886 1565 917 1625 et
932 1561 1151 1646 Apostolicam
1176 1565 1270 1630 bene-

143 1665 330 1732 dictionem.
357 1665 515 1750 Exposuit
530 1665 623 1732 nobis
656 1671 710 1730 tua
742 1665 939 1751 fraternitas,
972 1667 1059 1752 quod
1090 1667 1198 1736 clerici
1230 1671 1271 1738 de

144 1775 259 1841 Castro
277 1773 427 1840 Sibenico
443 1779 497 1840 lue
513 1772 660 1840 Dicccsis
677 1773 744 1840 lata
761 1773 795 1842 in
811 1793 866 1840 eos
882 1794 903 1838 a
919 1775 1003 1854 bone
1019 1779 1172 1844 memorie
1196 1778 1271 1864 Epi-

144 1901 244 1966 scopo
261 1881 473 1965 Traguriensi
489 1881 719 1966 predecessore
735 1887 790 1948 tuo
808 1902 867 1966 pro
884 1883 1048 1970 denegata
1063 1885 1128 1952 sibi
1137 1887 1179 1952 ab
1189 1887 1271 1972 ipsis

144 1987 342 2077 obedientia,
360 1989 701 2056 excommunicationis
719 1990 881 2056 sententia
897 1988 962 2056 sint
979 1990 1091 2076 ligati3
1116 1992 1270 2078 idemque

142 2095 358 2180 predecessor
374 2098 538 2164 observari
556 2095 692 2164 eandem
706 2097 903 2164 sententiam
930 2115 1033 2179 usqne
1067 2099 1110 2164 ad
1141 2101 1240 2169 satisl
1258 2140 1270 2154 -

144 2203 284 2270 ctionem
304 2201 501 2288 condignam
518 2202 658 2270 obtinuit
682 2223 702 2268 a
733 2203 817 2269 Sede
847 2203 1033 2289 Apostolioa
1063 2204 1269 2292 demandari;

142 2330 279 2394 qnorum
298 2311 488 2378 clericorum
505 2311 638 2394 qnidam
671 2315 882 2395 susceperunt
913 2311 1052 2397 ordines,
1085 2320 1117 2380 et
1146 2316 1268 2383 Divina

142 2419 310 2485 celebrant
327 2417 434 2484 officia
449 2419 497 2486 sic
513 2418 616 2504 ligati,
634 2436 734 2501 quare
760 2439 859 2503 super
890 2419 931 2484 iis
964 2438 1074 2486 eorum
1106 2421 1268 2506 provideri

142 2525 244 2591 saluti
260 2525 424 2592 humiliter
449 2527 632 2610 postulasti.
671 2528 721 2592 De
751 2531 808 2592 tua
839 2528 949 2611 itaque
981 2527 1270 2614 circumspectione

143 2633 275 2718 plenam
291 2633 324 2699 in
341 2632 479 2700 Domino
495 2633 646 2699 fiduciam
663 2634 856 2716 obtinentes,
873 2635 1072 2718 presentium
1088 2635 1147 2703 tibi
1162 2644 1269 2704 aneto·

143 2743 240 2807 ritate
257 2741 477 2828 concedimus,
503 2747 538 2806 ut
555 2740 686 2806 eosdem
704 2740 997 2810 excommunicatos
1023 2745 1176 2811 absolvas
1207 2745 1269 2814 bac

140 2849 212 2915 vice
228 2847 456 2916 abhuiusmodi
474 2847 812 2914 excommunicationis
828 2851 999 2936 sententia,
1025 2851 1117 2917 iuxta
1133 2851 1267 2920 formam

140 2957 293 3022 Ecclesia
309 2956 377 3024 vioe
393 2961 520 3037 nostra;
537 2955 707 3040 iniungens
723 2957 770 3022 eis
786 2957 872 3041 quod
889 2955 929 3022 dc
944 2958 1013 3024 iure
1029 2960 1090 3026 erit
1101 2959 1268 3044 iniungen-

141 3063 232 3128 dum.
258 3065 337 3130 Cum
353 3063 420 3129 illis
437 3069 544 3130 autem
561 3083 602 3129 ex
619 3062 677 3152 eis,
691 3065 757 3168 „qui
768 3063 854 3147 juris
870 3063 977 3148 ignari
994 3069 1050 3130 aut
1065 3066 1269 3136 immemores

140 3171 229 3255 sacti,
247 3170 464 3238 absolutionis
481 3170 634 3237 beneficio
652 3191 715 3238 non
733 3173 862 3238 obtento
893 3178 1104 3256 susceperunt
1127 3173 1267 3262 ordines,

141 3278 264 3345 Divina
280 3277 386 3345 officia
402 3281 619 3363 celebrarunt,
650 3279 793 3346 iniuncta
811 3281 858 3346 eis
875 3301 933 3365 pro
949 3280 1046 3349 modo
1061 3283 1153 3367 culpe
1177 3286 1267 3367 peni·

142 3385 247 3452 tentia
264 3386 468 3473 competenti,
483 3407 587 3469 eaque
603 3393 747 3472 peracta,
775 3387 872 3456 liceat
888 3387 947 3455 libi
964 3387 1004 3456 de
1035 3389 1267 3478 misericordia,

144 3515 206 3579 qne
222 3495 447 3579 superexaltat
459 3495 595 3580 judicio,
612 3501 708 3581 prout
725 3515 834 3562 eorum
852 3496 950 3564 saluti
966 3497 1087 3565 videris
1105 3497 1268 3586 expedire,

145 3601 344 3687 dispensare.
368 3602 404 3667 Si
421 3623 495 3669 vero
511 3602 629 3687 prefati
640 3603 907 3670 excommunicati
919 3606 1067 3692 solenter,
1085 3613 1269 3673 nontamen

143 3713 176 3776 in
192 3715 410 3794 contemptum
428 3710 566 3776 clavium
582 3711 662 3778 talia
678 3712 942 3797 presumpserint,
960 3714 1006 3778 cis
1022 3733 1082 3798 per
1105 3713 1268 3780 biennium

143 3818 184 3884 ab
200 3817 349 3884 ordinum
367 3817 557 3885 executione
573 3819 752 3905 suspensis,
779 3824 811 3883 et
826 3817 977 3904 imposita
992 3821 1072 3902 ipsis
1089 3821 1268 3906 penitentia

142 3925 287 4014 salutari,
305 3945 358 3992 cos
375 3926 591 4013 postmodnm,
607 3926 635 3993 si
650 3925 769 3993 fuerint
779 3927 863 3993 bone
872 3929 1129 3996 conversationis
1146 3935 1178 3996 et
1193 3929 1269 4015 vite,

140 4036 183 4101 ad
201 4035 343 4118 gratiam
360 4033 612 4118 dispensationis
628 4034 791 4102 admittas.
823 4033 943 4099 Datum
959 4037 1108 4120 Anagnis
1125 4036 1196 4104 v11.
1213 4036 1270 4103 ka-

140 4143 260 4210 lendas
276 4142 409 4228 Aprilis,
425 4141 636 4209 Pontificatus
653 4143 756 4210 nostri
773 4161 860 4208 anno
876 4147 977 4209 sexto.

354 4338 483 4402 (Parlati,
502 4339 648 4403 Illyricum
668 4338 783 4390 Sacrum
803 4339 850 4390 tv.
870 4339 930 4390 ludt.
951 4342 1013 4390 elo.
1031 4339 1062 4399 1.)
