3120 5148
588 270 748 374 Q

120 467 299 552 exemplum,
317 465 403 552 quod
419 465 463 533 ad
479 465 732 550 promovendam
748 465 904 532 Sanctam
919 465 1100 532 Ecclesiam
1120 471 1242 530 nostre·

120 575 361 642 Christianitatis
377 573 511 641 devocio
530 572 729 640 suscitetur:
757 571 928 638 manifesta
952 578 1062 637 tamen
1093 569 1227 636 evidens

117 691 144 746 et
156 684 288 767 probata
304 683 338 748 in
355 680 449 747 nobis
464 679 620 747 creatoris
636 679 737 745 nostri
769 680 967 764 benignitas,
998 676 1229 744 beneficiorum

118 791 286 859 collacione
303 787 484 873 multiplici,
501 785 708 854 devotionern
726 793 867 854 nostram
884 787 1048 854 efficacius
1073 784 1230 850 animavit

116 898 153 964 od
168 896 346 972 colendum,
363 894 567 977 diligendum
583 899 615 960 et
632 893 843 960 exaltandum
869 895 904 960 in
932 894 1080 960 omnibus
1110 909 1227 958 nomen

115 1005 183 1090 eins,
198 1005 288 1072 cuius
303 1001 528 1070 misericordia
543 1023 563 1068 a
579 1008 628 1068 tot
644 1010 677 1068 et
692 1002 791 1068 tantis
802 1021 913 1069 sumus
924 1000 1075 1086 periculis
1085 998 1227 1083 liberati,

115 1112 150 1180 ds
164 1112 259 1178 exilio
275 1110 319 1177 ad
335 1129 482 1197 regnum,
499 1109 539 1177 de
555 1129 684 1177 carcere
700 1110 743 1176 ad
759 1110 876 1178 solium
903 1109 1095 1176 mirabiliter
1128 1105 1227 1174 subii·

117 1219 199 1306 mati,
213 1218 355 1286 filiorum
388 1223 500 1304 optata
525 1217 754 1302 procreacione
786 1225 818 1282 et
848 1215 971 1284 dierum
1005 1215 1229 1299 tranquilitate

113 1325 205 1410 potiti.
228 1326 310 1392 Cum
326 1344 404 1409 ergo
421 1323 590 1391 videamus
607 1331 831 1391 antecessores
847 1331 973 1392 nostros
997 1343 1054 1408 pro
1081 1321 1223 1389 remedio

111 1435 281 1500 animarum
297 1451 428 1498 suarum
444 1430 478 1496 in
494 1429 631 1496 diversis
647 1430 727 1498 locis
742 1430 847 1515 Regni
864 1432 914 1497 sni
927 1431 1057 1498 diversa
1066 1439 1226 1496 monaste·

111 1540 153 1605 ria
168 1540 322 1607 fundasse
338 1548 370 1606 et
385 1559 425 1604 ea
441 1537 703 1623 possessionibus
720 1537 990 1620 libertatibusque
1001 1538 1133 1604 dotasse
1145 1563 1152 1603 :
1164 1555 1224 1602 nos

110 1658 295 1716 tunsarum
313 1645 472 1730 exemplis
498 1644 624 1731 imbuti,
649 1652 716 1711 tum
742 1645 844 1712 eciarn
878 1645 1007 1731 proprie
1027 1643 1225 1714 'devocionis

110 1762 174 1822 voto
189 1752 275 1839 quod
291 1753 415 1820 dudum
431 1751 538 1819 animo
563 1772 817 1838 conceperamus
841 1752 975 1838 inducti,
993 1752 1224 1820 monasterinm

109 1863 146 1927 ad
161 1861 313 1929 honorem
329 1863 431 1927 Beate
447 1860 509 1926 Dei
526 1859 700 1927 Genitriois
717 1869 749 1927 et
765 1862 907 1946 Virginis
939 1863 1040 1929 Maris
1071 1865 1103 1929 in
1140 1862 1222 1944 loco,

108 1971 156 2052 qni
171 1970 290 2036 dicitur
305 1968 621 2053 Toplica„duximus
636 1968 898 2053 construendum,
913 1969 1133 2054 fratribusque
1150 1971 1220 2038 Cla·

107 2077 287 2144 revadensis
302 2075 438 2152 Domus,
456 2073 586 2140 Ordinis
604 2073 852 2161 cysterciensis,
870 2079 904 2142 in
922 2077 1032 2143 eodem
1050 2077 1121 2144 loco
1153 2079 1223 2142 Deo

104 2185 214 2268 ingiter
229 2182 408 2262 servituris,
425 2183 652 2248 Monasterium
668 2184 774 2267 ipsum
790 2205 861 2248 cunr
877 2184 1025 2250 omnibus
1041 2187 1220 2268 possessio·
1255 2239 1262 2252 .

107 2294 194 2358 nitus
210 2297 244 2358 et
266 2277 483 2375 libertatibus,
517 2288 634 2373 quibus
666 2289 772 2376 ipsum
803 2291 996 2376 dotavimus,
1029 2291 1226 2359 hereditario
1262 2291 1268 2302 '

103 2401 166 2463 iure
181 2397 378 2465 contulimus
394 2395 635 2481 possidendum.
674 2397 831 2489 Dedimus
849 2406 957 2464 autem
983 2399 1087 2468 eidem
1114 2401 1224 2466 Mona·

102 2509 197 2572 sterio
214 2509 247 2573 in
267 2505 387 2590 dotem,
403 2509 506 2570 totum
533 2503 684 2570 videlicet
717 2505 910 2572 Comitatnm
943 2507 983 2573 dc
1014 2506 1120 2574 Gerra
1152 2529 1223 2572 cum

102 2614 246 2681 omnibus
262 2612 471 2698 pertinenciis
487 2613 554 2676 suis
581 2620 688 2696 preter
714 2614 931 2696 pertinencias
963 2615 1219 2701 Temptatiorum

100 2721 130 2784 in
145 2721 257 2786 eodem
276 2717 440 2788 comitatu
457 2726 634 2802 contentas,
652 2726 685 2784 et
701 2729 809 2804 preter
825 2740 882 2788 sex
899 2723 1129 2803 generaciones
1151 2743 1221 2788 cum

99 2827 289 2894 tennmentis
319 2846 439 2909 earum,
474 2846 555 2908 quas
581 2825 624 2890 ad
641 2825 864 2894 inridicionem
882 2829 1030 2896 volumus
1050 2831 1220 2917 pertinere.
1325 2907 1327 2912 ,

98 2935 274 3002 Statuimus
291 2954 379 3019 ergo,
395 2933 481 3017 quod
498 2941 677 2998 memorata
695 2934 952 3002 EcclesiaBeate
965 2936 1067 3004 Maria
1084 2937 1123 3004 de
1140 2939 1223 3022 Top-

99 3042 160 3110 tica
174 3043 286 3110 omnia
302 3041 374 3107 iura
390 3039 538 3126 predicta
554 3038 731 3108 Comitatus
748 3041 788 3106 dc
805 3039 917 3124 Gorra,
937 3044 1002 3108 alia
1019 3045 1061 3109 ab
1079 3043 1140 3129 his,
1161 3065 1223 3127 que

97 3151 192 3234 paulo
209 3156 290 3218 ante
307 3148 503 3234 excepimus,
522 3148 624 3214 libero
641 3155 671 3215 et
686 3149 810 3231 integre
826 3158 1045 3234 perpetuoque
1055 3152 1223 3234 possideat

94 3262 152 3326 sub
169 3261 242 3327 cius
259 3259 423 3325 libertatis
439 3257 697 3341 integritatisque
712 3265 834 3344 tenore,
850 3278 914 3343 quo
924 3261 1032 3326 Duces
1051 3259 1224 3325 Sclavenie

94 3387 149 3432 sen
165 3368 310 3434 Comites
326 3365 368 3434 de
384 3365 488 3433 (icrra
505 3365 619 3431 eadem
638 3372 737 3433 antea
753 3365 974 3454 possederunt,
1000 3367 1071 3434 sive
1095 3386 1135 3432 ea
1159 3366 1224 3433 sint

93 3477 123 3540 in
142 3475 251 3556 terris,
270 3473 391 3541 sivein
408 3473 523 3557 pratis,
548 3473 618 3540 sive
634 3473 668 3538 in
684 3472 783 3558 villis,
800 3473 870 3540 sive
894 3473 926 3538 in
960 3473 1063 3561 silvis,
1095 3475 1166 3540 sire
1190 3475 1224 3540 in

91 3581 170 3649 ioris
187 3589 222 3650 et
239 3581 484 3670 venacionibus,
515 3580 587 3646 sive
606 3581 639 3644 in
655 3581 749 3663 aquis
767 3589 798 3647 et
830 3583 997 3666 portubus,
1028 3581 1223 3650 molendinis

90 3701 121 3753 ct
136 3687 394 3774 piscacionibus,
410 3687 479 3754 sive
496 3687 528 3753 in
547 3687 658 3754 servis
673 3687 910 3772 iobagionibus,
926 3689 994 3756 sire
1005 3690 1223 3758 castrensibus
1284 3741 1293 3750 .

89 3817 159 3862 cum
177 3796 318 3881 integris
334 3815 443 3863 eorum
467 3795 617 3862 serviciis
643 3801 675 3861 et
707 3794 897 3882 redditibus,
929 3797 1044 3880 quibus
1059 3797 1141 3864 Duoi
1173 3801 1222 3866 vel

89 3905 207 3971 Conciti
227 3903 351 3972 servire
367 3911 615 3991 consueverant,
644 3903 714 3970 sive
731 3904 766 3969 in
781 3903 855 3970 aliis
871 3905 1131 3989 possessionibus
1147 3927 1224 3990 quo-

86 4032 231 4099 cumque
248 4012 379 4079 nomine
396 4017 598 4078 censeantur.
642 4011 675 4082 Si
696 4013 768 4094 quis
784 4032 860 4078 vero
876 4023 950 4096 post
966 4025 1093 4099 tempus
1127 4015 1223 4081 huius

87 4132 200 4189 nostre
217 4119 420 4202 donacionis,
437 4139 499 4202 que
516 4119 605 4186 sacta
621 4119 681 4185 tuit
698 4119 802 4204 Regni
822 4121 922 4187 nostri
954 4141 1040 4187 anno
1072 4123 1223 4206 secundo,

84 4227 215 4312 aliquid
233 4227 275 4292 de
291 4228 390 4294 rebus
406 4225 554 4292 eiusdem
572 4227 771 4312 monasterii,
797 4225 948 4294 videlicet
973 4225 1014 4292 de
1044 4227 1148 4309 terris,
1179 4229 1225 4292 vi-

84 4339 168 4423 neis,
188 4335 386 4420 redditibus,
402 4333 551 4402 serviciis
569 4341 601 4399 et
617 4335 757 4402 manime
775 4333 816 4400 de
832 4333 1082 4418 piscacionibus,
1095 4331 1225 4398 iraudu-

83 4445 191 4511 lenter
210 4444 263 4508 vel
281 4443 441 4509 violenter
458 4440 663 4520 subtraxerit,
697 4441 842 4508 districte
872 4440 1071 4528 precipimus
1103 4447 1135 4506 et
1165 4439 1225 4507 snb

80 4571 171 4638 pena
187 4549 296 4633 Regis
310 4547 551 4633 indignacionis
569 4547 736 4636 edicimus,
752 4549 839 4632 qnod
865 4549 946 4616 illud
970 4555 1120 4615 cessante
1147 4567 1223 4613 oon-
