3150 5162
856 888 932 958 883.

324 1085 389 1154 IV.
403 1087 489 1154 aaa
504 1087 682 1174 loirdlyaclc
692 1086 939 1174 pricilept'amu,
969 1083 1113 1172 mstpzyd
1136 1111 1158 1151 a
1189 1087 1312 1173 ceptior·
1340 1086 1462 1174 prdsole
1571 1109 1572 1112 ¹

309 1190 599 1282 (Pnoupepdnok)
622 1196 787 1282 caolddjdt
811 1217 833 1260 o
855 1195 1123 1284 mopyororsqut'
1144 1193 1274 1280 fdtcrnlc
1306 1193 1461 1260 dlldertro
1571 1249 1572 1308 ἶ

780 1301 878 1370 emeli.
906 1303 1003 1368 1260.
1571 1309 1572 1326 ¹

430 1497 512 1566 Bela
534 1497 597 1564 Dei
615 1495 729 1579 gracia
755 1495 933 1581 Hungnrie,
959 1493 1143 1580 Dolmacie,
1175 1494 1320 1581 Orcacie,
1344 1494 1462 1582 Reme,
1571 1461 1572 1484 ἢ

308 1602 447 1688 :Seruis
464 1605 615 1692 (tellicio,
631 1603 834 1686 Lodomorie‚
851 1601 1073 1686 Cumanieque
1088 1602 1160 1669 Rex
1184 1601 1335 1670 omnibns
1366 1601 1461 1670 Glrri·

315 1710 366 1778 -sti
381 1708 532 1778 fidelibus
550 1730 685 1798 presens
701 1711 858 1798 scriptum
874 1709 1071 1796 inspecturis
1095 1709 1233 1778 salntem
1250 1705 1285 1774 in
1317 1723 1366 1790 ec,
1398 1726 1460 1792 per

307 1835 418 1901 'luem
433 1819 539 1903 Reges
554 1826 693 1902 regnant
708 1825 740 1886 et
755 1819 926 1904 Principes
941 1816 1161 1884 dominantur.
1182 1815 1286 1899 Regio
1301 1813 1458 1882 Sublimi·
1571 1855 1572 1860 κ

320 1923 385 2005 tati
400 1925 560 2005 conuenit,
578 1925 721 1993 omnium
737 1925 913 1992 nacionum
929 1923 1100 2010 peniteret
1124 1923 1313 2006 linguarum
1340 1926 1459 2005 gentes

323 2029 386 2100 sibi
401 2029 517 2099 deuote
532 2032 728 2100 adherentes
744 2033 855 2098 taliter
871 2030 1056 2118 prouidere,
1080 2036 1118 2099 ut
1134 2029 1188 2114 alij
1217 2027 1454 2114 suprauenien·
1571 2043 1572 2094 t

323 2146 374 2208 tea
392 2157 503 2206 eornm
520 2138 669 2224 exemplo
686 2137 844 2205 imitando
863 2135 907 2202 ad
938 2134 1106 2204 fidelitatis
1138 2153 1239 2220 opera
1270 2133 1458 2200 exercenda
1571 2237 1572 2240 Ἴ

321 2245 507 2316 feruencius
524 2252 710 2314 saccentur.
734 2245 876 2312 Proinde
892 2245 932 2312 ad
965 2245 1192 2312 uniuersorum
1224 2248 1292 2308 tam
1324 2259 1458 2326 presen-

321 2354 406 2420 cium
425 2373 521 2436 quam
538 2352 716 2420 futurorum
732 2353 887 2421 noticiam
903 2352 1021 2418 harum
1047 2350 1130 2418 serie
1160 2349 1309 2418 volumus
1341 2369 1456 2435 perue-
1571 2333 1572 2406 ξ

310 2459 392 2527 nire
409 2483 417 2524 ε
435 2460 612 2544 quodcum
628 2459 762 2530 humani
779 2461 909 2546 generis
925 2456 1067 2528 sordidis
1098 2457 1278 2526 sceleribus
1304 2458 1457 2544 preuale-

312 2567 492 2635 nocentibus
508 2567 679 2636 multitudo
695 2567 924 2637 inestimabilis
939 2566 1054 2636 rabide
1069 2565 1177 2651 gentis
1207 2565 1379 2632 Tartarioe
1414 2584 1458 2630 ex
1571 2631 1572 2648 p

320 2674 469 2742 affluenti
484 2675 714 2760 indignacione
730 2677 931 2744 terrestrium
949 2673 1169 2742 machinarum
1187 2672 1366 2740 conditoris
1396 2694 1455 2757 per

306 2781 458 2851 climata
472 2783 578 2868 Regni
594 2783 697 2851 nostri
713 2784 846 2868 perfusa
862 2803 977 2852 seuere
993 2780 1182 2850 ulciscendo
1199 2779 1325 2859 fuisset,
1343 2788 1376 2846 et
1393 2800 1457 2848 nos

323 2907 389 2954 vna
406 2910 479 2957 cum
494 2891 568 2958 fidis
584 2891 780 2977 primatibus
796 2897 828 2958 et
844 2889 989 2976 egregijs
1005 2888 1171 2956 nobilibus
1204 2892 1297 2954 extra
1326 2906 1458 2953 monar—
1571 2881 1572 2956 ἶ

308 2995 431 3063 chiam
447 3003 592 3064 nostram
621 3017 722 3082 usqne
747 2997 790 3066 ad
822 2998 935 3064 littora
966 3000 1084 3081 pontus
1116 2993 1319 3062 atrocissime
1351 3013 1462 3080 perse·
1571 2991 1572 3030 ³

306 3104 449 3188 oquendo
466 3104 499 3172 in
515 3105 681 3190 quandam
699 3103 841 3174 insulam
858 3103 1054 3172 maritimam
1070 3101 1261 3187 impulendo
1295 3101 1458 3169 choerois·
1571 3157 1572 3178 ,

320 3219 381 3298 set,
398 3209 439 3279 de
454 3231 520 3296 qua
535 3213 640 3280 eciam
658 3212 752 3280 uiuos
769 3211 939 3279 extrahere
954 3210 1167 3293 sathagentes
1178 3229 1236 3294 per
1245 3208 1457 3294 naufragium
1571 3247 1572 3268 r

320 3317 355 3384 in
371 3337 429 3384 nos
446 3317 568 3386 irruere
584 3319 795 3399 chonassent,
828 3319 884 3388 ubi
900 3320 935 3386 in
966 3317 1117 3384 conflictu
1148 3317 1337 3384 certaminis
1368 3315 1458 3383 inter

320 3433 448 3493 nostros
464 3434 496 3492 et
512 3427 603 3512 ipsos
618 3427 777 3494 Tartarus
793 3432 922 3493 seruato
933 3433 1117 3493 nostrorum
1130 3422 1457 3493 corruenciasunera
1571 3421 1572 3468 ἒ

318 3553 409 3601 more
425 3533 581 3602 Rachelis
600 3535 711 3619 iugulo
727 3534 984 3620 plangebamus3
1009 3541 1104 3620 pater
1135 3533 1271 3600 tandem
1303 3531 1454 3600 ineffabi-

320 3641 401 3708 lium
417 3643 714 3710 misericordiarum
733 3650 765 3712 et
780 3643 929 3710 dominus
945 3645 998 3728 pie
1015 3643 1269 3727 consolacionis,
1301 3641 1359 3724 qui
1375 3661 1455 3710 cun·

319 3753 388 3816 ctos
403 3749 438 3815 in
456 3770 491 3817 se
508 3756 679 3836 sperantes
696 3758 842 3836 tempore
858 3750 1082 3820 tribulationis
1098 3771 1164 3819 non
1196 3750 1317 3818 deserit
1348 3749 1455 3836 opitu·

318 3854 419 3923 lando
436 3857 620 3942 subiecere,
636 3858 730 3926 nobis
746 3859 812 3926 iam
830 3859 939 3926 helisis
957 3865 991 3926 et
1007 3861 1102 3945 quasi
1118 3857 1343 3946 precepitibns
1353 3857 1456 3925 uirtu—
1571 3873 1572 3882 ¹

318 3968 384 4030 tem
400 3983 460 4032 sue
477 3964 609 4033 dextere
626 3965 792 4050 porrigere
809 3965 963 4050 dignatus
994 3979 1062 4052 ost3
1087 3965 1244 4050 quoniam
1275 3964 1319 4030 ad
1350 3964 1454 4031 reful·
1571 3967 1572 4046 ξ

304 4071 460 4138 cendum
478 4093 538 4139 nos
558 4080 590 4139 et
606 4073 878 4140 corroborandum
904 4073 1088 4141 Feldricum
1114 4080 1146 4140 et
1176 4071 1455 4159 Bartholomeum,

320 4179 467 4249 illustres
485 4187 517 4248 et
533 4185 683 4248 strennos
699 4181 794 4266 rinos,
812 4181 947 4249 Nobiles
965 4179 1004 4248 de
1021 4181 1136 4270 Vegla,
1153 4182 1221 4247 alta
1238 4201 1278 4246 ex
1295 4182 1456 4267 prosapia
1571 4213 1572 4220 κ

318 4287 407 4355 vrbis
422 4289 568 4356 Romane
584 4287 778 4356 Senatorum
795 4297 891 4377 ortos,
908 4296 1073 4374 tamqnam
1091 4288 1225 4372 angelos
1236 4287 1402 4373 preciosos
1414 4310 1457 4356 ex

318 4413 395 4462 arce
411 4395 558 4481 polorum
576 4396 674 4483 misit,
691 4396 748 4481 qui
764 4397 857 4466 nobis
874 4416 947 4465 cum
964 4418 1074 4465 eorum
1092 4395 1263 4484 parentela
1295 4403 1327 4463 et
1358 4395 1457 4464 tanri-
1571 4435 1572 4466 r

304 4501 445 4570 „liarinm
464 4495 598 4572 caterua
613 4505 777 4588 armigera
793 4503 827 4571 in
844 4525 938 4592 opem
955 4513 987 4572 et
1002 4511 1112 4573 nostre
1137 4523 1278 4590 persone
1304 4504 1460 4574 saluber-
