3150 5162
728 293 729 297 Ὗ
820 333 982 434 ...aa

335 529 434 616 ijdem
453 549 551 617 super
568 531 748 616 ipsaterra
771 528 832 596 illa
862 549 966 596 aurea
996 528 1163 613 gaudeant
1194 535 1229 596 et
1258 527 1491 614 pertruantur

335 638 498 719 libertate,
516 659 580 722 qua
595 639 667 704 ueri
683 643 716 705 et
731 636 829 722 primi
844 635 947 720 Regni
964 636 1066 705 nostri
1084 635 1214 704 nobiles
1247 635 1488 721 gratulantur,
1566 653 1567 724 j

335 765 407 812 cum
422 743 457 811 id
473 741 597 811 eisdem
613 762 671 827 per
688 741 808 808 dictum
825 749 952 827 patrem
969 745 1115 810 nostrum
1133 742 1298 824 qnondam
1316 741 1482 810 inclitum
1566 737 1567 830 3

335 853 459 936 Regem
475 850 646 936 Hungarie
662 869 721 935 pro
738 849 889 934 seruicijs
905 849 1010 934 patris
1025 849 1169 934 ipsorum
1178 849 1366 936 meritorijs‚
1383 850 1483 916 sicut
1566 831 1567 876 ³

336 958 485 1044 superius
502 957 704 1044 exprimitur,
721 956 765 1025 sit
779 976 980 1024 concessum.
996 958 1082 1023 ltlete
1097 963 1206 1024 autem
1223 957 1370 1043 predicte
1380 963 1480 1022 terre

335 1063 549 1149 Kyuslrolusd
564 1067 691 1146 uocate,
710 1060 888 1130 secundnm
905 1060 993 1146 quod
1008 1061 1044 1128 in
1059 1061 1175 1130 litteris
1190 1061 1331 1132 Abbatis
1341 1064 1486 1130 etCon·-
1566 1085 1567 1104 ³

335 1178 453 1240 uentus
470 1171 582 1239 Sancti
600 1169 740 1236 Adriani
756 1169 797 1236 de
813 1170 907 1258 Zala,
939 1169 992 1236 cui
1006 1173 1041 1238 in
1065 1169 1228 1238 mandetis
1260 1170 1482 1258 dederamus,
1566 1183 1567 1214 ³

335 1278 495 1346 contineri
511 1278 662 1365 uidimus,
690 1281 756 1346 isto
787 1276 903 1344 crdins
935 1277 1157 1364 distinguntur
1173 1304 1181 1346 :
1197 1277 1310 1345 Prima
1341 1279 1482 1346 scilicet
1566 1331 1567 1368 3

337 1390 423 1452 meta
441 1383 586 1455 eiusdem
603 1384 720 1471 incipit
735 1405 757 1450 a
772 1391 867 1472 parte
892 1384 1042 1452 orientali
1068 1388 1111 1453 ab
1142 1406 1229 1471 aqua
1258 1385 1342 1452 Zela
1372 1387 1480 1452 iuxta

341 1499 461 1558 terrum
477 1491 609 1560 Comitis
624 1491 817 1575 Salomonis,
834 1491 891 1558 ubi
906 1499 982 1558 sunt
998 1491 1061 1560 due
1078 1501 1163 1558 mete
1180 1501 1294 1580 terres,
1323 1501 1354 1562 et
1370 1495 1480 1560 uadit

335 1618 450 1667 uersus
467 1597 668 1670 occidentem
685 1598 807 1667 directe
823 1597 868 1666 ad
893 1619 1047 1684 magnam
1073 1601 1172 1684 uiam,
1205 1621 1267 1686 qae
1298 1600 1391 1668 ducit
1427 1601 1477 1668 ad

336 1703 458 1791 Oopan,
476 1707 531 1774 ubi
546 1715 622 1775 suut
637 1710 754 1776 iterato
770 1707 835 1776 due
852 1713 938 1774 mete
953 1716 1077 1792 terree;
1101 1708 1221 1776 abhinc
1246 1709 1325 1775 salit
1354 1709 1477 1794 ipsam
1566 1707 1567 1786 ζ

335 1831 489 1896 magnam
507 1815 594 1882 uiam
610 1815 761 1882 similiter
786 1835 901 1882 uersum
927 1815 1140 1901 occidentem,
1172 1823 1205 1882 et
1236 1818 1390 1901 peruenit
1426 1817 1478 1884 ad
1566 1797 1567 1870 i

337 1939 436 1988 unum
453 1929 595 2007 putenm,
611 1921 667 1989 nbi
683 1930 757 1990 sont
772 1921 836 1988 due
861 1929 946 1990 mete
970 1933 1093 2004 terree;
1115 1923 1202 1991 vnde
1227 1923 1479 2010 progrediendo

335 2029 483 2096 ascendit
499 2027 721 2112 monticulum,
736 2035 770 2098 et
784 2029 925 2097 flectitur
942 2029 986 2095 ad
1001 2031 1167 2115 quandam
1181 2053 1334 2117 magnam
1360 2035 1472 2120 uiam,
1566 2017 1567 2054 ἦ

335 2155 399 2220 que
415 2133 561 2204 ducitad
577 2136 781 2224 Oopurnuch‚
812 2137 868 2203 ubi
898 2143 973 2205 sunt
1003 2139 1066 2204 due
1095 2145 1182 2206 mete
1212 2147 1316 2225 terrs;
1355 2150 1389 2209 et
1423 2142 1475 2209 ibi

335 2245 452 2311 transit
468 2245 573 2332 ipsam
590 2263 744 2329 magnam
760 2244 847 2311 niam
864 2243 971 2313 adhuc
987 2243 1031 2311 ad
1041 2245 1240 2316 occidentem
1251 2248 1471 2335 admagnum
1566 2261 1567 2340 l

334 2358 475 2419 montem
491 2371 563 2419 cum
581 2351 720 2420 diuersis
737 2352 841 2436 metis,
858 2359 891 2420 et
906 2353 1056 2436 peruenit
1072 2351 1117 2419 ad
1132 2358 1478 2447 metamangularenr,

334 2476 398 2542 qne
415 2467 547 2545 separat
562 2480 583 2526 a
598 2467 687 2527 terra
711 2461 825 2526 Almas
855 2467 993 2545 uoceta3
1017 2469 1051 2528 ct
1081 2461 1159 2529 inde
1189 2465 1401 2548 progreditur
1434 2467 1473 2533 in

326 2561 477 2647 'quadam
494 2565 550 2633 uia
565 2586 680 2634 uersus
695 2567 1005 2655 septemtrionalem,
1022 2569 1079 2635 ubi
1094 2572 1335 2638 suntduemete
1346 2581 1472 2659 terree,
1566 2569 1567 2606 ³

336 2669 370 2738 in
396 2671 572 2742 inmediats
588 2695 684 2758 qoam
702 2677 834 2762 plurcs;
859 2675 945 2742 vnde
962 2675 1069 2742 eundo
1085 2696 1200 2745 uersus
1216 2679 1374 2748 orientem
1390 2699 1471 2766 per·

335 2777 425 2846 uenit
440 2781 557 2849 iterato
573 2783 617 2848 ad
634 2801 787 2866 magnam
804 2782 903 2867 uiam,
935 2803 998 2866 que
1016 2783 1103 2850 ducit
1119 2785 1237 2852 iterato
1267 2786 1312 2852 ad
1341 2785 1476 2872 Gopur·
1566 2789 1567 2830 l

334 2889 430 2976 nuch,
448 2889 503 2956 nbi
522 2899 597 2958 sunt
612 2891 675 2957 dne
691 2895 775 2958 mete
792 2898 917 2976 terree5
942 2898 975 2958 et
989 2890 1067 2959 inde
1082 2893 1230 2960 aseendit
1245 2891 1288 2961 ad
1305 2895 1471 2963 orientem

335 3015 408 3064 cum
425 2997 562 3065 diuersis
577 2998 692 3081 metis;
709 2997 751 3064 de
766 3015 830 3081 qua
846 2997 1084 3084 progrediendo
1101 2999 1191 3066 uadit
1201 2999 1475 3087 adseptemtrio·
1566 3055 1567 3070 r

335 3104 453 3190 nalem,
470 3106 525 3172 abi
543 3104 757 3172 commetanei
772 3109 848 3171 sunt
863 3105 977 3192 populi
994 3104 1036 3172 de
1052 3105 1271 3190 magnavilla
1287 3109 1402 3197 Kelus,
1433 3117 1472 3176 et
1566 3105 1567 3152 l

334 3209 380 3278 ibi
396 3215 472 3279 sunt
487 3211 550 3278 due
568 3217 653 3278 mete
669 3213 856 3296 angulares,
889 3220 921 3279 et
936 3211 1115 3280 inmediate
1139 3233 1236 3298 quam
1267 3214 1396 3301 plures;
1422 3217 1472 3284 de

334 3339 400 3402 qna
417 3317 519 3386 tendit
535 3337 648 3387 uersus
664 3319 829 3405 orientem,
846 3319 900 3386 nbi
916 3327 993 3387 sunt
1009 3320 1072 3386 due
1089 3327 1183 3408 mete,
1213 3325 1329 3390 unuin
1345 3323 1470 3391 arbore
1566 3373 1567 3428 l

333 3429 437 3516 uyrfu
453 3431 579 3509 uocata,
595 3425 748 3492 etaltera
764 3433 883 3513 terrea,
899 3425 955 3492 ubi
970 3425 1135 3494 uicinatur
1150 3435 1235 3495 terre
1250 3429 1377 3498 Nicolai
1403 3431 1467 3514 filij
1566 3429 1567 3484 l

333 3533 481 3614 Koroch;
497 3531 616 3598 abhinc
632 3531 802 3600 descendit
818 3533 933 3598 iterato
950 3531 993 3599 ad
1008 3553 1162 3616 magnam
1179 3537 1277 3621 viam,
1291 3555 1352 3620 que
1363 3537 1468 3605 duce·

332 3641 390 3708 bat
406 3639 449 3705 ad
464 3637 587 3723 (lopun,
604 3639 661 3705 ubi
677 3646 752 3705 sunt
769 3638 831 3704 due
848 3644 934 3707 mete
950 3646 1071 3724 terree;
1089 3648 1122 3706 et
1136 3639 1213 3707 inde
1224 3641 1328 3708 tendit
1338 3643 1467 3713 directe
1566 3655 1567 3742 f

334 3745 492 3816 adunam
509 3765 633 3831 nemus,
650 3745 744 3812 stibi
761 3754 809 3813 est
824 3753 932 3832 meta3
956 3747 1041 3813 vnde
1057 3747 1164 3814 eundo
1181 3747 1331 3816 similiter
1345 3770 1466 3818 uersus
1566 3765 1567 3768 ’

333 3857 489 3926 orientem
506 3855 655 3938 peruenit
671 3852 714 3920 ad
732 3853 814 3920 duas
831 3861 948 3940 metas,
980 3874 1116 3938 quarum
1134 3875 1201 3922 una
1216 3864 1267 3925 est
1291 3859 1325 3924 in
1356 3859 1464 3937 silice,
1566 3917 1567 3934 ,

332 3972 364 4032 et
380 3963 485 4031 altera
499 3969 624 4047 terrea,
647 3967 679 4027 et
695 3960 815 4028 abhinc
829 3961 969 4028 flectitur
993 3962 1111 4030 iterato
1143 3963 1187 4029 ad
1218 3984 1338 4049 aquam
1369 3967 1467 4060 Zela,
1566 3987 1567 4062 ᾗ

330 4072 386 4138 ubi
402 4069 604 4138 terminatur.
638 4067 707 4134 Nos
722 4069 825 4152 igitur
842 4069 1055 4154 peticionibus
1070 4069 1285 4155 predictorum
1316 4071 1462 4140 tiliorum
1566 4071 1567 4092 ³

332 4177 430 4244 Wraa
448 4175 552 4261 Regia
567 4175 768 4244 liberalitate
793 4177 953 4262 inclinati,
983 4177 1144 4263 prefatum
1178 4179 1387 4265 priuilegium
1418 4182 1465 4250 dc

329 4286 432 4354 uerbo
449 4284 492 4349 ad
508 4284 643 4351 uerbum
661 4283 759 4352 inseri
775 4283 934 4352 iacientes
950 4283 1102 4350 duximus
1118 4286 1314 4354 anctoritate
1329 4308 1461 4373 presan·

331 4393 416 4460 cium
434 4391 699 4477 confirmandum,
733 4392 863 4460 eosdem
879 4391 961 4460 sieut
977 4391 1130 4476 superius
1144 4393 1353 4482 prediximus,
1385 4415 1461 4462 cum

330 4499 408 4586 filijs
424 4503 456 4564 et
471 4497 541 4563 suis
557 4499 802 4566 successoribus
833 4499 991 4566 uniuersis
1022 4500 1056 4564 in
1089 4520 1255 4570 numerum
1285 4503 1458 4587 Regalium
1566 4513 1567 4560 l

331 4607 547 4674 seruiencium
566 4608 808 4676 transferentes.
825 4609 862 4675 In
879 4607 970 4678 cuius
986 4607 1034 4675 rei
1051 4610 1238 4676 memoriam
1255 4619 1457 4695 perpetuam-
