3078 5128
838 295 998 392 juo

355 487 432 554 bilis
447 495 549 574 pater,
565 489 746 573 Episcopus
764 489 1024 578 vesprimiensis,
1040 489 1155 557 uidene
1172 511 1230 558 nos
1249 509 1322 558 esse
1345 490 1476 568 indices,

353 596 769 681 etpossel'aeereplenam
802 597 967 664 iusticiam
1000 597 1040 664 de
1072 596 1287 664 inferentibus
1317 597 1472 681 iniuriam,

353 701 445 786 Oguz
462 703 595 784 Banunr,
613 703 668 788 qni
684 724 767 772 unus
784 713 854 771 erat
871 705 912 771 do
929 704 1035 789 nobis,
1054 707 1153 774 traxit
1170 706 1202 772 in
1218 727 1351 774 causam
1369 725 1472 771 coram
1523 733 1524 790 p

352 813 453 898 nobie,
470 811 619 895 inpetens
636 832 708 876 eum
724 811 757 876 in
774 811 860 878 hunc
878 812 1032 893 modum;
1051 813 1136 896 quod
1153 815 1225 899 ipse
1241 815 1403 897 quandam
1415 819 1473 878 ter·
1523 815 1524 818 ’

352 939 420 986 ram
436 919 584 986 Ecclesie
600 939 657 985 sue
673 919 803 986 nomine
819 919 1006 1006 Wezmeclr,
1021 941 1042 986 a
1058 921 1163 1006 prima
1174 921 1361 988 fundatrice
1371 923 1476 988 Eccle-

352 1029 399 1094 sie
414 1048 472 1094 sue
487 1029 613 1112 Regina
639 1027 744 1122 Gysla
770 1028 936 1111 donatam,
968 1051 1032 1113 que
1064 1039 1115 1097 est
1146 1033 1231 1098 inter
1262 1031 1412 1097 Drawam
1445 1035 1474 1094 et

353 1137 476 1214 liuram
494 1136 575 1204 citra
590 1144 718 1222 portum
733 1136 880 1222 Worosd,
898 1138 1020 1206 iniuste
1046 1149 1248 1224 occupasset,
1282 1145 1316 1205 et
1346 1159 1474 1222 oocupa-

352 1251 419 1310 tam
436 1245 594 1312 violenter
612 1265 668 1330 per
683 1265 774 1312 suam
792 1243 973 1330 potenciam
1000 1245 1172 1328 detineret,
1203 1255 1236 1312 et
1267 1265 1327 1332 per
1358 1248 1471 1311 multas

353 1353 601 1420 ammoniciones
617 1352 753 1421 eandem
769 1353 831 1419 sibi
847 1373 1052 1438 nequaquam
1069 1354 1206 1420 reddere
1222 1360 1359 1420 curaret.
1384 1351 1472 1436 Oguz
1524 1339 1525 1348 ¹

352 1467 458 1528 autern
475 1463 585 1526 Banus
601 1461 768 1546 respondit
783 1480 823 1527 err
838 1461 988 1548 aduerso,
1015 1461 1099 1544 quod
1129 1460 1244 1527 eadem
1271 1469 1358 1528 terra
1388 1467 1473 1528 esset

352 1577 440 1636 terra
454 1589 515 1636 sua
531 1569 736 1657 hereditaria,
754 1576 786 1636 et
801 1571 871 1637 iure
887 1569 1079 1638 hereditario
1106 1591 1178 1637 eam
1204 1570 1393 1654 possideret.
1435 1569 1473 1632 Et

351 1677 517 1760 utriusque
533 1677 634 1760 partis
650 1676 772 1743 auditis
787 1679 1070 1763 proposicionibus
1101 1679 1250 1744 dedimus
1283 1678 1331 1744 eis
1362 1678 1471 1762 proba-

353 1785 488 1867 cionem,
503 1784 612 1851 taliter
627 1784 789 1870 videlicet,
805 1793 840 1852 vt
856 1783 946 1870 Oguz
964 1788 1075 1854 Banue
1101 1787 1254 1872 probaret
1279 1807 1352 1853 esse
1383 1805 1471 1851 suam

352 1891 441 1957 illanr
458 1899 579 1958 terram
597 1913 654 1978 per
669 1892 817 1960 homines
834 1894 875 1959 de
892 1913 1012 1976 genere
1028 1913 1106 1978 suo;
1127 1901 1159 1960 et
1174 1893 1280 1960 dictus
1298 1894 1473 1979 Episcopus

352 2002 503 2083 probaret
519 2021 590 2068 esse
606 2001 754 2068 Ecclesia
771 2021 837 2088 sue,
854 2009 950 2088 prout
965 2001 1082 2068 melius
1098 2009 1131 2068 et
1156 1999 1323 2067 efficacius
1353 2008 1471 2086 posset.

351 2107 414 2188 Qui
431 2131 501 2176 curn
520 2109 771 2194 assumpsissent
787 2131 822 2176 se
839 2109 1039 2196 probaturos,
1055 2110 1090 2175 in
1106 2110 1243 2175 termino
1254 2111 1380 2192 utrique
1389 2107 1472 2194 parti

351 2215 519 2300 assignato
536 2216 642 2284 dictus
656 2216 766 2283 Banus
782 2237 846 2282 non
863 2217 1057 2303 comparuit,
1083 2237 1142 2282 nec
1169 2220 1269 2283 testes
1301 2214 1472 2300 produxit;

350 2323 533 2408 Episcopus
551 2327 658 2390 autem
671 2324 859 2391 nominatus
876 2323 1030 2409 produxit
1061 2329 1160 2392 testes
1191 2324 1337 2409 ydoneos
1368 2341 1472 2388 coram

351 2431 453 2514 nobis,
468 2431 557 2496 viros
572 2430 654 2498 satis
671 2433 810 2520 nobiles,
835 2433 990 2517 prouidos
1025 2439 1057 2498 et
1089 2432 1266 2516 discretos;
1290 2450 1372 2515 qnos
1403 2450 1472 2496 cum

352 2557 463 2605 omnes
480 2537 655 2623 diligenter
680 2540 882 2622 inquirentes
913 2542 1208 2622 examinassemus,
1240 2539 1303 2626 ipsi
1334 2540 1473 2606 testimo·

351 2643 440 2710 nium
458 2645 668 2731 penituerunt
683 2646 840 2734 dicentes,
858 2647 944 2733 quod
960 2649 1023 2734 ipsi
1040 2649 1214 2716 secundnm
1233 2647 1321 2731 quod
1352 2665 1411 2731 per
1441 2665 1475 2714 se

353 2759 385 2820 et
401 2772 457 2836 per
472 2771 549 2820 suos
566 2755 687 2838 primos
703 2753 786 2821 scire
802 2761 984 2840 potnerunt,
1002 2756 1060 2823 illa
1075 2763 1161 2822 terra
1178 2775 1307 2841 semper
1331 2755 1392 2821 fnit
1416 2753 1473 2820 Ec·

352 2859 451 2928 clesie
467 2861 747 2948 Wesprimiensis3
772 2869 805 2928 et
820 2865 1065 2948 predecessores
1092 2863 1215 2930 domini
1246 2863 1389 2948 Roberti,
1422 2863 1474 2944 qui

350 2967 411 3036 tuit
427 2969 606 3054 Episcopus
622 2969 897 3056 Wesprimiensis,
915 2989 1042 3058 semper
1057 2973 1186 3038 fuerunt
1203 2971 1236 3035 in
1264 2969 1323 3036 illa
1349 2989 1473 3055 posses·

351 3077 452 3146 sione.
477 3077 617 3145 Nomina
633 3085 741 3144 antem
758 3080 886 3146 testium
902 3087 978 3146 sunt
995 3080 1055 3146 heo
1073 3107 1079 3147 :
1114 3079 1298 3162 Capitulum
1331 3078 1471 3164 Wespri-

351 3185 485 3264 miense‚
514 3185 698 3272 Capitulum
715 3186 945 3272 Zagrabiense,
976 3188 1087 3254 Buzad
1113 3187 1233 3272 Banus,
1265 3195 1297 3253 et
1327 3186 1475 3273 Mychael

351 3293 450 3360 frater
467 3294 621 3378 eiusdem,
640 3293 783 3381 Gordon,
801 3294 939 3380 Mortun,
957 3297 1060 3362 frater
1075 3293 1230 3381 Damase,
1261 3293 1374 3360 Vrban
1390 3294 1474 3361 filins

350 3401 516 3488 Stephani,
548 3401 675 3470 Gteker
691 3403 776 3470 filins
792 3403 908 3490 Balad,
940 3403 1063 3490 Helyas
1082 3403 1165 3470 filius
1183 3403 1367 3488 ltaurencij,
1402 3401 1475 3467 Vul-

350 3508 436 3576 ehnk
451 3529 556 3598 cecus,
571 3511 697 3580 Marcus
714 3513 754 3580 do
770 3531 890 3596 genere
906 3513 1047 3600 Gordon,
1065 3513 1224 3597 Georgius
1239 3512 1324 3580 filius
1336 3513 1472 3579 Comitis

350 3617 447 3698 nuce,
464 3617 609 3686 Jacobus
626 3619 730 3686 Maior
746 3621 914 3686 Exercitus
945 3619 1050 3686 (lustri
1082 3621 1298 3706 Zaladiensis,
1330 3619 1475 3706 (lhepan,

350 3726 515 3812 Achylles,
532 3727 669 3814 Blasius,
686 3727 817 3822 Chetyl,¹
841 3725 1018 3813 Gregorius
1034 3730 1185 3796 Decanus
1201 3728 1475 3814 wesprimiensis,

350 3835 507 3902 Sacerdos
524 3834 703 3922 Barnabas,
720 3836 875 3921 Magister
892 3838 1000 3903 Endre
1017 3835 1174 3904 Canonici
1192 3836 1476 3920 Wesprimienses‚

349 3941 486 4028 Scynke,
504 3942 611 4008 Adam
627 3943 668 4008 de
684 3941 816 4028 Pulach,
834 3951 866 4012 et
882 3945 975 4011 multi
990 3944 1182 4028 iobagioncs
1194 3943 1320 4009 nobiles
1331 3943 1477 4010 eiusdem

350 4051 504 4117 Ecclesia.
531 4047 673 4126 Quorum
689 4051 831 4116 omniurn
859 4051 1053 4136 testimonijs
1084 4053 1261 4135 diligenter
1291 4049 1414 4118 auditis
1446 4058 1477 4117 et

348 4161 383 4227 in
395 4158 525 4242 scriptis
538 4157 678 4225 redactis
689 4159 929 4242 assignanimus
946 4162 1117 4228 terminum
1135 4159 1259 4245 utrique
1276 4159 1372 4246 parti,
1390 4165 1477 4226 octa·

350 4287 428 4335 uam
444 4267 600 4336 videlicet
616 4267 776 4335 Johannis
792 4268 949 4356 Baptista,
967 4269 1000 4335 in
1025 4289 1089 4350 quo
1118 4269 1260 4337 finaliter
1283 4268 1477 4354 procedatur

349 4379 382 4445 in
400 4377 513 4448 eadem
530 4399 639 4449 causa.
665 4381 703 4445 In
720 4398 782 4462 quo
799 4385 1008 4463 comparante
1024 4379 1185 4466 Episcopo
1202 4379 1366 4445 nominato
1382 4375 1479 4462 Oguz

348 4489 459 4555 Barrus
475 4509 540 4555 non
557 4485 738 4574 comparuit
753 4487 997 4572 contumaciter,
1016 4487 1075 4553 sed
1102 4487 1190 4553 misit
1220 4487 1370 4553 nuncium
1404 4488 1478 4553 sim·

350 4593 467 4680 plicam
484 4594 527 4660 ad
543 4590 763 4678 recipiendum
779 4596 949 4663 terminum
968 4597 1096 4664 iterato.
1130 4593 1172 4660 Et
1188 4614 1256 4678 nos,
1271 4595 1424 4678 quamuis
1442 4596 1478 4661 in
