3120 5148
624 406 785 415 ——u-n

142 504 240 587 Regia
271 507 304 571 in
338 517 529 592 perpetuum
562 509 765 576 dotavimus:
797 515 955 592 quatenus
985 511 1135 576 salinarii
1166 528 1269 594 snper

140 609 259 679 ilarisii
292 611 425 679 fluvium
469 615 638 681 constituti
669 616 709 682 de
751 615 877 682 salibus
908 613 1078 701 aquaticis,
1119 615 1263 682 eiusdem

140 719 281 786 Ecclesie
311 720 487 789 Oanonieis
519 731 552 788 et
583 743 647 790 nou
677 722 848 808 Episcopo,
876 722 989 788 valens
1028 723 1266 808 quinquaginta

139 847 262 894 marcas
294 827 335 894 de
365 829 491 896 salibus
522 829 555 896 in
572 831 643 897 loco
675 836 731 913 qui
759 836 893 896 vocatur
923 827 1078 915 Zegodin,
1096 830 1266 896 annuatim

130 929 211 1000 'ante
241 935 363 1014 festum
395 935 508 1016 Sancti
541 938 643 1022 Regis
667 935 826 1021 Stephani
857 937 1041 1022 persolvere
1082 943 1266 1018 teneantur,

139 1060 176 1106 ac
204 1041 270 1106 iam
305 1041 403 1110 dictis
434 1042 605 1112 Canonicis
643 1065 745 1128 usque
786 1043 983 1127 Zagrabiam
1013 1045 1138 1126 absque
1177 1044 1263 1112 omui

143 1149 255 1214 tributo
297 1148 519 1235 deportandis,
560 1159 592 1216 et
624 1169 696 1216 cum
737 1150 925 1216 omnimoda
956 1149 1126 1234 libertate,
1158 1151 1185 1218 si
1218 1152 1266 1218 eis

138 1254 316 1339 expedierit
348 1255 535 1324 vendicioni
567 1256 778 1342 exponendis.
829 1257 947 1323 Verum
979 1258 1057 1338 quia
1088 1259 1136 1324 rei
1169 1267 1262 1343 geste

145 1364 296 1428 memoria
327 1361 417 1429 facili
450 1365 547 1450 lapsu
563 1363 746 1431 mortalium
762 1370 887 1429 mentes
919 1361 1177 1447 desertaeque
1207 1365 1265 1450 pia

144 1466 280 1535 fidelium
305 1469 449 1556 disponit
474 1472 630 1538 sedulitas
646 1472 680 1537 in
706 1472 812 1557 sopito
838 1471 1093 1554 malignancium
1121 1471 1262 1556 impulso

145 1575 333 1660 quandoque
350 1579 486 1663 contigit
512 1579 680 1663 vacillare,
713 1583 749 1644 ut
779 1579 840 1646 hoc
856 1598 877 1643 a
893 1579 986 1646 nobis
1001 1599 1060 1664 pro
1084 1583 1266 1645 nostrorum

145 1682 326 1750 remissione
342 1693 560 1770 peccalorum,
577 1685 696 1752 Divino
712 1687 845 1769 pietatis
870 1686 998 1772 intuitu,
1015 1683 1159 1769 legitime
1175 1683 1264 1753 tacta

139 1789 270 1874 ¹largicio
286 1811 353 1858 non
368 1811 427 1878 per
444 1793 633 1876 salinarias,
651 1812 715 1858 non
741 1812 800 1876 per
816 1791 1001 1878 quempiam
1017 1793 1117 1860 aliuun
1133 1790 1268 1859 alterari

148 1895 193 1961 rel
208 1899 376 1963 retraetari
395 1899 513 1982 valeat,
529 1898 625 1965 buius
643 1899 870 1964 execucionem
902 1899 1029 1984 negocii
1055 1899 1127 1966 rice
1143 1905 1266 1984 nostra,

146 2002 256 2072 Sancte
282 2003 471 2073 Colocensis
496 2006 643 2072 Ecclesie
673 2005 923 2091 Archiepiscopo
954 2003 1181 2088 commisimus,
1217 2006 1266 2072 ita

146 2108 301 2196 uidelicet,
332 2120 368 2178 ut
408 2113 539 2180 excluso
579 2111 722 2196 quolibet
771 2111 1000 2179 salinariorum
1043 2118 1075 2176 et
1123 2111 1264 2178 aliorum

146 2219 355 2297 quorumlibet
369 2221 571 2304 manamine,
588 2239 768 2306 sumpmam
784 2220 850 2286 iam
867 2219 950 2286 dicte
966 2219 1104 2305 pecunie
1119 2218 1265 2302 quolibet
1337 2221 1339 2224 ’

145 2341 224 2389 anuo
239 2327 335 2408 plene
350 2327 451 2394 iaciat
468 2327 650 2412 adimpleri.
668 2327 709 2392 ut
724 2333 759 2391 ut
771 2327 832 2393 hec
847 2347 905 2410 per
916 2326 1024 2392 omnia
1039 2343 1264 2392 successorum

147 2438 321 2498 nostrorum
340 2442 485 2518 tempora
512 2433 605 2500 salva
622 2453 752 2518 semper
770 2441 801 2499 et
826 2433 1018 2499 inconcussa
1042 2443 1268 2520 permaneant,

144 2545 320 2620 presentem
354 2541 572 2607 concessimus
603 2539 758 2625 paginam
785 2537 884 2622 sigilli
911 2539 1013 2606 nostri
1040 2538 1214 2606 munimine
1231 2541 1266 2606 iu

146 2650 328 2729 perpetuum
344 2650 540 2714 roboratam.
558 2649 677 2713 Datum
694 2667 752 2732 per
768 2667 883 2712 marrus
908 2645 1045 2729 Hugrini
1063 2645 1148 2712 Aule
1164 2647 1266 2730 Regia

146 2750 332 2838 Cocceiani,
360 2773 447 2820 auno
474 2757 516 2818 ab
541 2753 774 2819 Incurnaeione
800 2751 931 2817 Domini
947 2749 1138 2817 uuuxvrl.
1165 2751 1269 2820 Vene-

145 2857 233 2922 rabili
258 2857 409 2926 Jcbanne
429 2861 659 2944 strigoniensi,
685 2857 874 2926 Reverendo
899 2857 1076 2924 Berthcldo
1094 2858 1266 2926 colocensi

143 2965 398 3050 archiepiscopis
447 2967 683 3053 existentibus,
741 2965 863 3031 Catane
909 2963 1265 3052 Quinqueecclesieusi,

23 3077 25 3162 J
142 3071 308 3140 Desiderio
350 3073 581 3157 Ohauadiensi,
638 3073 799 3139 Vilbelnto
838 3073 1075 3158 Transylvauo,
1116 3073 1260 3140 Roberto

143 3179 542 3266 Weeprimiensi,-Siruone
562 3181 767 3265 Varadiensi,
793 3179 888 3247 Petro
913 3179 1118 3263 Geurineusi,
1144 3180 1268 3248 Jacobo

23 3317 25 3350 t
143 3288 300 3374 vaciensi,
333 3287 505 3374 Stephano
538 3289 764 3373 Zagrabiensi,
797 3287 923 3355 Thema
955 3285 1111 3368 Agriensi
1144 3287 1268 3374 Electo,

140 3394 310 3480 Episcopis
341 3395 506 3464 Ecclesias
540 3395 676 3462 feliciter
707 3395 972 3479 gubernantibus
1005 3391 1080 3458 Jula
1107 3390 1269 3478 Palatino,

23 3569 25 3598 ἵ
142 3503 296 3590 Dyonisio
327 3503 480 3586 Magistro
511 3503 767 3570 'lavarniccrum
809 3510 842 3568 et
872 3499 997 3568 Gemite
1028 3499 1114 3566 Novi
1156 3501 1267 3586 castri,

23 3601 24 3610 ’
143 3611 292 3677 Bancoue
322 3610 428 3695 Bane,
459 3609 572 3678 chuz
603 3610 724 3676 Ouriali
756 3607 891 3694 (inmite,
916 3607 1076 3693 Raphoyn
1093 3607 1265 3693 Voyrroda

23 3777 24 3780 ,
141 3720 316 3801 ceterisque
334 3719 513 3786 comitibus
531 3717 709 3786 Comitatus
719 3719 915 3786 tenentibus.
933 3716 1038 3800 Regni
1054 3719 1154 3783 nostri
1181 3736 1269 3784 auno

23 3873 25 3896 ι
144 3827 238 3893 tercio
255 3826 390 3892 decimo.

225 4021 385 4086 (uteletas,
404 4025 529 4076 Manum.
549 4025 616 4076 hiel.
634 4026 726 4088 Epicu.
748 4025 941 4090 Zagrabieusis
961 4024 983 4072 1.
1004 4025 1061 4073 kat.
1083 4027 1125 4073 tc.
1145 4026 1175 4086 l.)
