3080 5146
610 285 769 394 Q

118 479 243 572 legium
259 489 454 557 auctoritate
469 488 573 572 Regia
588 490 826 577 confirmamus,
858 495 1047 570 statuentes,
1073 499 1109 556 ut
1124 509 1251 576 posses·

118 597 232 665 sinnas
248 598 283 663 iu
309 594 422 664 eodem
453 595 625 684 privilegio
656 616 820 682 expresse,
850 595 965 664 cadem
997 596 1164 680 gaudeant
1193 618 1253 684 por

116 705 229 772 omnia
244 705 406 790 libertate,
423 723 488 788 qua
504 711 611 772 cetere
626 705 847 790 possessiones
863 702 1008 773 eiusdem
1024 704 1168 773 Ecclesie
1192 724 1250 772 seu

118 811 267 898 Capituli
284 811 430 897 gaudere
446 816 631 881 noscuntur.
668 811 719 878 Nc
735 813 835 898 igitur
849 811 944 880 huius
960 817 1068 880 nostre
1083 810 1251 878 confirma·

117 919 236 990 cionee
252 920 354 989 series
369 921 481 989 ualeat
496 939 650 1006 processu
666 927 847 1007 temporum
863 942 885 988 a
909 919 1054 1006 quolibet
1079 917 1249 1006 infirmari,

117 1029 179 1096 sed
197 1033 390 1115 perseveret
405 1027 475 1094 iure
490 1033 650 1114 perpetuo
665 1025 803 1112 illibata,
835 1032 1003 1113 presentes
1016 1025 1145 1094 litteras
1171 1023 1250 1110 dup-

116 1135 216 1220 plicis
232 1136 337 1222 sigilli
356 1133 460 1204 nostri
476 1135 655 1202 munimine
680 1133 834 1202 iussimus
865 1133 1022 1202 roborari.
1061 1131 1185 1201 Datum
1215 1133 1249 1200 in

116 1243 246 1330 Zulum,
278 1265 365 1312 anne
381 1244 555 1312 Dominios
569 1242 816 1312 incarnacionis
832 1241 1007 1310 millesimo
1023 1239 1249 1309 ducentesimo

118 1347 280 1437 xtv11.;
304 1353 407 1421 tercio
424 1351 499 1420 idus
522 1350 732 1438 Septembris,
756 1350 863 1437 Regni
893 1355 1001 1420 autem
1031 1348 1133 1418 nostri
1163 1367 1250 1418 anuo

118 1456 323 1530 duodecimo.

174 1661 337 1732 (tralatos,
356 1661 482 1716 Manum.
501 1661 638 1714 historice
656 1659 748 1726 Episc.
767 1659 961 1728 Zagrahiensis
980 1659 1003 1712 1.
1022 1659 1081 1712 set.
1103 1663 1144 1712 td.
1164 1658 1195 1724 l.)

552 1929 821 1944 W

651 2379 726 2450 251.

210 2577 320 2649 Jadra
336 2586 434 2648 odrae
449 2533 543 2648 tedet
558 2602 580 2644 a
595 2579 749 2648 celeacaea‘
764 2577 1046 2664 temersasatpuat.
1062 2581 1158 2648 1247.

489 2778 668 2846 Pactum
711 2775 857 2870 tauro.

228 2887 265 2953 In
281 2883 410 2953 nomine
427 2885 488 2953 Dei
505 2885 617 2953 Etemi
633 2885 744 2951 Amen.
762 2885 856 2952 Anno
872 2885 915 2951 ah
930 2883 1159 2952 Incamatione
1182 2886 1246 2953 De·

127 2991 202 3061 mini
217 2995 322 3061 nestri
338 2993 418 3062 Jesu
434 2992 556 3061 Christi
571 2991 744 3062 millesime
762 2991 984 3060 ducentesimo
994 2991 1245 3076 quadragesimo

127 3102 272 3188 septimo,
290 3101 342 3168 die
358 3102 461 3189 primo
477 3102 597 3169 mensis
613 3099 762 3187 Augusti,
788 3099 964 3167 indictione
981 3099 1105 3183 quinta.
1123 3099 1159 3164 Iu
1177 3117 1248 3182 pre·

127 3209 230 3277 sentia
245 3211 357 3278 fratris
375 3209 502 3278 hiberti
521 3208 668 3293 Magistri
686 3209 835 3274 Fratrum
851 3207 1011 3275 Minorum
1029 3205 1069 3272 dc
1086 3205 1245 3290 Venetiis,

124 3315 231 3385 fratris
247 3317 390 3385 Venture
406 3317 551 3385 ciusdem
569 3316 711 3400 Ordinis,
736 3313 914 3382 Alexandri
940 3313 982 3380 de
1007 3314 1105 3381 Resic
1121 3312 1247 3380 Judicis

122 3423 270 3514 imisit,
285 3425 406 3493 domini
417 3423 544 3492 Alberti
561 3425 644 3512 Papi
662 3423 702 3490 de
717 3421 879 3508 Tarvisio,
896 3419 1057 3489 Jchaunis
1073 3419 1247 3506 Bergonci,

124 3531 244 3600 Mathai
269 3531 309 3599 de
334 3532 459 3616 Padua,
485 3531 654 3618 Gordiani,
670 3531 791 3616 Angcli
807 3530 949 3617 Franco,
964 3533 997 3594 ct
1014 3527 1149 3596 niicrum
1175 3529 1244 3613 plu·

123 3637 201 3706 rium
218 3639 348 3707 testium
371 3641 414 3708 ad
439 3637 501 3708 hoc
532 3647 730 3725 rogatorum.
756 3639 825 3706 Nos
851 3637 980 3722 quidem
1006 3636 1096 3722 Papo
1121 3634 1162 3700 de
1188 3636 1246 3702 Pe-

123 3755 215 3814 trena
240 3754 272 3814 et
303 3747 505 3832 (irisugonus
525 3748 566 3817 dc
585 3749 696 3816 Mauro
711 3746 836 3832 Nuntii,
853 3742 998 3830 Syndici,
1015 3743 1247 3811 Procuratores

120 3861 154 3920 et
184 3857 319 3922 Antores
350 3854 475 3923 damini
505 3855 664 3942 Stephani
695 3853 737 3922 de
768 3853 884 3936 Piciga
904 3848 1030 3918 Judicis
1049 3849 1243 3918 etRectoris

124 3959 359 4031 dadrctinornm
400 3963 492 4031 Neue
522 3961 801 4048 commorantium,
834 3964 868 4026 et
897 3957 951 4024 hic
980 3957 1180 4042 presentium
1213 3961 1246 4025 et

126 4069 337 4158 existentium,
372 4077 404 4138 et
429 4072 572 4160 ipsorum
603 4070 858 4152 Jadretinorum,
891 4066 1022 4132 nomine
1053 4062 1195 4150 ipsorum
1213 4073 1246 4132 et

126 4173 354 4246 Universitatis
371 4177 612 4247 dadretinorum
630 4185 663 4246 ct
693 4184 803 4245 nostre
835 4173 1012 4242 asserimus
1030 4195 1038 4237 ε
1055 4171 1142 4254 quod
1173 4189 1246 4238 eum

125 4283 298 4370 instigante
329 4285 462 4354 humaui
495 4288 625 4372 generis
658 4285 790 4353 inimico
823 4291 856 4349 et
872 4279 1079 4366 exigentibus
1104 4279 1247 4366 peccatis

124 4393 247 4480 uostris,
263 4413 322 4462 noe
338 4395 475 4481 predicti
495 4395 657 4465 Jadrctini
684 4393 856 4460 divitatem
884 4385 1086 4458 dadretinam
1114 4387 1248 4453 rebella-

124 4502 258 4568 rerimus
284 4502 356 4568 sins
381 4523 480 4573 causa
504 4513 619 4572 contra
646 4503 824 4590 piissimum
843 4498 1010 4567 dominum
1028 4502 1175 4564 nostrum
1190 4500 1247 4568 Ja-

125 4608 233 4676 cohum
250 4610 432 4698 Teupolum
463 4613 525 4683 Dei
559 4612 664 4700 gratia
694 4609 913 4696 venetiarum,
955 4604 1122 4676 Dalmatia
1148 4618 1245 4704 atque
