3078 5128
859 933 935 1002 212.

333 1139 381 1204 Au
397 1139 467 1224 syri
481 1135 641 1226 kdptulun
657 1133 799 1200 Preburt
815 1157 915 1202 eomes
938 1135 1069 1220 bajunola
1100 1129 1325 1221 etyrmdelete't
1354 1137 1461 1201 hitales
1526 1191 1527 1208 ,

677 1242 817 1308 alakban
831 1243 987 1326 kidllbja.
1014 1241 1111 1306 1238.

332 1444 369 1504 (A
397 1442 464 1508 gret
492 1443 580 1504 zichy
611 1437 705 1493 esulld
736 1439 929 1503 onmsnyttra
958 1439 980 1490 I.
1013 1437 1099 1490 kbtet.
1131 1437 1205 1500 Pest,
1238 1441 1317 1492 1871.
1348 1443 1370 1488 2.
1401 1437 1458 1498 lap.

698 1531 780 1595 Nagy
799 1531 875 1582 Imrs
899 1529 1099 1593 klizlemtnye.)

763 1815 1029 1826 -——.-—-n

861 2355 937 2424 ⁶213.

331 2561 440 2626 Eudre
452 2557 827 2648 pozsonyifilispdunulc
843 2557 863 2619 I
874 2555 905 2619 V.
923 2555 1006 2620 Belu
1022 2555 1194 2641 kirdlyboz
1210 2557 1337 2646 iuteeett
1362 2555 1458 2640 jelen-

569 2669 629 2731 lese
648 2665 746 2731 Szuul
761 2663 886 2728 birtoka
902 2665 1094 2748 tdrqydbau.
1124 2662 1220 2728 1238.

438 2863 631 2930 Reuerendo
647 2859 776 2926 domiuo
792 2879 849 2924 suo
879 2857 915 2924 B.
945 2858 1005 2923 Dei
1038 2859 1150 2941 gracia
1180 2858 1263 2944 Regi
1295 2857 1462 2942 Hungurie

331 2969 452 3036 illustri
467 2972 506 3036 A.
523 2971 636 3038 Comes
650 2967 860 3034 Posouiensis
881 3004 917 3014 -
943 3003 975 3012 ·-
1002 3003 1037 3013 -
1068 2971 1101 3030 et
1131 2967 1277 3032 debitam
1310 2985 1459 3031 reueren-

331 3077 425 3144 eiam.
452 3079 632 3146 Mandnstis
647 3075 737 3162 mihi,
754 3073 839 3158 quod
854 3074 1073 3158 significarem
1090 3075 1195 3158 vobis,
1212 3093 1276 3157 que
1294 3079 1460 3156 etquantu

329 3193 415 3251 esset
431 3194 519 3251 terra
534 3183 637 3268 Sauli,
654 3203 717 3265 que
734 3182 795 3248 sibi
814 3189 846 3247 et
870 3181 938 3248 suis
971 3181 1128 3249 fratribus
1160 3181 1335 3249 seeundum
1363 3181 1457 3264 justi·

330 3294 414 3359 eiam
431 3297 624 3358 remaneret.
648 3289 802 3373 Signifieo
818 3288 918 3371 igitur
949 3289 1178 3356 Dominueioni
1204 3287 1336 3375 vestre,
1370 3289 1457 3372 quod

329 3409 414 3466 terra
429 3399 507 3465 dieti
523 3399 555 3466 S.
574 3403 606 3464 et
622 3396 756 3464 fratrum
773 3395 841 3464 eius
858 3397 974 3482 incipit
990 3419 1011 3463 a
1027 3397 1186 3481 superiori
1203 3403 1296 3481 parte
1312 3419 1334 3463 a
1344 3395 1455 3463 Danu·

327 3506 390 3590 bio,
409 3507 464 3590 qui
479 3506 568 3588 wigo
583 3511 717 3570 vocetur
733 3503 970 3590 Korousdunu;
994 3513 1026 3570 et
1051 3505 1171 3571 ibidem
1204 3525 1307 3590 prope
1339 3505 1460 3571 diuidi·

326 3619 379 3677 tur
394 3612 567 3679 Danubius
583 3613 617 3676 in
643 3611 724 3677 duas
755 3617 876 3697 partes,
909 3633 1048 3696 quarum
1080 3633 1157 3698 pars
1189 3633 1255 3680 vna
1287 3612 1459 3680 deseendit

326 3721 417 3786 iuxta
433 3719 573 3785 insulam
590 3719 765 3805 quandam,
791 3719 936 3786 secunda
968 3739 1046 3787 uero
1077 3741 1154 3806 pens
1185 3721 1279 3787 illins
1309 3721 1459 3804 Danubij

326 3829 397 3893 fluit
413 3847 469 3912 per
486 3832 604 3894 terram
622 3827 714 3894 Sauli
731 3835 763 3894 et
778 3828 915 3894 stallum
932 3849 1072 3914 suorum,
1100 3829 1155 3914 qui
1188 3829 1314 3896 scilieet
1346 3829 1456 3898 Danu·

326 3933 398 4000 bius
414 3942 548 4002 vouutur
564 3935 709 4001 Ohilztw.
735 3935 821 4003 Mete
847 3956 924 4003 uero
956 3938 1118 4021 incipiunt
1149 3940 1243 4006 iuxta
1277 3937 1460 4024 predietnm

328 4041 513 4106 Danubium
529 4039 764 4127 Korousdunu;
789 4042 905 4108 sodex
937 4051 1030 4128 parte
1061 4048 1279 4113 castrensium
1311 4053 1362 4112 est
1393 4069 1459 4114 vna

328 4149 463 4228 antiqua
479 4155 576 4234 meta,
609 4169 649 4214 ex
665 4157 758 4234 parte
774 4169 852 4216 uero
870 4151 902 4217 S.
920 4159 994 4216 sunt
1010 4153 1074 4220 due
1090 4161 1177 4220 mete
1194 4173 1288 4242 noue,
1320 4175 1460 4238 quarum

323 4265 391 4320 'vna
408 4263 458 4322 est
474 4259 577 4342 Sauli,
593 4259 700 4325 ultera
716 4279 794 4325 uero
812 4261 1025 4328 castrensium
1042 4263 1081 4330 de
1099 4265 1179 4332 uilla
1195 4265 1332 4349 Muger3
1358 4271 1392 4331 et
1409 4265 1456 4332 ita

325 4359 393 4426 ulia
410 4369 497 4428 meta
522 4369 587 4429 tum
619 4367 834 4433 castrensium
866 4388 963 4452 quam
996 4371 1088 4437 Sauli
1125 4371 1310 4455 diriguntur
1342 4394 1457 4441 uersus

324 4470 493 4535 eeclesiam
512 4471 760 4560 Sanetelllarie,
794 4476 841 4542 itu
875 4478 959 4558 quod
992 4498 1033 4543 ex
1064 4479 1211 4547 inferiori
1245 4487 1339 4565 parte
1372 4483 1461 4548 infun

332 4575 506 4644 eeclesiam
523 4585 554 4642 et
571 4585 674 4647 metus
691 4585 741 4646 est
755 4587 847 4648 terra
863 4583 905 4647 ad
935 4584 1171 4669 longitudinem
1205 4589 1300 4657 unius
1332 4589 1465 4676 ingeris,
