3098 5132
132 1082 159 1147 A
183 1081 324 1149 Volerone
340 1085 373 1149 έιι
390 1081 867 1170 capesserecapescere
882 1084 1131 1150 basesk'o'ttettore
1148 1093 1257 1150 conot-

434 1189 509 1256 Ieoso
521 1201 674 1256 otoeastcc
688 1191 836 1275 okmrtcp.
855 1192 950 1256 1225.

233 1389 347 1456 Mense
364 1386 555 1472 Septembri,
566 1383 744 1452 indictione
760 1385 848 1453 xlv.
861 1386 1061 1454 Venceslaus
1076 1385 1251 1454 Autolinns

132 1497 304 1583 Lugnauus
320 1497 363 1563 dc
389 1494 527 1562 confinio
543 1493 657 1562 Sancti
672 1492 793 1562 Mathei
816 1493 949 1563 Riviclti
967 1499 1042 1562 aute
1059 1494 1254 1580 presentiam

137 1605 249 1672 domini
282 1605 386 1672 Ducis
418 1611 450 1670 et
483 1622 611 1672 suorum
638 1601 901 1670 Consiliariorum
932 1601 1019 1670 Petri
1035 1601 1076 1670 do
1092 1601 1257 1686 Bocassis,

134 1713 280 1801 Nycclay
294 1712 418 1780 Falctri
435 1712 606 1780 etrtndreo
616 1709 656 1778 do
667 1710 793 1798 Canali,
807 1712 1042 1794 representavit
1057 1711 1087 1780 ei
1105 1713 1138 1778 in
1157 1729 1256 1776 monn

132 1821 253 1889 suaduo
263 1821 628 1907 instrumentaquorum
640 1818 788 1886 tonorbio
798 1818 1076 1904 iuferiussoriptus
1086 1817 1254 1904 reperitur.

135 1930 172 1996 nt
185 1930 229 1996 ibi
246 1947 383 2016 presens
399 1935 471 1996 erat
486 1929 601 1997 Comes
616 1927 762 1996 Johanes
778 1927 951 1996 Dandulns
968 1926 1009 1996 de
1025 1926 1180 2012 Ragusia,
1197 1925 1252 2010 qui

134 2057 198 2104 cum
215 2037 353 2105 vidisset
369 2037 429 2103 illa
444 2036 660 2105 iustrumenta
673 2043 704 2102 ot
720 2037 935 2123 cognovisset,
953 2034 1046 2120 dixit,
1065 2031 1257 2117 quodfacto

135 2151 164 2210 et
177 2144 442 2230 scriptaioerunt
457 2144 609 2230 legaliter
624 2165 682 2230 per
699 2144 823 2229 legales
835 2153 866 2211 et
882 2145 983 2211 bonos
995 2149 1093 2227 atquo
1110 2140 1254 2208 creditos

135 2255 311 2326 tabetiones
343 2253 496 2320 Civitatis
526 2253 681 2339 Ragusic,
721 2272 801 2336 qnos
832 2254 914 2320 bene
946 2249 1163 2336 cognoscebat
1194 2268 1252 2334 pro

137 2359 294 2443 legalibus
311 2366 344 2428 et
360 2359 545 2429 melioribus
562 2361 665 2446 ipsius
683 2357 843 2428 civitatis.
859 2361 901 2426 nt
918 2359 990 2426 ideo
1006 2358 1049 2426 ad
1066 2355 1256 2424 memoriam

135 2467 330 2538 retinendam
348 2467 455 2536 dictus
472 2468 706 2536 domiuusDux
723 2468 831 2554 stipsi
849 2466 1034 2536 consiliarii
1046 2469 1257 2554 preceperunt

135 2575 256 2644 modum
277 2581 474 2644 ettenorum
494 2577 637 2660 ipsorum
648 2577 931 2643 instrumentorum
942 2575 1097 2642 hoclibro
1108 2572 1240 2640 Commu

135 2683 180 2750 nis
188 2681 293 2751 scribi.
309 2682 417 2750 'l'enor
425 2689 532 2750 autem
549 2681 645 2768 primi
660 2682 862 2750 instrumenti
879 2681 952 2749 tatis
970 2689 1045 2749 ests

232 2791 271 2856 In
303 2789 434 2857 nomine
464 2789 595 2857 Domini
625 2787 785 2858 MOOXX.
817 2789 937 2857 mensis
962 2787 1060 2854 Madii
1084 2787 1173 2856 XVI.
1201 2783 1255 2850 die

136 2917 234 2964 coram
249 2899 443 2986 subscriptis
459 2898 615 2966 testibus:
634 2898 787 2966 Urscoius
806 2899 977 2967 Dommate
995 2899 1081 2965 titius
1097 2892 1254 2978 obligavit

136 3025 166 3072 se
180 3007 399 3092 superomnia
413 3027 474 3075 aua
499 3005 577 3074 dare
594 3007 691 3074 talem
717 3017 902 3093 pacatorem
927 3007 1080 3074 Autoliuo
1096 3002 1256 3088 Lucieno,

137 3115 256 3198 qualem
287 3114 444 3181 Autoliuo
472 3116 640 3201 placuerit,
658 3122 694 3181 ut
719 3117 773 3184 illo
789 3123 927 3202 pagator
944 3116 1051 3181 mittat
1066 3121 1192 3180 tantum
1216 3108 1257 3174 de

136 3241 188 3289 suo
217 3243 291 3290 curn
322 3222 394 3306 ipso
419 3221 572 3290 Autoliuo
588 3225 621 3291 in
649 3223 831 3308 Veneciam,
859 3223 945 3310 quod
965 3226 1065 3309 possit
1080 3236 1199 3306 pacare
1221 3236 1257 3284 sc

137 3327 301 3398 Autolinus
334 3329 376 3395 de
407 3337 537 3397 eentum
569 3331 671 3418 libris,
713 3333 814 3400 aalma
830 3333 863 3398 in
880 3340 977 3399 terra.
1008 3329 1043 3398 Si
1059 3337 1164 3396 autern
1192 3346 1256 3393 non

138 3437 349 3505 observaverit
379 3438 450 3526 boe,
483 3439 642 3506 tenebitur
673 3439 753 3509 dare
768 3439 802 3506 in
818 3441 958 3526 duplum.
997 3439 1051 3505 Sin
1067 3443 1099 3504 et
1124 3435 1164 3502 do
1179 3434 1256 3500 aliis

135 3543 220 3614 libris
250 3552 389 3632 eentum,
406 3567 487 3631 quas
518 3547 625 3617 dictus
650 3548 806 3617 Ursaoius
837 3549 933 3617 debet
958 3548 1064 3616 eidem
1090 3543 1252 3612 Autolino.

136 3653 215 3721 Idem
233 3654 386 3722 Ursacius
402 3655 542 3743 domum,
560 3677 623 3742 que
634 3663 683 3724 est
697 3659 806 3724 uxoris
824 3653 920 3723 Corui
937 3655 1072 3743 Vitane,
1089 3651 1254 3738 caiguavit

136 3760 277 3830 Autoliuo
293 3763 328 3829 in
344 3765 462 3848 pignus
478 3766 535 3830 tali
552 3772 658 3852 pacto,
676 3772 711 3832 ut
727 3767 814 3832 omni
846 3786 932 3832 anno
950 3765 1097 3832 Atolinus
1115 3760 1255 3846 accipiet

138 3867 183 3962 de¹
198 3871 269 3956 ipsa
301 3870 395 3938 domo
428 3873 523 3939 XXV
555 3873 654 3940 libras
670 3873 829 3957 usquead
857 3873 905 3942 IV
936 3895 1051 3961 annos,
1069 3873 1172 3940 donec
1196 3871 1256 3936 boc

139 3977 224 4045 modo
248 3986 377 4048 centum
395 3981 509 4064 libras,
524 3983 765 4069 compleantur3
789 3988 821 4048 et
846 3981 874 4050 si
901 3981 972 4069 boc,
999 3987 1034 4048 ut
1059 3983 1254 4066 dictumest,

137 4104 190 4150 uon
221 4087 450 4178 observaverit,
482 4089 640 4157 Ursacius
673 4089 835 4156 tenebitur
866 4089 946 4156 dare
987 4089 1047 4156 has
1089 4089 1189 4156 libras
1223 4089 1255 4152 iu

143 4189 273 4278 duplum.
315 4195 385 4262 Heo
416 4201 524 4263 autem
567 4203 661 4263 carta
691 4197 781 4266 nnilo
798 4197 981 4263 testimonio
1011 4197 1117 4282 rumpi
1147 4195 1257 4281 possit.

139 4299 273 4369 Hiisuut
298 4309 422 4371 testes:
453 4304 599 4371 Luearus
630 4303 762 4371 Comitia
794 4305 930 4390 Nyootai
964 4305 1071 4372 Jodex
1112 4303 1254 4390 iuratus,

138 4403 275 4475 Kaleuda
291 4409 457 4494 Stepaeie,
476 4412 536 4479 Vit.
554 4411 666 4498 Gradi,
683 4412 850 4478 Johonues
868 4411 1024 4496 Bogdani.
1038 4409 1077 4475 bit
1089 4431 1149 4495 ego
1166 4431 1256 4498 pres-

35 4587 36 4590 ,
141 4511 213 4582 birer
229 4515 390 4586 Gataidus
408 4525 439 4585 et
471 4519 623 4590 Comuuis
641 4519 796 4588 Notarius
812 4519 944 4588 iuturus
974 4519 1110 4607 scriptor
1135 4539 1205 4586 sum
1223 4527 1255 4590 et

140 4623 230 4692 testis.
