3208 5158
682 313 748 398 545

632 417 794 434 *-

144 512 202 611 rijs
221 523 376 596 consonet
389 523 567 615 donatiuis,
599 525 695 595 tidem
710 532 742 595 et
758 524 967 596 deuooionem
992 519 1176 612 insignibus
1203 517 1273 613 qui·

144 633 286 704 busdam
302 634 439 705 cumulis
456 634 610 723 adauget,
642 641 676 704 ct
691 635 735 704 ad
763 635 895 722 pociora
925 637 1133 706 seruiciorum
1165 637 1277 706 studia

142 749 270 814 mentes
284 742 400 812 incitat
424 741 611 812 eorundem.
649 741 701 811 Ad
731 744 956 812 uniuersorum
986 744 1087 828 igitur
1117 744 1276 814 noticiam

144 853 259 920 tenore
273 849 476 938 presencium
492 852 640 920 uolumus
656 849 850 937 peruenire:
867 851 953 937 quod
969 851 1176 922 attendentes
1208 852 1277 920 exi·

141 960 207 1028 mie
223 957 393 1028 fidelitatis
409 959 577 1048 obsequia,
603 979 666 1045 que
681 961 777 1028 nobis
793 960 979 1046 Stephanus
995 960 1080 1028 lilius
1112 960 1276 1048 qnondam

142 1065 295 1153 Magistri
310 1066 473 1134 Dominici
489 1065 646 1154 Magister
660 1067 849 1152 Agasonum
866 1067 995 1136 domine
1011 1066 1138 1152 Regina
1168 1068 1275 1136 iunio·

140 1173 188 1241 ris
203 1172 380 1243 karissime
396 1174 557 1242 consortis
572 1180 681 1244 nostre
696 1175 730 1242 in
756 1174 905 1263 pluribus
937 1175 1083 1245 articulis
1115 1177 1210 1244 nobis
1242 1183 1275 1243 et

141 1279 255 1367 Regno
271 1287 385 1350 nostro
400 1281 595 1351 necessariis
611 1283 760 1351 exhibuit
775 1282 944 1370 indefesse,
975 1283 1077 1370 uarijs
1094 1289 1126 1351 et
1158 1282 1270 1351 arduis

141 1409 201 1477 pro
216 1407 357 1478 perseus
372 1395 484 1457 nostra
499 1395 531 1458 et
547 1393 661 1476 Regno
677 1397 786 1460 nostro
802 1391 931 1460 fortune
946 1393 1079 1460 casibus
1105 1411 1140 1459 se
1173 1412 1272 1478 expo·

18 1545 19 1548 ,
142 1516 246 1584 ncna3
263 1497 319 1582 qui
334 1504 465 1585 propter
479 1497 669 1568 fidelitatem
686 1499 778 1568 uobis
794 1501 1034 1568 obseruandam
1043 1501 1273 1582 Magistratum

142 1605 334 1692 Agasonum
350 1613 384 1673 et
399 1603 593 1676 Comitatum
609 1609 866 1676 Tauarnicorum
879 1608 1008 1678 domine
1024 1608 1146 1693 Regiae
1170 1610 1272 1675 maio-

142 1715 198 1801 ris,
225 1713 400 1785 karissime
417 1715 531 1784 matris
561 1721 685 1805 nostre,
715 1715 914 1802 quingentas
944 1737 1085 1806 marcas,
1118 1736 1199 1803 quas
1229 1718 1273 1782 ab

142 1825 259 1894 cadem
276 1824 408 1893 domina
422 1823 602 1892 karissima
616 1832 721 1895 matre
736 1833 847 1894 nostra
862 1827 1032 1894 annuatim
1058 1827 1189 1894 racione
1215 1825 1272 1894 sti·

141 1930 255 2022 peudij
271 1931 324 2003 sui
347 1932 515 2020 percipere
545 1933 697 2024 debebat,
729 1939 762 2003 ot
791 1953 905 2003 omnes
936 1933 1161 2021 possessiones
1192 1953 1272 2003 enas

141 2061 240 2126 quam
256 2042 380 2130 plures,
396 2061 478 2126 quae
494 2042 529 2109 in
544 2041 691 2110 terminis
708 2042 874 2111 karissimi
890 2043 993 2128 patris
1009 2044 1109 2111 nostri
1120 2042 1271 2127 hahebat,

140 2148 367 2239 relinquendo,
395 2170 455 2218 nos
471 2149 610 2219 tideliter
640 2159 691 2220 est
722 2158 861 2242 secutus,
892 2152 1037 2236 dampna
1067 2152 1182 2236 eciam,
1214 2149 1270 2216 rbi

139 2258 238 2327 Obalr
253 2259 376 2342 Banus,
401 2255 540 2328 dilectus
555 2263 588 2326 et
602 2259 710 2328 tidelia
726 2267 836 2329 noster
852 2258 913 2326 luit
929 2263 1054 2347 captos,
1087 2277 1184 2343 quam
1200 2255 1270 2341 pln-

139 2368 226 2436 rima
241 2366 376 2454 pertulit
390 2369 423 2433 et
440 2373 489 2435 est
504 2387 642 2456 passus3
666 2373 698 2437 et
713 2369 822 2437 omnia
838 2367 900 2435 illa
915 2371 997 2437 bene
1012 2366 1197 2436 ascendunt
1227 2363 1270 2431 ad

139 2495 304 2544 summam
319 2473 384 2543 tria
398 2473 503 2543 millia
517 2495 711 2563 marcarum,
738 2495 802 2560 quo
817 2476 902 2542 idcm
920 2497 979 2561 pro
1010 2476 1105 2544 nobis
1136 2472 1269 2557 reliquit

138 2591 172 2651 ct
187 2583 310 2654 amisit.
349 2581 414 2662 Qui
430 2583 534 2653 eciam
550 2584 788 2653 declinantibus
815 2606 836 2652 a
867 2585 961 2652 nobis
994 2605 1088 2669 quom
1122 2584 1269 2671 pluribus

136 2691 324 2762 Batonibus
349 2691 470 2762 nostris
500 2693 626 2778 perfida
655 2692 924 2779 preuaricacione
954 2703 987 2760 et
1018 2691 1270 2780 prenaricatrice

137 2799 287 2887 pertidia,
301 2819 368 2868 uon
383 2801 454 2869 sine
469 2800 645 2869 manifesto
661 2800 859 2887 prodicionis
875 2799 969 2890 vicio,
992 2801 1039 2868 ,in
1055 2800 1270 2888 expedicione

136 2910 237 2997 paulo
252 2907 458 2977 antehabita
473 2914 585 2976 contra
598 2909 808 2978 karissimum
839 2915 965 2996 patrem
996 2914 1143 2977 nostrum
1175 2907 1267 2976 dese·

137 3015 289 3084 rentibus
314 3019 423 3084 castra
447 3022 578 3100 nostra,
602 3038 674 3086 cnm
705 3017 833 3086 feruore
863 3037 986 3086 summe
1016 3015 1203 3085 deuocionis
1235 3020 1269 3082 et
1401 3073 1404 3079 .

136 3125 214 3194 ridel
230 3124 496 3212 inseparabiliter
509 3128 627 3195 nostris
645 3125 773 3195 adhesit
789 3127 963 3214 obsequijs,
978 3131 1114 3212 paratus
1131 3145 1189 3211 pro
1204 3142 1262 3190 no·

135 3235 189 3303 bis
204 3233 353 3320 bellicos,
369 3232 400 3301 si
415 3234 619 3320 oportuisset,
649 3236 794 3323 perferre
809 3233 953 3321 sudores,
988 3241 1020 3301 et
1036 3233 1137 3301 dubia
1152 3231 1266 3299 Martis

137 3343 249 3412 subire
265 3341 470 3429 certamina3
495 3350 529 3410 et
542 3346 659 3428 postea
674 3342 868 3412 inimicicias
885 3349 1060 3430 perpetuas
1084 3339 1188 3408 tocius
1214 3357 1267 3423 ge

138 3447 325 3520 neracionis
338 3450 414 3518 Aba
427 3449 570 3538 optinuit
585 3459 617 3518 et
646 3452 791 3536 incurrit,
822 3473 881 3538 pro
913 3471 950 3519 eo
981 3450 1147 3537 videlicet,
1179 3445 1267 3535 qnod

137 3563 273 3648 propter
288 3555 478 3628 fidelitatem
494 3559 589 3627 nobis
605 3562 841 3628 obseruandam
852 3559 1045 3627 Ladiulaum
1056 3556 1153 3626 lilium
1165 3557 1267 3626 Wata

137 3667 178 3734 de
192 3684 316 3753 genere
330 3665 412 3753 Aba,
445 3671 587 3735 nostrum
604 3673 637 3735 et
651 3668 757 3753 Regni
773 3669 874 3736 nostri
890 3663 1054 3736 infidelem
1072 3665 1263 3755 captiuauit,

136 3781 170 3842 et
185 3779 322 3860 captum
337 3774 432 3843 uobis
449 3773 551 3861 duxit,
583 3775 639 3859 qui
654 3783 783 3862 propter
798 3795 891 3844 suam
916 3773 1151 3863 infidelitatem,
1182 3777 1266 3845 sicut

136 3881 290 3968 diximus,
322 3879 383 3948 fuit
412 3881 606 3952 decollatus.
644 3885 712 3952 Nos
728 3884 761 3951 in
778 3885 954 3969 aliqualem
986 3884 1265 3970 recompensacio·

136 4008 212 4057 uem
229 3989 443 4058 seruiciornm
459 4009 602 4078 suorum,
632 3991 709 4058 licet
722 3991 821 4076 louge
836 3991 904 4060 suis
919 3992 1107 4060 inferiorem
1132 3991 1266 4073 meritis,

135 4102 281 4166 castrum
295 4095 398 4186 Agas,
428 4096 663 4186 quodpropter
679 4098 904 4166 infidelitatem
920 4103 953 4166 et
966 4097 1131 4167 infidelem
1160 4099 1265 4184 negli-

137 4207 290 4289 genciam
305 4205 506 4275 venerabilis
521 4207 627 4293 patris
642 4205 705 4274 Job
720 4207 873 4294 Episcopi
903 4206 1263 4292 Quinqueeccleaiensis

135 4321 269 4400 captum
285 4312 321 4380 in
339 4333 469 4382 enorme
485 4321 518 4382 et
534 4313 760 4399 grauissimum
784 4321 930 4382 nostrum
962 4319 996 4382 et
1024 4315 1130 4400 Regni
1161 4317 1265 4386 nostri

132 4419 342 4508 dispendium
358 4425 391 4489 et
406 4421 572 4511 amissum,
590 4428 624 4491 et
639 4443 698 4510 per
712 4428 856 4492 nostram
873 4421 1084 4508 diligenciam
1099 4445 1163 4491 non
1193 4424 1264 4493 siue

131 4527 333 4615 sumptuosis
348 4529 520 4599 laboribus
535 4537 773 4620 recuparatum,
803 4531 847 4598 ad
877 4534 1022 4600 nostram
1053 4531 1264 4600 collacionem

133 4637 241 4707 extitit
256 4633 457 4727 deuolutum,
473 4659 548 4708 cum
563 4641 667 4709 tribus
683 4639 775 4709 villis
790 4639 991 4727 Kuthassov,
1007 4637 1140 4707 Barkan
1158 4641 1264 4708 etTor

239 4771 346 4818 nom.
361 4773 446 4815 uuna.
463 4774 534 4820 ursu.
551 4787 592 4808 -
610 4777 683 4822 nuru.
697 4777 741 4816 xx.
1113 4750 1158 4840 35Ἰ
