3208 5158
652 341 810 444 Q

154 529 299 606 bienses
314 535 408 605 nobis
424 533 649 608 acclamarunt
667 560 674 604 ε
693 541 781 625 qaod
800 540 903 631 ipsos,
918 559 991 609 oum
1007 535 1146 607 luissent
1168 527 1294 621 iobagi·

152 665 245 715 anes
277 645 384 714 Casiri
415 647 657 737 Zagrabionsis,
701 649 820 717 dictum
852 647 1037 736 Capitulum
1069 653 1102 716 et
1132 645 1291 714 Oananiai

151 745 206 822 de
221 775 305 824 novo
322 755 479 823 violenter
495 763 669 843 occupatos
700 757 891 827 detinerent.
924 757 1067 838 Quorum
1098 754 1290 824 assercioni·

150 863 225 932 bus
256 863 388 950 auditis,
428 862 550 931 dictum
582 863 764 950 Capitulum
797 872 828 932 et
858 864 1039 936 Oauonicos
1068 861 1113 930 ad
1145 869 1289 930 nostram

151 971 367 1058 presenciam
383 971 519 1040 fecimus
536 974 676 1059 evocari,
694 981 727 1042 et
743 973 887 1044 torminis
916 972 1109 1059 quibusdam
1136 971 1289 1056 interlap-

151 1082 219 1168 sis,
252 1081 288 1148 in
319 1081 460 1149 termino
485 1083 617 1150 modern
634 1085 872 1172 perhemptoria
888 1081 1084 1172 supradictis
1100 1081 1287 1150 haminibus

156 1187 283 1257 eadem
300 1189 536 1277 allegantibus,
553 1189 632 1259 dicti
649 1189 805 1260 Canonici
828 1199 1076 1280 proposuerunt,
1102 1188 1292 1278 prescripsi·

152 1317 257 1367 onem
288 1297 471 1383 legitimam
503 1298 694 1387 allegantes,
726 1299 812 1384 quod
854 1307 972 1368 terram
1003 1299 1101 1366 trium
1132 1297 1287 1366 villarum

152 1404 426 1494 supradictarum
444 1413 476 1474 et
491 1407 580 1494 ipsos
597 1429 617 1475 a
634 1409 870 1494 quinquaginta
887 1409 981 1476 annis
998 1407 1104 1476 minus
1120 1426 1194 1491 uno,
1224 1404 1290 1491 ipsi

152 1518 193 1583 ab
216 1513 364 1582 Ecclesia
394 1515 621 1600 Zagrabienais
652 1515 787 1603 pacifice
818 1517 1035 1602 possedisset,
1069 1521 1102 1584 et
1132 1514 1193 1582 lrao
1225 1533 1285 1599 per

151 1623 287 1690 litteras
302 1626 406 1710 patris
422 1625 535 1710 nostri,
552 1631 584 1691 at
600 1644 658 1710 per
675 1625 800 1692 litteras
821 1625 1036 1694 Serenissime
1067 1625 1181 1692 matris
1212 1639 1286 1690 nos·

151 1737 208 1799 tre
222 1731 346 1816 Regiae
362 1733 507 1817 vagaris
521 1733 602 1821 ipsis
618 1735 823 1820 presentibus
839 1735 1069 1821 probaverunt.
1086 1733 1154 1800 Nos
1171 1736 1283 1802 autem

154 1839 271 1908 habito
286 1841 423 1909 consilio
440 1861 512 1908 curn
528 1841 709 1910 Batonibus
726 1844 854 1924 nostris,
886 1843 980 1910 nobis
1010 1849 1088 1910 tunc
1119 1841 1287 1910 considea-

152 1948 256 2027 tibus,
282 1949 362 2032 quia
378 1949 454 2016 dicti
470 1949 529 2018 filii
545 1949 687 2018 Bratona
704 1957 736 2018 et
751 1950 809 2018 alii
825 1973 866 2019 ex
881 1958 975 2039 parte
990 1970 1099 2019 eorum
1120 1947 1285 2036 prenotati

159 2077 226 2125 nec
241 2055 520 2145 iuter(r)upcianis
543 2059 671 2128 litteras
686 2065 875 2146 presentare
889 2066 1051 2146 poterant,
1082 2078 1142 2126 nee
1157 2057 1287 2142 aliquas

156 2162 321 2252 raciones,
353 2185 416 2250 que
446 2185 504 2252 pro
534 2165 615 2253 ipsis
647 2166 794 2234 iacerent
818 2166 971 2254 allegare,
985 2167 1044 2235 sad
1059 2165 1283 2234 tantummodo

154 2273 261 2340 verba
290 2273 511 2361 proferebant,
543 2275 622 2344 licet
654 2283 784 2361 propter
825 2277 949 2344 litteras
982 2275 1104 2344 domini
1135 2274 1234 2361 Regis
1251 2279 1283 2340 et

152 2380 283 2466 Regino
313 2381 417 2449 dictos
447 2381 596 2452 homines
628 2388 661 2450 et
691 2391 811 2452 terram
828 2384 914 2452 dicto
932 2381 1084 2470 Capitulo
1100 2383 1282 2468 relinquere

154 2487 385 2558 debuissemus
402 2491 628 2579 possidendos,
654 2492 740 2560 siout
770 2498 803 2560 ct
835 2493 869 2560 in
898 2493 1104 2580 possessione
1135 2491 1282 2572 fuerant3

152 2603 268 2664 minen
297 2603 333 2664 ut
364 2598 559 2669 clamoribus
591 2621 701 2668 eorum
722 2598 872 2690 satisfiat,
889 2601 931 2668 ad
948 2601 1103 2670 maiorem
1119 2599 1281 2668 cautelam

153 2712 190 2774 et
200 2705 248 2772 rei
264 2703 465 2774 evidenciam
481 2726 540 2776 sex
555 2708 704 2777 homines
720 2709 861 2778 maiores
877 2708 917 2776 de
929 2707 1091 2796 (lapitnlo,
1110 2731 1149 2777 ex
1165 2707 1282 2794 quibus

152 2821 223 2881 tres
255 2814 435 2901 supradicti
467 2816 614 2886 homines
645 2820 814 2905 eligerent,
838 2819 945 2886 etalii
975 2827 1042 2886 tres
1059 2838 1099 2884 ex
1130 2816 1281 2904 Capitulo

150 2921 326 3006 assignati,
359 2931 544 3007 prestarent
583 2937 822 2998 sacramentnm
863 2951 959 3020 snper
991 2951 1038 3016 eo,
1070 2926 1158 3015 quad
1190 2924 1278 2993 diota

149 3030 303 3098 Ecclesia
318 3036 422 3100 terras
439 3033 598 3102 dictarum
614 3038 711 3106 trium
727 3040 880 3108 villarum
896 3041 1166 3127 aqainquaginta
1182 3037 1276 3106 annis

148 3139 260 3207 minus
278 3160 340 3207 nno
355 3139 495 3227 pacifice
511 3145 720 3230 possedisset.
738 3149 779 3215 Et
793 3151 827 3216 in
843 3150 915 3218 loco
940 3152 1134 3218 sacramenti
1159 3149 1279 3233 Magis·

147 3255 201 3315 ter
232 3245 349 3316 Petrus
381 3249 625 3341 Zagrabiensis,
657 3255 814 3342 Magister
844 3258 1040 3327 Nicodamus
1057 3257 1098 3325 dc
1122 3256 1274 3324 Kemnuk

146 3353 390 3440 Archidiaconi,
406 3363 438 3425 et
453 3358 608 3443 Magister
623 3363 721 3432 Drisa
736 3365 854 3434 Lector
874 3369 1020 3437 Ecclesia
1035 3366 1277 3455 Zagrabiensis,

146 3483 207 3548 per
238 3462 344 3530 dictos
373 3464 522 3534 homines
551 3468 708 3536 nominati
741 3479 774 3538 et
804 3475 983 3561 assumpti3
1004 3474 1161 3561 Magister
1187 3477 1279 3544 Bura

146 3573 281 3657 Cantor,
296 3570 452 3654 Magister
467 3574 629 3663 Mycbael,
660 3576 776 3647 austae
807 3581 954 3652 Ecclesia
985 3583 1226 3672 Zagrabiensis,
1246 3591 1279 3653 et

145 3679 305 3764 Magister
320 3678 516 3748 Benedictus
532 3683 790 3754 Archidiaconns
807 3689 849 3756 de
864 3688 1023 3778 Gnercbe,
1049 3691 1126 3760 licet
1157 3693 1278 3779 prefati

144 3786 297 3855 homines
312 3807 348 3856 se
364 3789 546 3875 culpabiles
562 3795 832 3883 proclamassent,
858 3817 967 3865 coram
994 3799 1176 3887 Capeliano
1202 3822 1276 3871 nos·

143 3901 195 3962 tro
225 3893 323 3962 Saalo
355 3896 526 3966 sacerdote
550 3899 593 3968 ad
609 3899 670 3970 boc
687 3900 842 3989 deputato
859 3911 890 3973 et
904 3913 1142 3977 sacramentum
1159 3909 1209 3979 cis
1227 3931 1277 3978 re·

142 4003 275 4070 mittere
291 4001 481 4096 voluissent,
496 4007 725 4078 nichilominus
742 4011 822 4080 dicti
838 4016 994 4100 Magister
1018 4018 1134 4086 Petrus
1169 4028 1201 4088 et
1218 4020 1276 4087 alii

141 4113 402 4198 supranominati
418 4114 459 4184 ds
476 4117 556 4185 iuris
572 4119 620 4186 sui
638 4121 793 4189 beneficio
824 4124 1036 4213 confidentes,
1059 4146 1169 4195 coram
1185 4126 1273 4196 dioto

141 4221 324 4307 capellano
340 4229 449 4292 nostro
465 4225 565 4294 Saulo
581 4226 748 4296 sacerdote
762 4231 951 4300 iuraverunt
967 4233 1002 4300 in
1020 4233 1134 4302 maiori
1159 4235 1272 4304 Eccle-

141 4327 193 4397 sia
222 4330 258 4396 in
290 4331 388 4399 altari
420 4333 531 4401 Sancti
563 4336 662 4422 Regis
691 4357 790 4424 super
806 4359 855 4424 eo,
873 4339 960 4426 quod
977 4349 1097 4409 terram
1113 4343 1273 4412 dictarum

139 4435 237 4504 trium
270 4439 425 4507 villarum
456 4441 607 4512 Ecclesia
636 4446 825 4532 supradicta
850 4470 871 4516 a
903 4449 1144 4537 quinquaginta
1175 4451 1271 4522 annis

139 4545 248 4613 minus
281 4565 347 4614 uno
378 4549 488 4632 quiete
504 4558 537 4618 et
553 4553 687 4638 pacifica
707 4555 918 4642 possedisset.
936 4559 1003 4630 Nos
1019 4568 1129 4629 autern
1145 4560 1266 4630 meritis

139 4669 238 4720 cause
255 4659 290 4722 et
305 4654 563 4743 allegacionibus
594 4663 740 4750 parcium
775 4665 904 4755 plenius
936 4668 1124 4759 intellectis,
1155 4670 1267 4741 habito
