3164 5154
583 337 743 456 js-

104 559 167 618 mus
182 557 215 620 et
230 550 477 635 laboraremus3
507 557 655 636 preterea
686 549 926 618 indefectibiles
942 557 1062 640 grates,
1079 558 1219 622 nostros·

105 681 159 744 que
173 661 311 728 nuncios
322 679 452 745 semper
463 679 525 725 nou
537 659 712 725 honorifice
728 659 928 726 tractavistis
945 667 1110 745 tamquam
1126 681 1223 746 saga-

110 769 194 852 citer,
226 787 323 835 omne
339 769 509 835 consilium
528 765 730 834 exhibuistis.
762 764 856 843 Quod
872 765 955 832 idem
973 787 1049 833 vero
1075 769 1229 836 honorifi-

105 875 222 942 centius
239 883 339 959 atque
354 873 504 958 sagacius
514 874 587 940 huie
602 880 712 941 nostro
730 874 848 959 legato,
867 874 913 940 uti
939 873 1100 942 nobismet
1115 874 1227 964 ipsi(s)

107 984 255 1051 exhibere
286 986 436 1070 petimus.
469 982 598 1068 Quippe
629 1002 708 1048 vera
738 981 870 1049 dilectio
906 1003 971 1049 non
1003 1001 1082 1050 voce
1106 985 1222 1068 solum,

107 1091 158 1158 sed
188 1091 287 1158 etiam
319 1111 417 1176 opere
445 1089 633 1158 ostenditur.
658 1090 791 1157 Amicus
823 1110 961 1174 namque
976 1090 1009 1156 in
1026 1091 1221 1160 necessitate

108 1199 263 1284 probatur.

204 1305 441 1374 Convenientia
458 1307 611 1392 amicitie,
627 1325 690 1391 que
706 1307 795 1373 factu
813 1313 863 1373 est
878 1305 962 1374 inter
979 1307 1099 1390 Regem
1120 1305 1229 1392 Ungu-

106 1433 202 1480 rorum
219 1434 260 1480 ac
281 1414 405 1482 Ducem
420 1415 637 1480 Venetorum:

205 1525 274 1606 Ego
305 1522 501 1591 Colomauus
526 1521 734 1606 Ungarorum
767 1525 835 1590 Rex
852 1543 912 1608 per
926 1531 1044 1590 memet
1069 1523 1174 1609 ipsum
1192 1529 1224 1590 ct

106 1649 257 1714 permees
289 1649 411 1717 omnes,
429 1635 534 1698 meum
566 1631 684 1698 Vitatis
700 1630 841 1698 Michael
873 1633 1021 1720 Venetia,
1047 1633 1226 1718 Dalmatio,

107 1737 251 1806 Obroatis
267 1737 352 1824 Dux,
368 1745 398 1804 et
415 1739 539 1804 eunctis
556 1737 702 1805 omnibus
728 1736 975 1824 cOptimatibns)
993 1759 1103 1806 veram
1119 1747 1152 1805 ct
1167 1738 1219 1804 fir-

107 1864 184 1912 mum
199 1845 376 1912 amicitiam
394 1853 494 1928 atque
526 1846 733 1914 concordiam
749 1845 792 1911 ab
812 1845 873 1912 hoc
890 1845 944 1912 die
961 1847 995 1910 in
1022 1853 1121 1914 antee
1137 1848 1220 1914 obti-

106 1953 191 2038 nebo,
216 1959 248 2022 et
271 1959 360 2022 teuc
384 1961 468 2040 tuos,
486 1959 517 2020 et
533 1963 665 2023 cunctas
698 1953 857 2021 Civitates
888 1954 1051 2022 subiectas
1083 1955 1224 2022 Ducatui

107 2070 164 2144 tuo,
182 2066 214 2126 et
228 2061 336 2128 omnia
356 2061 490 2128 castella
507 2081 545 2126 ac
561 2061 634 2127 lo'ca
662 2061 796 2129 subdita
812 2065 844 2127 et
859 2059 1045 2127 obedientia
1070 2062 1224 2145 potestati

107 2175 165 2254 tue,
180 2187 235 2252 per
250 2189 302 2236 mc
318 2173 350 2234 et
360 2187 417 2253 per
430 2189 518 2237 meos
535 2169 745 2253 conservabo,
763 2175 794 2234 et
805 2168 891 2234 nulio
907 2168 1003 2234 modo
1020 2169 1219 2251 inquietabo.

107 2275 184 2342 Etsi
201 2275 319 2362 aliquis
335 2296 377 2343 ex
393 2277 473 2344 meis
490 2277 630 2361 aliquem
647 2281 790 2344 vostrum
816 2273 893 2342 soris
912 2275 1025 2342 iecerit
1041 2283 1099 2342 aut
1117 2277 1216 2343 offon-

109 2382 196 2471 derit,
211 2403 250 2450 ac
267 2384 467 2472 incognitum
484 2387 592 2470 fuerit,
609 2385 693 2450 insra
710 2384 779 2450 dies
797 2383 930 2469 triginta
947 2384 1138 2472 emendabo.
1155 2385 1225 2451 Hec

107 2492 205 2556 omnia
221 2512 280 2578 per
294 2499 532 2560 sacromentum
548 2501 624 2560 sunt
640 2493 832 2560 confirmata
848 2512 888 2559 ac
901 2492 1107 2560 confederata
1124 2511 1222 2576 equa·

109 2597 129 2662 li
144 2600 324 2668 conditione
339 2604 381 2669 ab
397 2609 536 2685 utraque
553 2610 655 2689 parte.

204 2707 267 2776 Sed
297 2715 407 2776 tamen
439 2710 517 2794 quia
547 2710 581 2776 in
596 2710 804 2797 Principibus
822 2708 902 2776 meis
919 2715 952 2778 et
968 2710 1116 2778 sensibus
1133 2711 1225 2778 dubi·

112 2832 155 2877 um
182 2815 315 2902 uidetur,
331 2825 438 2885 utrum
470 2819 592 2884 Ducem
619 2825 650 2884 te
676 2817 827 2885 Obroatis
859 2825 958 2901 atque
988 2817 1153 2886 Dalmatis
1169 2840 1224 2886 no·

110 2920 301 3008 minaverim3
317 2923 402 3010 volo,
418 2926 515 2992 immo
532 2926 692 3010 desidero,
704 2946 765 3011 pro
781 2926 953 3011 servando,
965 2926 1052 2992 sicut
1067 2931 1224 2994 statutum

114 3037 165 3114 est,
179 3031 330 3118 amicitie,
347 3039 381 3098 ut
397 3054 418 3099 a
436 3039 467 3100 te
483 3040 516 3100 et
532 3034 605 3120 tuis,
619 3040 783 3100 etameet
794 3033 884 3118 meis,
899 3035 947 3100 itu
963 3053 1056 3100 omne
1071 3033 1159 3119 prius
1185 3033 1226 3101 de

112 3136 205 3205 medio
221 3141 405 3225 ambiguum
421 3141 597 3228 auferatur,
608 3151 642 3209 ut
653 3142 685 3208 in
698 3161 885 3226 quocunque
904 3161 983 3209 casu
1000 3141 1057 3207 tibi
1075 3163 1133 3226 per
1167 3163 1223 3208 an·

115 3247 274 3314 teeessores
288 3255 370 3334 bros,
387 3256 419 3318 et
442 3271 500 3335 per
516 3269 604 3318 meos
621 3259 709 3318 certa
725 3251 986 3337 comprobatione
1007 3249 1099 3334 justu
1115 3249 1221 3338 fuerit,

116 3351 291 3424 alteralteri
308 3357 491 3426 nullatenus
508 3360 730 3426 adversemur.

118 3547 225 3612 (bjubics
243 3553 344 3620 Simon,
363 3557 546 3608 Monumenta
564 3559 723 3621 spectantia
742 3558 890 3608 historiam
911 3559 1058 3609 Slavorum
1090 3556 1221 3608 Meridie·
1286 3623 1287 3628 Ἰ

121 3639 214 3692 nulium
231 3643 252 3693 1.
269 3645 326 3694 ket.
345 3647 455 3710 Ztgrdb
478 3651 553 3697 1868.
574 3651 597 3696 5.
618 3649 637 3698 l.
668 3649 918 3712 Gysijtemdnyiiuk
943 3649 965 3698 1.
995 3648 1149 3700 atestensis
1178 3652 1220 3698 43.

120 3723 144 3772 ts
161 3731 197 3780 44.
216 3731 241 3785 11.
259 3734 345 3786 Ozech
374 3736 460 3787 Jtnos
488 3735 696 3800 lrdtrahagyott
724 3737 913 3787 kdzirataibdl
944 3753 1012 3789 ezerr
1040 3738 1221 3803 okmdnynak

452 3827 517 3877 csak
534 3827 694 3878 ctredtkeit
712 3828 867 3896 kdzdltiik.)

523 4113 791 4128 ,...,...............,.........

226 4794 311 4858 comt.
326 4817 404 4864 auso.
421 4806 492 4863 uisu.
515 4833 547 4844 -
570 4823 641 4862 narn.
660 4812 702 4860 nrt.
