3080 5146
604 946 609 952 -
620 905 695 974 ddi.

103 1105 130 1172 A
139 1108 332 1196 pdoeodrudt'
356 1107 489 1174 tonoem
521 1106 596 1173 door
626 1103 739 1168 Buteo
766 1101 991 1188 nemaeubtot
1021 1101 1095 1166 eald
1133 1099 1223 1184 Vtrtfl

105 1213 210 1282 buttes
224 1215 363 1301 lodnyot'
377 1213 480 1280 Jonas
488 1211 656 1300 fbldtdren
671 1211 741 1278 leod
755 1209 1017 1312 dirtobrdsattdr’o'o
1033 1218 1221 1296 myosoton·

565 1319 642 1385 uuir.
656 1319 752 1384 1251.

101 1515 134 1576 (A
149 1517 210 1582 grdi
225 1517 317 1584 Ziehy
335 1516 429 1568 osaldd
443 1514 636 1581 Okmstnytara
650 1515 673 1564 1.
686 1514 744 1565 tot.
759 1518 782 1564 7.
798 1513 815 1563 i
834 1513 916 1580 Nagy
930 1513 1005 1563 Imre
1016 1511 1219 1575 kdzlemdnye.)

524 1799 791 1810 -—---—-·—--——

621 2337 696 2404 265.

104 2533 160 2601 IV.
183 2534 266 2602 Belo
299 2533 480 2620 kirtlynolt
510 2534 643 2620 Hidoty
673 2535 822 2621 helyedqet
853 2537 1009 2621 tdryyuzd
1038 2535 1222 2624 udomdoya

319 2639 413 2707 Mitt
428 2641 568 2728 zdlyomi
577 2640 720 2728 sb'r'opdrr
734 2646 893 2708 ezdmdra.
914 2641 1008 2747 12s2.

202 2836 282 2904 Bela
297 2837 360 2902 Dei
376 2835 491 2925 gracia
515 2835 694 2923 Hungarie,
719 2834 898 2920 Dalmuoie,
932 2837 1075 2922 Oroatis,
1109 2839 1223 2924 Reme,

104 2938 229 3028 Seruye,
247 2941 398 3029 Gallioie,
414 2941 619 3027 Lodomerie,
634 2943 935 3026 CumaniequeRex
942 2943 1092 3035 omnibus
1103 2941 1222 3010 Christi

102 3045 244 3117 fidelibus
259 3055 431 3136 presentes
457 3049 586 3116 litteras
618 3050 814 3136 inspecturis
842 3048 983 3118 salutem
1014 3051 1047 3114 in
1079 3051 1223 3116 omnium

105 3153 268 3222 saluatore.
292 3154 399 3238 Regia
415 3153 581 3226 celsitudo
607 3155 753 3242 requirit,
785 3163 818 3223 et
850 3156 1039 3224 sublimium
1071 3157 1224 3222 oonuenit

103 3257 261 3350 dignitati,
277 3268 314 3329 ut
329 3280 459 3329 suorum
476 3263 642 3330 oculorum
658 3263 793 3330 intuitus
810 3269 902 3330 tanto
918 3259 1085 3328 iooundins
1101 3261 1136 3327 in
1147 3281 1224 3330 suos

104 3363 210 3435 fideles
225 3369 352 3457 iniciat,
368 3375 490 3454 quanto
507 3367 583 3455 ipsa
598 3368 741 3437 fidelitas
758 3368 874 3436 ueteris
890 3369 1064 3436 virtutibus
1080 3374 1130 3434 est
1152 3388 1224 3454 pre·

102 3470 231 3542 terenda
247 3482 280 3544 et
296 3474 510 3562 amplioribus
526 3476 661 3562 premijs
678 3475 868 3544 attollenda.
905 3475 989 3543 Hine
1005 3482 1065 3560 est,
1080 3473 1167 3560 quod
1182 3475 1225 3542 ad

105 3580 320 3650 uniuersorum
335 3591 402 3650 tam
418 3584 624 3669 presentium
642 3603 740 3668 quam
756 3589 958 3672 posterorum
973 3582 1126 3651 notitiam
1137 3582 1224 3650 volu·

103 3705 171 3752 mus
185 3689 365 3774 peruenire,
382 3688 470 3774 quod
486 3711 558 3757 oum
576 3689 681 3757 ddeiis
697 3696 806 3757 noster
822 3689 923 3777 Myko
934 3690 1047 3758 Comes
1059 3690 1099 3756 de
1109 3689 1223 3757 Zolnm

104 3792 208 3860 multis
222 3793 389 3864 fidelitatis
405 3796 575 3881 obseqniJ‘s
589 3796 814 3864 indesinenter
830 3802 863 3862 et
881 3794 1043 3864 indefesse
1067 3794 1159 3863 nobis
1194 3803 1227 3863 et

105 3894 223 3968 Corone
236 3903 342 3987 Regio
359 3902 514 3971 exhibitis
531 3923 640 3971 eoram
655 3902 774 3970 Nostre
790 3902 971 3970 Maiestatis
986 3904 1090 3970 oeulis
1116 3901 1228 3971 lauda

106 4005 208 4074 biliter
223 4007 405 4092 esuisisset3
429 4011 577 4078 uolentes
594 4009 774 4095 probitatis
783 4009 886 4095 ipsius
902 4009 1025 4077 meritis
1040 4029 1227 4076 remunera-

104 4111 192 4183 tione
206 4115 372 4199 eondigna
386 4103 596 4203 despondere,
614 4122 733 4183 terram
750 4117 900 4202 Hydweg
916 4136 989 4183 oum
1007 4119 1104 4185 terris
1121 4117 1229 4184 arabi-

105 4219 195 4308 libus,
211 4221 339 4309 tenetis,
355 4229 388 4290 et
404 4224 509 4310 siluis,
526 4244 565 4292 ao
581 4223 732 4291 omnibus
749 4223 944 4291 utilitatibus
960 4229 991 4290 et
1017 4224 1229 4291 circumstan-

104 4325 165 4411 eijs
178 4327 219 4395 ad
233 4327 340 4414 ipsam
366 4337 486 4398 terram
517 4330 768 4418 pertinentibus,
798 4330 861 4398 sibi
888 4331 1023 4416 suisque
1054 4330 1230 4399 heredibus

107 4431 314 4520 heredumque
345 4437 589 4507 suooessoribus
620 4439 720 4525 pleno
751 4437 822 4505 iure
845 4438 1048 4526 eontulimus‚
1078 4437 1230 4505 dedimns'

108 4546 203 4625 atque
216 4541 407 4614 tradidimus
439 4547 474 4614 in
505 4554 697 4638 perpetuum
729 4545 974 4633 possidendam.
1016 4545 1112 4616 Ovius
1146 4555 1231 4616 terre
