3098 5132
584 381 743 478 „reg

112 579 189 658 paler
212 581 329 642 noster
353 577 426 641 Rex
446 574 594 643 Andreas
621 576 782 664 fundavit,
800 577 934 664 speciali
954 580 1071 646 affectu
1088 575 1224 665 diligere

112 688 325 770 proponentes,
351 685 384 750 in
411 702 488 749 usus
513 682 646 750 fratrum
673 685 744 753 Deo
760 685 974 754 servientium
992 685 1026 752 in
1043 687 1170 772 eadem,
1196 692 1229 752 et

113 810 278 877 pauperum
290 793 575 876 sustentacionem,
602 813 660 876 pro
677 794 784 861 salute
794 794 902 862 anime
919 792 972 878 pie
988 793 1100 860 matris
1118 799 1228 874 nostre

112 899 278 986 deumdis,
304 901 432 984 Regina
458 899 605 986 illustris,
633 908 664 968 et
688 901 828 969 omnium
856 909 1026 987 parentum
1045 907 1227 968 nostrorum

112 1014 274 1094 sanusne,
292 1009 334 1075 de
350 1008 538 1079 marturinis
555 1009 672 1076 nostris
699 1030 758 1078 sex
775 1010 1025 1094 generacionum
1043 1009 1224 1077 Comitatus

111 1114 276 1183 deborra:
292 1115 447 1184 Pridialai
474 1116 627 1186 videlicet
651 1117 693 1184 de
718 1118 821 1186 Boina
846 1121 992 1204 fratrum,
1011 1124 1225 1202 cognatorum

112 1231 138 1289 et
151 1225 365 1308 proximorum
382 1245 510 1294 suorum
529 1245 566 1292 ao
591 1246 829 1308 successorum3
846 1226 991 1312 Alprcth,
1018 1227 1149 1294 Martini
1166 1225 1225 1294 tilii

111 1331 290 1418 Brochonis,
318 1335 411 1419 Bate,
437 1334 549 1416 Bizlui,
575 1335 698 1402 Trmha
722 1342 753 1400 et
787 1334 933 1417 fratrum,
959 1341 1168 1418 cognatorum
1196 1339 1228 1398 et

111 1458 323 1508 successorum
340 1461 470 1510 suorum
488 1451 521 1508 et
536 1443 745 1526 iobagionum
757 1446 898 1511 omnium
921 1442 1136 1530 predictorum
1161 1439 1227 1506 XX

114 1551 406 1617 marcasannnatim
418 1547 655 1618 donabimusin
670 1561 861 1638 perpetuum
872 1550 1096 1638 possidendas.
1123 1548 1228 1614 Preci-

111 1655 224 1739 pientes
238 1657 372 1726 firmiter
381 1679 439 1725 sex
449 1659 718 1744 generationibus
735 1661 918 1728 memoratis
929 1667 961 1729 et
972 1659 1118 1727 omnibus
1129 1659 1170 1726 ab
1181 1657 1228 1724 eis

111 1763 386 1853 descendentibus,
412 1787 451 1833 ac
472 1767 622 1835 omnibus
649 1767 1075 1852 iobagionibnseorundem,
1095 1772 1130 1833 nt
1145 1763 1229 1831 sicut

115 1873 199 1940 nobis
217 1876 397 1942 maturinas
414 1875 504 1960 ipsas
520 1876 561 1944 de
577 1897 613 1944 se
628 1876 680 1945 vel
697 1877 738 1943 de
754 1878 822 1944 suis
849 1875 1078 1960 iobagionibus
1103 1872 1229 1940 solvere

116 1981 309 2070 tenebantur,
336 1982 383 2050 sic
407 1982 563 2066 deinceps
589 1985 829 2070 inperpetuum
850 1984 997 2052 Ecclesia
1022 1980 1167 2070 predicte
1196 1985 1227 2046 et

116 2087 367 2158 deservientibus
399 2091 430 2155 in
465 2091 590 2176 eadem,
623 2111 787 2176 quousque
818 2092 961 2180 predicte
986 2089 1103 2175 viginti
1119 2107 1229 2155 marce

26 2189 27 2192 ’
117 2199 276 2265 aunuatim
309 2197 430 2266 eisdem
461 2198 669 2286 impleantur,
700 2201 825 2284 absque
857 2201 925 2267 ulla
956 2197 1176 2265 diminucione
1192 2199 1226 2264 et

27 2349 28 2352 ,
113 2305 368 2374 contradioeione
393 2307 591 2393 persolvent,
618 2305 762 2391 alioquin
788 2310 871 2374 iram
889 2309 950 2376 Dei
967 2327 1006 2373 ac
1031 2309 1230 2372 nostramet

113 2432 326 2480 suceessorum
337 2419 518 2480 nostrorum
531 2433 566 2480 se
582 2415 936 2484 noverintinoursuros.
964 2415 1101 2480 Peterea
1118 2411 1227 2477 nullus

112 2519 211 2588 &nus
227 2539 285 2587 seu
311 2520 438 2606 Comes,
473 2519 512 2588 de
539 2522 726 2589 marturinis
742 2523 810 2590 illis
836 2545 872 2591 se
897 2524 1103 2607 aliquatenus
1129 2520 1228 2585 intro·

113 2629 222 2714 mittat,
240 2627 345 2696 donec
371 2629 519 2696 Ecclesia
559 2651 716 2699 summam
748 2631 926 2717 predictam
969 2631 1008 2698 de
1039 2625 1229 2696 marturinis

113 2735 183 2820 ipsis
213 2735 364 2802 habuerit
396 2735 619 2824 adimpletam.
652 2739 808 2806 Volumus
841 2739 925 2806 enim
958 2738 1017 2805 hoc
1049 2737 1167 2804 donum
1193 2740 1226 2800 et

113 2843 312 2911 elemosinam
357 2852 502 2912 nostram
544 2854 637 2914 tanta
677 2849 870 2916 austeritate
900 2845 1031 2914 domino
1063 2843 1158 2932 potiri
1189 2841 1224 2907 in
1282 2917 1285 2924 ,

111 2959 292 3037 perpetuum
323 2951 484 3039 firmitate,
525 2955 609 3038 quod
642 2957 749 3022 nullus
792 2957 903 3022 Banus
935 2955 988 3022 vel
1020 2952 1138 3022 Comes
1168 2959 1227 3015 aut

26 3045 27 3064 ²
113 3061 221 3145 aliquis
246 3080 469 3128 successorum
495 3069 678 3130 nostrorum
695 3063 747 3131 vel
774 3064 908 3148 quilibet
933 3063 1018 3128 alius
1046 3058 1225 3128 scelestam

114 3169 283 3252 predictam
312 3188 410 3253 super
434 3170 498 3236 illis
526 3171 712 3239 marturinis
729 3173 848 3240 debeat
873 3172 1056 3256 molestare,
1074 3176 1131 3234 aut
1156 3163 1231 3232 huie

112 3275 275 3344 donacioni
319 3286 427 3345 nostre
459 3278 554 3346 modo
586 3279 699 3363 aliquo
740 3281 911 3348 contraire.
943 3281 1080 3362 Insuper
1121 3279 1229 3342 autem

111 3387 212 3454 omnia
225 3387 309 3470 iura,
333 3387 558 3472 possessiones
585 3395 617 3454 et
633 3389 801 3457 libertates
830 3409 887 3456 seu
904 3388 1048 3474 quelibet
1063 3383 1139 3466 alia,
1165 3399 1229 3466 qne

26 3491 27 3566 ἶ
112 3496 148 3558 ab
162 3495 280 3562 illustri
297 3503 390 3580 patre
406 3501 514 3562 nostro
531 3504 709 3565 memorate
718 3497 862 3565 Ecclesie
879 3503 911 3562 et
920 3488 1229 3570 deservientibusin

26 3607 27 3666 Τ
114 3604 218 3670 eadem
250 3623 445 3687 quocunque
477 3610 621 3691 tempore
652 3613 728 3672 sunt
759 3625 924 3692 concessa,
942 3611 973 3672 et
989 3624 1052 3689 que
1067 3599 1175 3669 adbuc
1190 3596 1224 3662 in

110 3719 265 3794 posterum
283 3713 384 3779 dante
400 3713 540 3780 Domino
556 3733 576 3779 a
593 3715 836 3800 quibuscunque
851 3713 970 3799 poterit
986 3708 1228 3780 racionabiliter

26 3881 27 3902 q
111 3818 239 3905 adipisci
256 3821 309 3886 vel
325 3822 543 3889 hactenusest
559 3821 692 3909 adepta,
710 3822 854 3888 libercet
870 3821 995 3905 absque
1011 3817 1230 3887 diminucione

26 3907 28 3950 f
111 3929 216 4013 aliqua
245 3931 351 3998 eidem
378 3931 524 3998 Ecclesia
556 3929 763 3999 concedimus
792 3937 946 4016 perpetuo
974 3927 1173 4015 possidenda
1198 3933 1231 3993 ct

26 4069 28 4128 ἕ
111 4037 296 4104 auctoritate
313 4036 417 4122 Regia
443 4037 683 4106 confirmamus.
709 4037 760 4105 Ad
777 4039 876 4104 robur
892 4035 992 4122 igitur
1008 4035 1104 4102 huius
1120 4041 1229 4103 nostre

110 4145 359 4211 confirmacionis
376 4143 564 4212 inducemus
575 4143 927 4214 testeszrencrabilem
939 4145 1228 4231 Archiepisoopum

110 4248 330 4334 Spalatensem
363 4252 588 4339 eucharisum,
619 4252 759 4322 Michum
795 4253 1026 4341 Tynniensem,
1057 4249 1228 4316 Martinum

26 4347 27 4440 ᾗ
113 4358 366 4446 dorberiensem,
377 4363 556 4447 Episcopos
569 4361 735 4430 Ecclesiae
745 4361 807 4428 Dei
818 4359 957 4428 feliciter
967 4356 1236 4442 gubernantibus3

111 4487 146 4534 ac
175 4468 330 4538 illustrem
361 4473 466 4538 virum
492 4471 532 4534 N.
563 4469 784 4537 Marchionem
815 4469 920 4552 Istrie,
961 4467 1155 4535 avunculum
1189 4484 1228 4530 ac

115 4584 266 4643 rectorem
278 4587 434 4661 nostrum,
451 4598 509 4645 nec
525 4598 589 4644 non
601 4578 757 4644 Comitem
778 4575 1023 4661 Musonianum,
1034 4571 1150 4642 Ohaak
1167 4575 1228 4641 Bu·

110 4682 320 4777 dmgiensem,
346 4687 487 4758 Pansam
499 4687 608 4762 Ferret
620 4687 739 4775 (lustri,
760 4683 960 4776 Myehaelem
977 4681 1228 4770 symigiensem,
