3208 5158
329 1149 387 1218 IV.
414 1149 557 1218 Koloussa
567 1153 663 1239 pa'po
688 1151 870 1240 mopeapcdi
895 1175 916 1218 a
946 1149 1079 1240 reparat
1109 1149 1460 1236 domobosrnudieiraelc,

315 1261 406 1348 impp
437 1261 591 1348 vulomely
629 1262 724 1327 coltile
763 1261 1008 1348 adomdapozott
1040 1263 1135 1326 heizet
1168 1261 1459 1348 etidepmtttemst.

851 1371 950 1440 1267.

436 1565 585 1635 Clemens
602 1567 788 1654 Episcopus
804 1587 918 1634 seruus
934 1587 1100 1634 seruorum
1127 1565 1189 1632 Dei
1221 1566 1351 1634 dilectis
1381 1566 1461 1652 filijs

330 1673 434 1742 Priori
450 1681 482 1741 et
497 1675 652 1742 fratribus
670 1675 802 1744 Ordinis
818 1674 1059 1742 Prodicatorum
1089 1675 1341 1759 Ragusiensium
1373 1677 1460 1742 salur-

328 1789 391 1849 tem
410 1790 442 1848 et
457 1783 678 1868 Apostolicam
696 1781 964 1850 benedictionem.
989 1783 1037 1848 Es
1056 1789 1150 1867 parte
1166 1790 1275 1850 vestra
1290 1781 1459 1849 nobisfuit

329 1891 520 1978 expositum,
541 1889 628 1972 quod
644 1892 807 1974 quondam
824 1891 981 1958 Jacolrira
1005 1891 1075 1957 lilia
1105 1890 1166 1957 viri
1192 1890 1389 1975 Capitesetdi
1421 1889 1463 1956 rie

329 1998 483 2082 Rogarem,
501 2005 575 2064 tuuc
591 1997 702 2082 vidua,
721 1998 884 2082 quandam
901 1997 1030 2066 domum
1047 2019 1139 2064 suam
1166 1997 1200 2064 in
1224 1997 1368 2084 Rugusio
1400 2001 1461 2065 sub

314 2145 317 2150 -
334 2105 429 2174 domo
446 2105 606 2174 iohannis
623 2105 779 2173 Corriazii
795 2107 836 2174 ad
854 2125 889 2174 sc
906 2112 1107 2192 spectantem
1123 2127 1194 2173 eum
1211 2106 1361 2174 omuibus
1388 2127 1461 2192 per-

333 2214 479 2300 tinentijs
497 2222 528 2282 et
544 2214 739 2284 utensilibus
768 2216 846 2302 suis,
879 2215 972 2282 vobis
998 2215 1194 2301 habandam,
1228 2215 1462 2301 possidendam

331 2330 485 2410 perpetuo
502 2331 533 2391 et
551 2321 733 2412 tenendam,
759 2343 800 2392 en
815 2323 1001 2390 conditione
1018 2323 1148 2390 adiecta
1165 2325 1197 2389 in
1215 2325 1331 2391 ultima
1348 2327 1460 2392 voluu-

329 2437 396 2498 tate
413 2431 546 2516 legauit,
579 2439 614 2498 ut
631 2435 658 2499 si
675 2433 881 2517 casualiquo
898 2454 955 2500 vos
973 2432 1173 2515 contingerat
1190 2431 1229 2497 de
1246 2431 1378 2498 ciuitate
1412 2433 1460 2498 di·

328 2537 461 2607 scedere
484 2541 662 2628 Rogamus,
690 2541 804 2610 domus
835 2545 909 2627 ipsa
936 2541 1067 2608 deberet
1099 2541 1142 2606 ad
1167 2543 1315 2608 lindesie
1341 2541 1464 2607 Sancte

308 2647 428 2722 ¹llario
452 2649 585 2715 Maioris
620 2650 856 2734 Rugusiueusis
874 2650 1066 2736 GuuonicoS,
1098 2649 1201 2717 uallis
1217 2651 1258 2715 ab
1274 2649 1358 2734 ipsis
1384 2648 1463 2715 alie·

327 2755 439 2821 uandn
456 2759 656 2842 temporibus
674 2757 838 2826 deucuirc.
864 2754 944 2824 Cum
963 2758 1071 2844 igitur,
1098 2765 1133 2823 ut
1149 2757 1305 2837 asseritis,
1337 2756 1464 2823 delibo-

328 2864 454 2930 ratione
471 2864 585 2932 habita
603 2865 820 2952 llrnraucritis,
855 2885 1019 2948 utinquam
1036 2865 1156 2932 dietam
1173 2867 1323 2932 deserere
1340 2864 1465 2931 Ciuita-

330 2977 405 3060 tem,
433 2972 610 3040 etdomum
629 2971 744 3058 ipsam,
777 2972 1027 3058 qrramlrabetis,
1060 2981 1172 3040 tenere
1198 2971 1328 3040 statutis
1361 2973 1463 3038 vestri

328 3079 461 3146 Ordinis
478 3080 685 3148 obuiantibus
704 3101 767 3148 non
794 3080 947 3166 possitis3
973 3081 1186 3166 supplicastis
1218 3079 1393 3163 humiliter,
1424 3089 1463 3146 nt

329 3189 495 3256 uendendi
515 3210 597 3272 errrrr,
613 3199 645 3255 ot
662 3191 801 3276 pretium
819 3189 1063 3276 percipiendum
1080 3211 1120 3258 eu
1137 3191 1210 3274 ipsa
1226 3190 1259 3255 in
1284 3189 1465 3255 utilitatem

328 3297 393 3363 lori
411 3301 514 3366 uestri
531 3301 675 3366 totaliter
691 3300 909 3383 corruenteudi,
926 3298 1115 3364 conditione
1131 3318 1195 3365 uon
1213 3297 1363 3363 obstante
1389 3316 1466 3380 pre-

328 3407 425 3491 dicta,
446 3407 609 3475 licentiam
627 3409 718 3474 vobis
736 3407 912 3474 concedere
929 3426 1126 3474 curaremus.
1139 3408 1206 3472 Nos
1222 3406 1333 3488 itaque
1345 3406 1464 3474 uestris

329 3517 481 3596 precibus
497 3515 661 3602 luminati,
695 3515 861 3582 devotioni
893 3525 1000 3582 vestre
1032 3513 1225 3584 arrotoriram
1258 3511 1464 3598 presentium

324 3605 490 3690 licontiam
508 3624 715 3691 concedimus
732 3624 947 3711 postrrlataur;
974 3625 1020 3690 ita
1036 3631 1154 3706 tamen,
1180 3621 1268 3706 qnod
1301 3621 1342 3686 de
1372 3622 1465 3688 exiri-

326 3732 434 3798 bendo
451 3730 514 3799 sibi
532 3735 638 3818 pretio
656 3732 849 3812 huiusmodi,
874 3733 901 3799 si
919 3731 956 3797 do
974 3733 1114 3798 Ciuitate
1132 3732 1206 3816 ipsa
1220 3729 1375 3796 recedere
1403 3749 1464 3796 ros

329 3841 508 3925 contingat,
526 3839 567 3906 ad
585 3841 746 3906 carattelam
764 3840 975 3907 sufficientem
994 3840 1147 3923 presteris
1163 3837 1296 3924 prelatis
1315 3835 1462 3903 Canoni-

325 3948 372 4014 cis
390 3949 581 4015 solutionem.
615 3949 734 4015 Datum
751 3948 887 4033 Vitcrbij
906 3947 997 4015 Vill.
1012 3949 1086 4015 idus
1104 3947 1225 4033 Aprilis
1242 3946 1459 4013 Pantilicetus

325 4049 691 4126 mmmmmmm'

539 4255 667 4320 (Paulam,
689 4257 836 4320 illyricum
857 4257 972 4307 Sacrum
991 4257 1038 4308 r'1.
1060 4255 1117 4306 klit.
1135 4259 1194 4306 llo.
1209 4256 1238 4318 i.)
