3120 5148
591 270 749 374 ...lll-

111 477 255 540 currente
273 479 388 538 eontra
404 471 495 556 ipsos
512 468 630 536 suades
647 487 720 534 cum
737 487 836 535 aureo
867 467 1038 554 priuilegio
1062 487 1159 552 egere
1186 487 1249 534 co·-

112 587 249 664 uaretur,
262 578 335 646 eius
353 597 439 643 vana
455 583 487 644 et
502 573 666 662 superflua
690 576 781 641 accio
806 573 970 672 inimicum
987 572 1069 661 (lgy,
1096 570 1248 658 irritum).=

109 694 266 756 teneatur.
291 685 427 753 Terram
445 685 565 752 etenim
580 685 747 750 Racessan
762 682 849 748 Petri
881 682 939 768 lilij
972 681 1103 766 Thatar,
1137 700 1245 764 quem..

110 795 230 862 neritis
247 795 316 862 suis
332 793 538 876 exigentibus
554 791 732 876 suspendio
748 789 974 874 iudicauimus,
992 789 1137 875 predicte
1148 796 1249 853 terrov

111 903 321 984 adiacentem,
339 901 421 967 sicut
436 920 516 984 sepo
533 905 709 968 memorato
724 897 879 984 Ohepuuo
896 895 1097 982 dederamus,
1114 903 1146 963 et
1162 897 1234 981 ipse

111 1009 157 1076 die
171 1029 241 1094 qua
256 1008 338 1092 obijt
351 1009 436 1076 iuste
452 1028 492 1076 ao
508 1007 643 1095 pacifice
658 1006 857 1093 possidebat,
874 1007 922 1073 ita
948 1007 1013 1073 iam
1040 1003 1135 1071 dictis
1167 1003 1230 1068 fra·

111 1116 206 1185 tribus
237 1115 359 1184 Milicie
385 1115 515 1201 Templi
547 1119 706 1202 perpetuo
738 1114 955 1182 concessimus
988 1113 1233 1199 possidendam.

109 1219 213 1289 Prima
228 1229 315 1290 meta
331 1220 475 1290 eiusdem
491 1229 575 1288 terre
592 1228 641 1288 est
656 1241 750 1290 secus
767 1241 897 1306 aquam,
913 1241 977 1306 que
1004 1219 1124 1286 dicitur
1156 1221 1229 1287 Les·

109 1331 188 1411 nica,
204 1329 261 1396 ubi
278 1328 445 1417 (pergens)
462 1329 516 1396 ria
540 1329 669 1396 nomine
684 1330 837 1420 Ducanta
854 1330 973 1396 transit
988 1327 1094 1415 ipsam
1111 1345 1230 1408 aquam

111 1437 262 1521 Lesnioa3
288 1437 346 1501 illa
362 1455 442 1503 uero
459 1437 513 1502 ria
528 1435 729 1504 descendens
747 1435 789 1502 de
813 1435 913 1504 Potus
944 1435 1030 1502 ducit
1063 1433 1247 1522 Rudmam,.

112 1553 203 1612 otest
219 1563 278 1626 pro
295 1544 382 1610 meta
399 1562 457 1629 pre
473 1562 626 1610 cacumen
643 1543 760 1609 montis
778 1563 837 1628 per
853 1542 955 1627 Zoym
972 1540 1016 1608 ad
1032 1540 1230 1630 tresfontes,

111 1660 137 1718 el
151 1671 208 1738 per
224 1651 332 1716 locum
348 1653 403 1735 qui
420 1652 519 1736 uulgo
534 1650 655 1718 dicitur
670 1650 762 1716 urus
779 1634 882 1737 usqud
898 1651 941 1718 ad
959 1653 1069 1720 albam
1096 1652 1206 1738 fagum
1223 1677 1232 1737 ;

111 1758 224 1825 deiude
241 1757 444 1826 descendens
472 1778 584 1825 uersus
610 1757 775 1826 meridiem
801 1780 860 1844 per
886 1758 1048 1844 quandam
1080 1761 1237 1828 semitam

108 1866 243 1949 signatis
260 1865 409 1934 crucillus
424 1885 465 1932 ex
481 1874 618 1950 utraque
634 1873 728 1951 parte
742 1866 795 1932 vie
811 1865 916 1933 tendit
933 1868 975 1934 ad
1001 1873 1066 1934 tres
1092 1867 1227 1954 dumos;

109 1973 189 2040 rude
204 1972 368 2040 transiens
385 1972 475 2040 vadit
491 1972 534 2039 ad
550 1973 657 2040 locum
674 1973 737 2058 rbi,
755 1973 829 2040 dum
847 1975 1008 2042 Ducatum
1028 1994 1228 2060 regeremur,

108 2101 216 2168 aprum
232 2079 464 2166 interfecimus,
480 2101 519 2146 ao
537 2084 643 2166 propri
644 2081 678 2164 js
694 2082 845 2149 manibus
862 2102 988 2149 crucem
1019 2083 1053 2149 in
1083 2084 1228 2166 quadam

109 2189 217 2258 mbcre
232 2185 416 2271 incidimus,
434 2187 526 2254 iuxta
541 2208 637 2272 quem
653 2189 760 2255 locum
775 2197 851 2274 suut
866 2198 950 2256 mete
966 2199 1032 2257 tres
1038 2188 1103 2274 filij
1118 2191 1243 2278 Marci.

107 2305 135 2364 et
150 2297 270 2362 ducunt
286 2292 330 2360 ad
346 2293 476 2375 iontem,
493 2295 584 2361 cuius
598 2296 722 2362 rinulus
739 2296 926 2364 Reconicha
951 2304 1168 2383 nuncupatur,
1196 2307 1228 2366 et

108 2412 153 2470 est
166 2424 226 2489 pro
240 2409 329 2468 meta
344 2403 543 2471 descendens
561 2403 696 2471 iuferius
713 2425 815 2488 usque
831 2405 874 2472 ad
890 2413 1012 2474 metam
1037 2414 1191 2496 terream,
1208 2429 1229 2475 a

108 2532 167 2594 qna
184 2508 351 2576 descendit
367 2509 497 2576 rediens
513 2531 626 2578 uersus
643 2511 860 2596 occidentem,
890 2520 922 2579 et
938 2514 1026 2580 ducit
1052 2517 1093 2582 ad
1126 2515 1231 2600 predi-

109 2625 189 2686 ctam
205 2637 323 2700 squam
338 2616 538 2700 Lesuissam,
565 2638 628 2701 que
653 2637 739 2703 equa
772 2626 820 2686 est
850 2641 909 2705 pro
941 2631 1029 2688 meta
1061 2641 1161 2708 usque
1185 2622 1229 2689 ad

108 2725 206 2810 primo
222 2723 345 2792 dictam
360 2731 478 2792 metam
495 2725 656 2793 Ducanta.
697 2725 911 2795 concedimus
928 2731 1033 2796 eciam
1050 2739 1082 2797 et
1114 2731 1240 2797 confir--

106 2851 225 2898 mamus
242 2851 322 2915 sepe
338 2833 422 2898 dicte
438 2833 558 2900 Domui
578 2832 697 2900 Milicie
712 2835 841 2919 Templi
860 2843 990 2925 terram,
1001 2859 1097 2922 quam
1110 2838 1228 2906 Odolla

106 2959 203 3024 nepos
218 2938 363 3023 Borichij
381 2940 466 3005 Beni
483 2960 556 3007 cum
572 2940 723 3008 Ecclesia
738 2943 860 3010 Sancte
876 2944 978 3012 Maria
994 2948 1026 3011 in
1039 2946 1144 3014 medio
1156 2947 1228 3013 fun·

106 3045 190 3135 data,
205 3045 363 3114 fratribus
379 3047 527 3115 eiusdem
543 3049 667 3116 Domus
684 3056 793 3116 nostro
811 3051 952 3135 benigno
968 3073 1106 3120 assensu
1117 3073 1226 3136 eroga·

106 3153 156 3238 ult,
175 3175 244 3222 cum
261 3153 358 3222 terrie
375 3154 467 3222 cultis
484 3162 517 3221 et
532 3155 674 3244 incultis,
690 3177 763 3225 cum
791 3159 893 3244 siluis,
918 3161 1023 3245 pratis
1049 3168 1081 3228 et
1111 3161 1224 3247 vineis,

106 3279 174 3326 cum
189 3260 325 3345 piscinis
343 3269 376 3330 et
392 3263 510 3328 ceteris
527 3263 687 3350 omnibus,
702 3264 786 3333 sicut
802 3286 874 3333 oum
892 3267 988 3335 certis
1005 3274 1037 3333 et
1062 3267 1236 3337 distinctis

105 3368 194 3433 metis
209 3367 377 3454 predictus
393 3367 514 3437 Odolla
530 3372 600 3436 iure
615 3370 814 3438 hereditario
830 3374 985 3462 possedit,
1004 3385 1037 3444 et
1053 3376 1144 3442 nobis
1155 3395 1225 3460 pro

105 3475 243 3542 sontibus
259 3475 350 3543 nullo
367 3477 608 3544 contradicente
624 3499 683 3564 pro
699 3479 841 3548 remedio
858 3483 968 3550 anime
984 3505 1044 3552 sue
1063 3485 1236 3555 condona·-

104 3581 167 3664 uit;
191 3589 308 3650 terram
325 3601 454 3668 quoque
470 3583 634 3668 quandam
649 3585 684 3651 in
699 3586 870 3676 Wodicha‚
887 3611 984 3674 qnam
1000 3592 1117 3661 Domui
1132 3591 1226 3663 'Pem-

104 3689 149 3772 pli
167 3689 351 3775 Stephanus
366 3691 451 3757 boue
466 3691 620 3758 memorie
635 3692 750 3762 Comes
771 3692 812 3762 de
836 3695 954 3763 Goriaa
979 3703 1126 3785 erogauit
1152 3727 1224 3773 cnm

103 3799 173 3864 suis
190 3799 280 3866 metis
297 3805 330 3864 et
344 3798 443 3867 certis
458 3799 679 3888 pertinencijs,
696 3803 782 3869 sicut
797 3803 880 3872 iuste
898 3811 930 3873 et
947 3808 1126 3878 uicinorum
1144 3814 1235 3880 uoti·

104 3904 153 3970 cia
170 3905 229 3990 ipsi
247 3904 367 3972 fratres
383 3905 519 3991 pacifice
535 3906 712 3996 possident,
729 3909 776 3976 ita
792 3913 839 3978 eis
859 3915 1066 3982 concedimus
1093 3931 1125 3985 et
1150 3937 1224 3986 ccu-

103 4013 272 4082 firmamus.
284 4011 420 4081 Terram
437 4014 579 4099 insuper,
598 4035 693 4099 quam
710 4036 788 4103 sepe
805 4019 890 4087 dicte
906 4021 1024 4090 Domui
1041 4025 1224 4093 Damaldus

104 4118 214 4186 Comes
229 4121 262 4186 in
280 4119 444 4187 Comitetu
461 4120 502 4188 de
519 4122 638 4190 (lorica
653 4124 759 4214 sitam,
776 4148 835 4212 pro
852 4130 994 4196 remedio
1027 4133 1135 4198 anime
1166 4156 1225 4201 sue

104 4225 243 4316 donauit,
261 4248 333 4294 oum
351 4228 420 4295 ruis
436 4229 532 4296 certis
548 4231 642 4298 metis
661 4237 694 4299 et
709 4235 930 4321 pertiuenoijs‚
955 4247 990 4306 rt
1016 4245 1104 4306 stare
1135 4241 1236 4308 diuo·-

103 4339 238 4421 scuutnr,
254 4335 410 4407 iratribus
425 4335 529 4420 ipsius
546 4339 669 4406 Domus
685 4343 891 4412 concedimus
922 4353 957 4412 et
986 4349 1223 4416 confirmamus.

104 4439 312 4510 concedimus
336 4449 447 4510 autem
480 4451 512 4511 et
544 4444 769 4516 confirmamus
801 4451 881 4536 ipsis
913 4452 1068 4524 fratribus
1100 4458 1225 4525 Milioio

103 4549 226 4635 Templi
240 4550 283 4617 ad
298 4570 411 4637 preces
429 4552 541 4620 fratris
559 4551 699 4622 Cononis
725 4557 874 4642 Magistri
902 4581 1020 4648 eorum,
1047 4566 1232 4636 seruicium.
