3080 5146
626 355 691 419 353

87 551 268 622 secundum
303 552 499 618 voluntatem
532 548 654 614 domini
684 545 784 614 Ducis
812 545 1033 612 Venetiarum.
1067 548 1146 615 Item
1170 553 1223 617 al>

88 643 243 729 iu'raonnt
258 659 425 725 Jadrctini
440 655 527 722 omni
542 655 703 722 fidelitate
720 663 752 719 ct
766 656 960 737 iuramento,
978 655 1063 738 quod
1081 659 1134 724 vel
1163 676 1226 742 que

88 769 245 836 fecissent
276 771 392 831 contra
422 763 576 830 honorem
609 761 730 828 domini
748 762 848 827 Ducis
864 768 897 827 et
915 760 1101 830 Communis
1118 763 1220 831 Vene-

90 877 223 941 tiarum.
239 871 379 938 Obsides
395 881 504 938 autem
519 870 644 937 dabunt
660 869 821 937 Jadretini
847 869 1069 952 qnadraginta
1094 871 1224 937 domino

91 982 175 1048 Duoi
194 989 228 1046 et
259 978 428 1046 Communi
461 977 679 1058 Venetiarum,
712 997 792 1060 qnos
818 977 967 1042 dominus
984 979 1060 1042 Dux
1077 999 1149 1044 cum
1166 999 1223 1046 suo

91 1089 241 1156 Consilio
258 1087 378 1170 eligere
395 1087 536 1153 volucrit
563 1095 594 1151 et
626 1088 796 1151 nominare
827 1083 869 1150 de
900 1084 1087 1171 Jadretinis,
1122 1107 1225 1154 mora

90 1205 182 1262 turos
215 1213 346 1278 semper
377 1193 410 1256 in
441 1192 588 1259 Venetiis
613 1191 745 1259 obsides
761 1191 984 1278 quadraginta
1001 1196 1150 1260 omnibus
1167 1215 1223 1262 ex·

92 1301 207 1390 pensis
223 1301 467 1388 Jadretinorum
485 1323 493 1384 ;
512 1307 543 1366 et
560 1299 589 1366 si
606 1319 715 1366 eornm
732 1299 852 1380 aliquis
878 1305 1065 1377 moreretur,
1100 1299 1226 1367 dabunt

90 1411 195 1478 alium
210 1407 246 1475 in
261 1409 335 1476 loco
352 1411 421 1476 eius
452 1409 486 1475 in
518 1408 676 1474 electione
706 1406 827 1474 domini
853 1405 955 1474 Ducis
971 1413 1004 1472 et
1019 1406 1069 1472 sui
1085 1405 1223 1474 Consilii

92 1515 288 1584 cambiendo
321 1513 424 1582 dictos
450 1513 589 1582 obsedes
606 1515 649 1580 ad
666 1534 786 1580 anuum
802 1514 855 1582 vel
871 1513 957 1580 infra
974 1513 1148 1582 secundnm
1166 1537 1224 1582 vo·

95 1627 257 1691 luntstem
287 1631 320 1689 et
350 1621 592 1708 beneplacitum
624 1619 743 1688 domini
776 1622 876 1688 Ducis
909 1624 1045 1705 eiusque
1077 1621 1226 1689 Consilii„

95 1732 233 1799 Dabunt
263 1731 396 1814 insuper
426 1729 590 1796 Jadretini
620 1728 709 1795 omni
739 1749 826 1795 anno
841 1729 875 1794 in
892 1729 1036 1796 Venetiis
1053 1727 1221 1806 Communi

98 1839 307 1905 venetiarum
333 1838 502 1924 iperperos
519 1843 646 1903 centum
663 1835 901 1920 quinquaginta
917 1836 951 1902 in
968 1835 1120 1904 kalendis
1135 1837 1218 1904 Mar-

95 1945 132 2011 tii
163 1941 198 2010 in
232 1951 432 2030 perpetuum,
449 1954 504 2010 aut
519 1943 584 2010 tria
600 1943 752 2010 milliaria
768 1944 928 2012 bonarum
944 1944 1165 2012 canicularum
1183 1947 1222 2012 in.

92 2051 337 2121 Jadretinorum
366 2051 511 2118 arbitrio.
542 2052 695 2118 Preterea
710 2047 884 2138 Jadretini,
901 2057 1078 2133 antequam
1101 2053 1220 2120 intrent

91 2165 124 2228 in
158 2159 334 2246 Civitatem
366 2157 477 2243 Jadre,
511 2177 620 2225 muros
645 2168 677 2224 et
701 2156 812 2224 domos
830 2156 980 2223 Civitatis
996 2157 1172 2244 destruent,
1190 2166 1223 2225 et

91 2267 220 2354 lapides
252 2267 431 2352 portabunt
446 2265 515 2332 suis
540 2263 691 2350 expensis
709 2264 858 2331 omnibus
874 2270 907 2329 et
921 2263 1034 2330 labore
1050 2263 1094 2330 ad
1111 2265 1224 2333 volun·

92 2379 193 2441 tatem
233 2371 356 2440 domini
394 2372 496 2440 Dueis
535 2374 648 2456 suique
697 2370 852 2456 Consilii,
892 2391 951 2436 nec
989 2371 1077 2457 ipsos
1116 2393 1225 2440 muros

92 2481 145 2548 uei
198 2481 289 2566 ipsas
330 2479 442 2546 domos
483 2477 736 2545 rehedilicabunt
784 2477 856 2545 sine
904 2477 1038 2545 lieentia
1085 2481 1230 2566 speciali

95 2586 218 2655 domini
251 2587 352 2654 Ducis
383 2586 497 2671 suique
525 2585 671 2653 Consilii.
688 2587 768 2652 Item
785 2585 812 2650 si
828 2586 966 2652 uoluerit
981 2586 1131 2656 dominus
1146 2588 1223 2656 Dux

97 2703 129 2762 et
144 2691 325 2761 Commune
340 2693 559 2771 venetiarum,
582 2691 711 2775 facient,
745 2691 912 2757 habebunt
928 2698 961 2757 et
985 2679 1142 2762 tenebunt
1172 2717 1225 2762 ca·

95 2800 224 2868 stolium
239 2799 292 2866 vel
323 2799 468 2882 castella,
498 2797 710 2866 monitionem
727 2800 780 2865 vel
797 2798 994 2866 munitiones
1012 2799 1044 2865 in
1062 2801 1164 2870 Jadra
1179 2804 1223 2873 ad

96 2909 405 2976 voluntatem'suam
422 2915 454 2972 et
469 2905 540 2972 eius
556 2903 704 2972 Consilii.
719 2906 770 2972 De
787 2906 888 2972 soldis
905 2925 983 2972 vero
1000 2909 1227 2979 custodiarum

99 3015 174 3082 dicti
190 3015 292 3082 castri
308 3013 362 3080 vel
378 3021 558 3079 castrorum
574 3032 631 3079 sen
641 3014 782 3080 aliarum
793 3010 1016 3096 monitionum,
1027 3035 1087 3100 pro
1105 3018 1223 3102 quibus

101 3140 155 3188 ros
171 3120 303 3188 domine
318 3125 430 3186 noster
444 3119 520 3185 Dux
534 3119 665 3204 petistis
696 3120 799 3186 libras
815 3120 879 3186 duo
897 3119 1001 3186 millia
1016 3121 1224 3191 donariorum

101 3227 295 3294 Venetorum
327 3225 495 3294 solvendis
525 3233 559 3293 et
590 3225 709 3293 dandis
724 3248 745 3295 a
760 3225 938 3294 Jadretinis
963 3227 1050 3294 omni
1064 3249 1161 3318 anno,
1177 3234 1230 3298 sio·

74 3317 157 3401 'uos
188 3332 309 3422 prefati
339 3334 445 3410 nuntii
477 3334 722 3401 Jadretinorum
753 3335 943 3422 asserimus,
969 3336 1056 3419 quod
1073 3357 1145 3405 eum
1162 3339 1229 3406 hoc

101 3441 251 3508 Jadretini
285 3440 395 3508 lacero
428 3461 491 3507 non
522 3441 650 3526 possint
681 3449 826 3527 tempore
858 3443 891 3506 in
925 3446 1069 3530 presenti
1087 3457 1226 3534 propter·

102 3567 203 3616 eorum
234 3548 368 3616 nimiam
407 3555 633 3634 paupertatem
665 3557 696 3614 et
735 3549 982 3638 desolationem,
1024 3554 1221 3637 procedente

102 3662 248 3742 tempore,
275 3655 304 3722 si
320 3653 485 3724 ridebitur
501 3655 631 3724 domiuo
652 3656 780 3744 Comiti,
796 3657 855 3739 qui
872 3677 932 3743 pro
949 3667 1094 3746 tempore
1110 3662 1172 3730 erit
1187 3665 1221 3730 in

103 3760 206 3850 Jadra,
232 3763 321 3847 quod
341 3763 590 3847 possibilitatem
606 3763 752 3840 habeant
767 3764 932 3832 Jadretini
949 3765 1096 3834 solvendi
1112 3771 1223 3840 soldos

106 3868 254 3938 dictarum
282 3869 514 3954 custodiarum,
546 3871 607 3938 hoe
638 3871 759 3938 facient
790 3870 833 3938 ad
863 3874 1065 3941 voluntatem
1091 3879 1229 3948 Comitis-

103 3979 263 4045 memorati
295 3996 400 4060 usqne
430 3977 474 4044 ad
504 3997 664 4043 summam
696 3979 853 4046 librarum
883 3981 973 4046 mille
1004 3985 1092 4050 omni
1125 4008 1221 4054 anno.

102 4081 303 4151 laborabunt
334 4091 474 4152 staream
507 4085 671 4152 Jadretini
686 4087 734 4152 ita
758 4095 879 4174 tamen,
897 4093 925 4155 si
941 4071 1056 4172 aliquo
1074 4098 1221 4179 tempore

104 4188 257 4257 videretur
274 4189 404 4256 domino
421 4189 539 4258 Comiti
556 4191 621 4258 iam
640 4192 737 4280 dioto,
758 4194 844 4278 quod
860 4194 930 4260 sine
960 4197 1105 4281 periculo
1135 4205 1221 4268 terre

103 4292 195 4364 latire
225 4297 372 4366 laborari
403 4318 469 4366 non
502 4307 626 4388 posset,
667 4303 843 4369 cessabunt
872 4301 1037 4369 Jadretini
1067 4303 1220 4376 laborare

105 4408 232 4470 starcam
249 4423 308 4472 seu
324 4405 358 4471 in
375 4412 513 4475 stoream
541 4406 583 4473 ad
616 4410 815 4475 voluntatem
847 4407 971 4476 domini
1000 4409 1104 4477 Ducis
1121 4412 1222 4481 Vene-

107 4507 213 4574 tierum
228 4511 364 4596 eiusque
390 4511 534 4580 Consilii.
566 4515 636 4582 Erit
653 4523 760 4582 autem
784 4526 895 4602 portus
912 4516 992 4585 salis
1007 4519 1041 4584 in
1057 4518 1160 4588 Jadra
1178 4525 1223 4591 ad

106 4617 294 4686 voluntatem
325 4619 449 4688 domini
480 4621 580 4688 Ducis
607 4631 639 4690 et
657 4624 726 4690 eius
744 4622 891 4712 Consilii,
908 4632 939 4692 ct
956 4631 1222 4715 quotiescumque

203 4753 304 4792 mesura
320 4753 404 4792 auus.
421 4755 492 4797 msc.
510 4767 550 4784 -
569 4758 641 4799 arra.
655 4759 699 4795 xx.
825 4819 829 4824 .
1071 4738 1114 4803 23
