3078 5128
77 1251 127 1318 IV.
141 1251 220 1316 Belo
245 1250 421 1336 kira'lyuult
444 1251 675 1338 pricilepiumc
702 1275 723 1315 a
748 1251 907 1317 terrebor-i
938 1253 1090 1340 verzdcpet·
1122 1261 1192 1324 ezri·

516 1365 621 1426 moira.
643 1361 737 1424 1242.

171 1557 251 1624 Bcla
267 1556 328 1624 Dei
348 1557 463 1640 gracia
479 1557 654 1642 Hungurie,
672 1556 849 1642 Dalnraeie,
867 1555 1056 1640 Cheruscis,
1083 1563 1193 1646 Ranae,

79 1663 187 1749 Sumie,
204 1662 334 1730 Galicie
350 1663 571 1748 Cumanieque
587 1663 654 1729 Rex
671 1663 821 1730 omnibus
839 1663 956 1729 Christi
968 1665 1114 1735 iirlclibus
1127 1690 1194 1754 prc-

79 1791 143 1838 sens
156 1772 310 1856 seriptum
325 1771 523 1856 inspecturis
539 1773 679 1838 salutem
698 1779 730 1836 et
747 1792 840 1839 onrnc
858 1773 985 1839 bonum.
1001 1774 1193 1860 Vbicunque

80 1879 173 1956 nostri
184 1877 323 1945 nominis
341 1880 522 1944 interuentu
539 1896 635 1964 posse
652 1879 813 1946 eredimus
832 1881 997 1964 aliquibus
1014 1885 1191 1968 subueniri,

80 1990 155 2072 pium
170 2008 229 2055 nos
245 1987 340 2053 decet
356 1987 512 2054 adbibere
529 1987 694 2071 louorcm;
720 1988 889 2073 presertim
917 2009 957 2054 ne
988 1991 1039 2056 ucl
1070 1994 1192 2058 ueritas

81 2097 255 2180 occultetur,
272 2105 329 2162 ant
345 2096 500 2180 iniquitas
518 2099 687 2180 preualcat
706 2097 855 2179 equitati.
880 2098 1062 2182 llapropter
1079 2099 1121 2162 ad
1139 2119 1192 2164 no·
1261 2097 1263 2102 ’

81 2205 177 2271 liciam
192 2204 416 2271 uniuersorum
433 2205 584 2270 uolumus
601 2207 780 2290 peruenire,
808 2206 895 2288 quod
927 2205 1119 2272 aecedentes
1152 2205 1195 2271 ad

83 2312 270 2395 presenciam
287 2317 430 2379 nostram
448 2312 593 2398 hospites
605 2311 706 2379 nostri
719 2312 758 2378 ue
769 2313 1039 2400 Zumobnrprope
1050 2319 1194 2378 castrum

83 2417 191 2504 Oclyeh
206 2417 395 2503 existentes,
430 2419 591 2486 humiliter
607 2441 627 2485 a
643 2419 738 2487 nobis
753 2419 944 2503 flagitarunt
962 2428 994 2486 et
1025 2419 1195 2504 instanter,

83 2533 111 2591 rt
125 2526 246 2595 nodum
264 2532 296 2593 et
312 2533 433 2593 statum
449 2525 612 2593 libertatis
629 2527 811 2614 eorundem,
843 2526 885 2593 rlc
901 2527 1015 2609 gracia
1031 2535 1063 2593 et
1089 2529 1196 2612 proui-

84 2632 184 2702 rleneia
199 2634 251 2720 pie
267 2634 422 2701 memorie
438 2635 536 2717 Regis
553 2633 722 2700 Oolnmani
739 2633 908 2698 karissimi
934 2633 1097 2716 quondam
1131 2636 1194 2701 lra-

84 2741 132 2807 tris
146 2742 255 2826 nostri,
272 2741 364 2807 iuxta
379 2749 522 2808 tenorem
540 2741 701 2808 libertatis
718 2739 881 2824 hospitum
899 2741 939 2807 rle
955 2739 1099 2828 Pctryna
1116 2743 1194 2809 libe·

85 2849 181 2918 raliter
196 2867 361 2934 concesse,
378 2855 563 2916 nostrarum
583 2849 774 2914 auctoritate
792 2847 958 2914 literarum
985 2847 1196 2931 dignaremur

87 2959 272 3025 confirmare.
296 2958 365 3025 Nes
382 2958 493 3041 itaque
508 2957 715 3023 considerata
731 2977 840 3024 corum
869 2955 1020 3038 utilitato,
1047 2959 1198 3042 precibus

89 3063 216 3147 ipsorum
233 3063 460 3131 fauorabiliter
475 3071 667 3146 annuentes,
701 3065 759 3129 sub
792 3064 943 3130 libcrtate
975 3063 1039 3126 iam
1071 3061 1198 3146 prelata

89 3169 163 3253 ipses
179 3171 332 3240 duximus
348 3177 505 3258 perpetuo
522 3172 721 3238 statuendos.
762 3171 860 3239 Curius
878 3171 994 3238 seriem
1011 3169 1044 3234 in
1063 3169 1195 3252 priuile-

90 3279 133 3358 gio
146 3279 311 3346 memorati
327 3279 436 3345 fratris
453 3280 555 3345 nostri
572 3279 682 3345 tnlitcr
699 3277 840 3346 uidimus
857 3277 1035 3346 contineri:
1051 3275 1094 3341 Vt
1111 3275 1200 3342 vide-

37 3413 40 3462 χ
92 3384 252 3474 licetipsos
269 3385 544 3470 nullusJudicum
562 3395 753 3474 nostrornm,
785 3394 893 3472 preter
925 3385 1080 3452 Maiorem
1114 3383 1200 3448 Ville

93 3513 191 3581 corum,
209 3513 303 3578 quern
320 3493 502 3561 voluntarie
518 3493 690 3580 clegerint,
708 3495 830 3560 audeat
846 3493 1008 3572 iudieare;
1036 3498 1068 3559 et
1095 3493 1122 3557 si
1157 3492 1200 3555 ab

93 3599 215 3681 ipsoram
230 3597 348 3667 Judiee
365 3601 640 3682 conquerentibus
658 3601 810 3667 satisfieri
837 3621 901 3666 non
933 3601 1060 3686 poterit,
1093 3597 1200 3664 Jrrdcx

95 3710 233 3776 commin
250 3715 365 3775 nostra
381 3709 552 3793 presencia
570 3717 601 3774 ct
619 3729 682 3773 nou
701 3709 794 3794 alios,
814 3729 911 3793 super
927 3709 1000 3792 ipsa
1011 3725 1111 3773 eausa
1124 3707 1201 3772 cita-

99 3819 138 3881 tus
151 3816 266 3886 debeat
282 3823 314 3884 et
331 3823 479 3883 teneatur
495 3819 701 3900 respondere.
729 3819 768 3881 Et
785 3817 811 3882 si
828 3817 890 3900 ipsi
910 3817 995 3880 alias
1021 3833 1129 3878 eoram
1151 3815 1201 3896 ju·

100 3920 156 3991 lice
169 3943 389 4009 quemcunque
404 3924 600 4010 impeterent
616 3943 715 4010 super
733 3923 854 4010 aliquo,
872 3923 919 3990 cis
937 3921 1099 3988 iudicetur
1117 3923 1201 3987 inra-

100 4039 226 4102 nentum.
249 4032 430 4100 statuimus
447 4031 563 4114 ceiam,
595 4030 725 4114 quodsi
757 4031 868 4098 Bonus
901 4029 948 4096 eis
981 4026 1025 4094 ad
1057 4027 1201 4093 ualerem

101 4137 173 4207 nin
187 4159 293 4208 marce
324 4138 501 4225 dampnum
533 4137 665 4220 faceret,
699 4139 730 4202 in
758 4134 909 4222 e'cntulpo
935 4134 1120 4200 restitueret
1145 4137 1205 4200 eia·

103 4237 166 4313 <ltin
202 4249 326 4316 'l'amen
358 4246 450 4312 Bane
467 4266 530 4312 non
547 4245 638 4310 aliud
655 4245 718 4310 nisi
736 4244 848 4311 domes
866 4263 943 4310 suaa
959 4241 1131 4308 occasione
1149 4241 1204 4308 dc·

104 4363 211 4422 ttensus
226 4355 305 4422 dare
323 4360 513 4434 teneantur3
538 4373 596 4438 pro
613 4352 689 4420 aliis
723 4372 799 4418 uero
832 4347 1028 4416 necessariis
1060 4347 1204 4433 precium

104 4457 244 4542 recipiant
269 4462 312 4528 nt
337 4461 366 4528 si
392 4461 514 4543 aliquis
547 4461 690 4546 ipsorum
725 4461 819 4545 prole
851 4457 1001 4542 caruerit,
1034 4463 1101 4521 tarn
1134 4457 1206 4540 ipso

107 4561 217 4649 tinente,
240 4589 340 4655 quarn
357 4591 377 4638 a
392 4571 502 4639 seculo
520 4571 778 4653 transmigrante,
812 4569 896 4634 bona
913 4587 983 4650 sua,
1015 4563 1207 4648 cuicumque

107 4671 228 4770 uoluerit,
242 4678 345 4750 libere
360 4680 491 4749 conlcru
526 4678 705 4749 rctincnrlu.
727 4677 765 4742 ur
782 4676 809 4743 si
828 4675 950 4760 uliquis
969 4673 1009 4740 de
1023 4675 1101 4739 uilla
1113 4693 1209 4760 super

1038 4780 1101 4848 21*
