3078 5128
776 185 935 284 jao—

292 379 461 450 Johannes
480 379 628 467 Michael‚
645 385 677 448 et
702 381 816 446 Petrus
841 381 1030 467 Ballisleve,
1059 381 1227 471 Bubanna,
1249 381 1430 450 Grnbessa
1525 411 1526 470 t

227 539 232 544 -
294 491 453 577 Gundule,
487 490 618 556 Velcius
653 489 836 577 Vledimiri‚
878 487 1030 556 Clemens
1071 491 1183 576 Seruii,
1226 494 1429 560 Theodorus
1525 481 1526 500 ³

293 598 438 680 Bobatie‚
455 598 619 664 lohannes
634 595 840 676 (lethericus,
858 598 974 664 Petrus
999 598 1114 683 Srettc‚
1140 599 1284 668 lacobus
1307 603 1430 686 Nega·
1525 675 1526 700 ᾖ

293 705 365 770 miri
405 701 520 790 Cerne,
555 705 676 788 Symon
710 703 860 786 Bencsse‚
892 704 1043 770 calenda
1078 705 1240 794 Jampino,
1273 708 1431 774 Marinus

293 812 444 898 Zuynice,
460 811 628 880 Johanues
644 794 756 896 Seruii,
782 811 921 878 Boeinus
950 812 1093 893 Bataui,
1111 815 1285 899 Nyoiforus
1301 817 1434 903 Srettc,

292 920 497 1006 Peregrinus,
532 919 729 1004 Bogadanus
762 919 878 1002 Pigiui,
916 920 1057 986 lacobus
1083 919 1276 1010 Vulpicclle,
1305 925 1433 992 Petrus

293 1027 433 1115 Scaritii,
450 1027 673 1096 Dobraslarus
686 1025 791 1094 Raetii
807 1031 866 1093 eto.

491 1225 631 1289 (Eredetie
649 1240 667 1277 a
684 1223 759 1276 becci
779 1225 899 1278 osdrzari
918 1226 1005 1277 titkos
1024 1227 1222 1291 levdlta'rban.)

724 1495 991 1508 *—

822 1943 897 2012 234.

299 2086 498 2210 Procedens
514 2143 755 2224 mcpbizotlokut
770 2145 878 2210 rende
901 2167 921 2210 a
947 2143 1084 2232 Spoloto
1109 2145 1260 2213 occaecat
1285 2146 1427 2213 tutando·

714 2251 897 2339 d6lceese'9re.
918 2253 1013 2320 1243.

399 2445 436 2512 In
452 2445 573 2514 christi
599 2449 741 2516 nomine.
768 2449 862 2516 Anno
888 2447 1123 2516 lucarnationis
1149 2449 1219 2516 eius
1243 2447 1421 2516 millesimo

294 2551 511 2621 ducentesimo
528 2557 632 2641 tertio,
659 2557 835 2624 indictione
861 2557 976 2644 prima,
1001 2576 1113 2624 mense
1137 2556 1338 2642 Septembris
1365 2555 1422 2621 die

291 2661 349 2728 XI.
367 2661 515 2728 intrante.
532 2663 744 2749 Temporibus
769 2664 892 2732 domini
908 2666 1073 2748 Treguani
1100 2665 1299 2732 venerabilis
1326 2664 1423 2749 Epis·

298 2771 382 2854 copi,
399 2769 568 2854 Stcpoonis
585 2770 727 2856 Comitis,
745 2772 835 2838 Petri
852 2769 892 2840 de
908 2774 1005 2858 lineo,
1020 2773 1116 2838 Pauli
1133 2776 1164 2838 et
1180 2769 1297 2838 Marini
1314 2771 1421 2838 Blasii

291 2876 441 2944 Jodioum
457 2878 733 2964 traguriensium,
754 2879 787 2946 in
813 2879 921 2948 insula
950 2899 1013 2963 que
1037 2885 1172 2947 vocatur
1196 2879 1298 2963 Boua,
1326 2878 1423 2945 iuxta

294 2985 466 3052 eeclesiam
483 2984 596 3052 Sancti
613 2985 703 3052 Petri
720 2985 783 3052 boc
798 2994 904 3054 actum
920 2993 977 3054 est.
995 2986 1063 3053 Nos
1089 2985 1220 3070 quidem
1246 2986 1418 3054 memorati

292 3091 425 3160 Judices
452 3101 485 3160 et
518 3093 923 3164 uniuersacommunitas
950 3093 1184 3178 Traguriensis
1209 3096 1416 3178 compromit-

292 3199 389 3276 timus
405 3207 437 3268 ct
452 3199 636 3285 obligamus
652 3221 712 3269 uos
728 3201 872 3286 firmiter,
889 3201 1184 3287 compromittentes
1204 3203 1237 3268 in
1263 3202 1415 3268 manibus

293 3308 521 3392 religiosorum
547 3309 688 3376 virorum
715 3308 827 3378 fratris
861 3309 992 3376 (lirardi
1026 3309 1231 3394 Mutinensis,
1256 3316 1290 3376 et
1313 3307 1419 3394 ipsius

294 3412 428 3480 fratrum
444 3415 536 3482 Pauli
553 3423 585 3484 et
602 3416 731 3484 Andree
748 3415 788 3482 de
804 3415 928 3484 Ordine
944 3418 1094 3510 Fratrum
1125 3416 1296 3500 lituorum,
1328 3413 1416 3498 quod

290 3522 377 3588 bona
393 3523 456 3590 lide
471 3529 505 3590 et
521 3523 591 3590 sine
613 3523 731 3592 fraude
755 3525 914 3591 stabimus
939 3523 983 3589 ad
1010 3525 1129 3610 omnia,
1158 3545 1219 3608 que
1244 3523 1308 3610 ipsi
1334 3524 1417 3590 inter

293 3649 352 3696 nos
384 3636 417 3696 et
447 3630 656 3713 Spalateoscs
687 3631 855 3700 duxerinte
868 3629 1087 3717 statuendum,
1118 3631 1334 3698 ordinandum
1365 3630 1417 3697 vol

290 3736 546 3823 precipiendum.
574 3739 773 3824 Interposita
798 3738 897 3806 etiam
922 3741 1097 3806 iuramenti
1122 3739 1283 3824 religione
1308 3740 1415 3806 firma·

291 3865 361 3912 mus
376 3846 550 3912 observare
567 3849 677 3914 omniu
693 3848 926 3933 suprascripta,
944 3854 976 3914 et
997 3868 1159 3932 nunquam
1177 3849 1416 3916 contravenire.

290 3950 325 4016 Si
342 3970 428 4039 uero,
445 3952 531 4035 quod
546 3953 642 4041 absit,
659 3974 767 4022 corum
785 3961 937 4040 precepto
953 3955 1005 4020 vcl
1022 3953 1247 4039 compositioni
1273 3955 1415 4022 rebelles

291 4057 343 4126 vel
359 4057 583 4128 inobedientes
599 4060 764 4148 fuerimus,
790 4063 937 4130 volumus
969 4061 1028 4129 illa
1060 4083 1147 4147 pena
1170 4062 1283 4146 teneri,
1317 4083 1415 4146 quam

289 4165 352 4251 ipsi
367 4166 401 4232 in
418 4167 536 4235 litteris
566 4167 773 4237 reformande
803 4171 896 4256 pacis
912 4170 1066 4237 duxerint
1090 4169 1306 4236 statuendam.
1349 4169 1410 4236 Te·

288 4279 356 4362 stes
372 4279 469 4343 sunt:
487 4275 636 4342 dominus
651 4278 689 4342 Τ.
706 4277 889 4362 Episcopus
906 4277 1124 4364 supradictus,
1140 4276 1285 4342 Thomas
1297 4277 1414 4343 Arebi-

171 4373 174 4380 ’
288 4381 443 4448 diaconus
461 4382 676 4469 Spalatensis,
693 4384 861 4468 Philippus
884 4385 964 4452 civis
980 4384 1161 4470 Jadrcnsis,
1186 4383 1364 4454 Raetulfus
1380 4391 1413 4452 et

289 4489 470 4574 Naesarius
485 4491 769 4580 Justiuopolitaui,
784 4499 819 4560 et
835 4491 891 4563 alii
909 4491 1011 4560 multi.
1131 4561 1135 4568 ,
