3078 5128
231 559 333 618 tutum
351 559 382 616 et
396 551 566 618 laudatum
584 557 634 618 ost
649 550 759 617 multis
775 549 900 617 vicibus
918 573 925 612 :
943 549 987 616 Ut
1018 569 1037 612 n
1069 546 1164 613 modo
1195 545 1228 610 in
1261 549 1357 609 ootcn

232 656 339 726 uultus
356 659 435 726 dore
451 657 568 726 debeat
583 657 684 726 alieni
700 657 826 726 mulieri
841 656 913 743 pius
925 677 1023 741 quarn
1035 655 1192 722 ducentos
1203 670 1359 738 perperos

231 766 362 834 nomine
379 764 552 852 porchirij‚
569 771 601 832 et
616 786 680 832 non
699 765 794 832 debet
810 764 887 832 doro
903 764 965 832 nisi
976 769 1100 830 tantum
1116 762 1226 828 decern
1238 779 1360 846 pensas

232 873 303 942 ouri
318 893 377 960 pro
394 879 584 942 ornamento
610 873 736 962 capitis,
756 873 882 940 aurinrn
908 879 941 939 et
973 891 1144 954 manuum
1171 877 1204 936 et
1233 869 1296 936 hoc
1327 869 1361 934 iu

232 1003 320 1069 auro,
336 984 386 1050 vet
403 990 551 1069 argento,
569 983 620 1051 rel
639 982 748 1070 portis,
766 982 942 1050 secundum
961 982 1159 1049 voluntatem
1175 999 1278 1064 suum,
1295 996 1360 1042 non

232 1087 429 1175 computatis
444 1087 576 1156 sozeolis
593 1096 626 1155 et
642 1089 761 1175 sepeio.
786 1087 862 1155 Alia
877 1091 985 1154 cutem
1002 1091 1193 1154 ornamenta
1209 1084 1250 1152 de
1267 1104 1359 1172 auro,

232 1203 367 1281 argento
384 1202 416 1263 ct
433 1195 531 1282 portis
550 1204 616 1263 tom
633 1218 653 1262 n
671 1195 877 1282 desponsetis
893 1195 1083 1281 deponetur.
1124 1193 1254 1281 Sponsa
1281 1213 1360 1262 vero

232 1305 335 1394 possit
349 1305 440 1372 indui
456 1323 544 1372 mors
569 1304 689 1372 nobilis
722 1304 851 1370 domiue
882 1302 1061 1372 secuudum
1093 1302 1360 1370 consuetudinem

233 1414 383 1484 Civitatis
399 1414 546 1500 Rugusij,
563 1433 626 1497 que
641 1413 716 1482 tntis
734 1406 788 1481 cst¹
801 1413 1002 1481 consuetudo
1020 1411 1167 1496 :filomio
1193 1412 1235 1480 de
1261 1413 1360 1481 scior-

231 1526 308 1608 lato,
327 1524 426 1609 pellis
441 1521 481 1588 dc
498 1522 598 1591 fuiuis
616 1530 769 1608 cooperta
786 1523 827 1589 de
844 1521 949 1610 viridi,
976 1524 1026 1588 rel
1043 1521 1085 1587 de
1103 1523 1212 1606 bruno,
1241 1521 1359 1608 diplois

234 1635 285 1701 vel
302 1652 410 1719 uuppa
427 1631 468 1699 de
483 1630 632 1720 cendato,
650 1631 701 1700 vel
719 1632 760 1699 de
775 1633 922 1718 ornmito,
938 1632 1054 1698 clamis
1071 1629 1209 1718 rosaja,
1230 1630 1360 1716 pellicio

233 1742 274 1808 de
290 1741 443 1828 leporinis
462 1749 493 1806 et
519 1740 653 1808 ancilla.
693 1739 763 1819 Quo
794 1740 993 1808 consuetudo
1024 1743 1210 1808 nullatenus
1242 1739 1361 1808 debeat

232 1849 452 1936 multiplicari,
468 1848 524 1916 sed
540 1851 693 1917 minorari
711 1850 825 1935 possit,
843 1852 898 1934 qui
916 1850 1068 1918 voluerit.
1108 1850 1269 1936 sepeque,
1299 1870 1361 1934 quc

232 1961 318 2026 facte
334 1963 419 2042 sunt,
437 1966 604 2042 moueant,
621 1967 653 2026 et
670 1960 797 2044 possint
814 1959 861 2026 eis
894 1961 941 2026 uti
973 1959 1027 2042 qni
1060 1957 1224 2040 habeant3
1248 1957 1307 2026 sed
1339 1980 1360 2026 a

234 2067 328 2136 modo
345 2074 442 2134 antea
458 2067 578 2152 aliquis
594 2067 647 2134 vel
664 2067 775 2151 aliqua
789 2088 855 2134 uon
871 2067 971 2136 facist
987 2067 1040 2136 vel
1065 2067 1134 2134 ficri
1159 2067 1274 2153 facist,
1307 2068 1358 2134 vel

232 2175 398 2262 apportari
415 2174 547 2243 aliunde
562 2173 664 2242 faciat
678 2193 835 2261 sepeque,
869 2193 933 2260 que
948 2175 990 2242 sit
1016 2174 1185 2253 deaurato,
1218 2176 1270 2241 vel
1298 2161 1379 2260 que

231 2283 354 2352 habeat
369 2283 469 2350 telam
486 2284 527 2351 de
542 2290 624 2350 zeto.
642 2283 688 2350 Eo
706 2283 758 2351 die
774 2304 837 2368 quo
852 2290 954 2370 nupta
970 2281 1062 2351 vadit
1077 2283 1121 2351 ud
1137 2283 1269 2350 domurn
1286 2282 1359 2370 viri,

233 2393 438 2460 celebrentur
453 2391 588 2478 nuptiae
603 2397 740 2480 tanturn,
757 2401 789 2458 et
805 2411 868 2458 nou
886 2391 1030 2478 pluribus
1049 2387 1182 2474 diebus;
1207 2391 1277 2459 sire
1303 2413 1359 2458 vs-

232 2501 289 2568 dat
306 2497 358 2564 die
374 2497 536 2564 dominico
553 2497 622 2562 sire
638 2497 703 2564 alio
721 2498 784 2565 die.

338 2608 420 2676 Item
438 2605 533 2692 panis
550 2604 698 2693 melotus,
715 2609 769 2691 qui
786 2609 895 2694 tiebat,
912 2606 1053 2691 amplius
1073 2609 1143 2674 fieri
1154 2610 1359 2676 nondebeat.

232 2719 274 2785 ut
289 2715 395 2784 booho
410 2735 474 2782 non
491 2713 606 2784 debeat
622 2717 742 2801 portari
760 2721 833 2802 post
849 2735 1014 2802 sponsam,
1032 2727 1065 2782 et
1090 2717 1236 2784 oxorium
1263 2715 1359 2802 galli·

234 2844 358 2908 nurum,
374 2824 425 2890 vel
441 2825 637 2906 ovariorum,
670 2823 719 2891 vel
752 2831 972 2894 anuatrorum.
1014 2825 1256 2910 Donorius'pnc
1287 2825 1357 2894 loco

231 2932 449 3004 mondiiorum
465 2931 645 3020 faciebant,
662 2935 717 3016 qui
735 2953 797 2999 uon
825 2932 992 3000 habehant
1022 2932 1202 3016 mandetis,
1235 2935 1358 3002 cessuri

230 3043 386 3112 hactenus
404 3041 554 3108 debeant.
573 3041 613 3107 Et
627 3041 766 3108 donorio
782 3063 845 3126 que
863 3041 1026 3109 iaciebant
1041 3063 1179 3128 sponsus
1197 3050 1228 3108 et
1239 3063 1360 3129 sponso

231 3147 507 3231 discalciantibus,
523 3167 589 3215 non
606 3147 746 3215 debeant
762 3149 902 3234 amptius
919 3149 998 3215 ficri.
1039 3151 1081 3216 Et
1096 3155 1180 3216 tortu
1213 3170 1275 3234 quo
1306 3151 1360 3218 fie-

230 3262 298 3342 bat,
315 3257 384 3324 fieri
400 3277 465 3324 non
482 3255 611 3323 debeat.
635 3257 675 3320 lit
690 3275 829 3342 sponsus
846 3278 884 3325 eo
901 3255 955 3325 die
973 3276 1036 3341 quo
1054 3259 1171 3344 nupcic
1198 3258 1286 3346 fiunt,
1317 3259 1360 3327 de

231 3389 279 3455 eo,
297 3365 383 3452 quod
401 3363 600 3452 mittebatur,
616 3363 711 3432 sicuti
730 3363 771 3432 dc
786 3371 954 3453 castratio,
980 3365 1062 3434 nihil
1081 3367 1197 3434 debeat
1230 3368 1359 3436 mittero

232 3495 371 3562 spouse;
394 3475 446 3540 vel
464 3491 586 3558 sponsa
602 3493 733 3558 sponso,
758 3473 800 3540 Et
816 3494 854 3540 eo
872 3475 934 3560 die,
960 3495 1024 3560 quo
1051 3496 1172 3561 sponsa
1200 3476 1292 3543 vadit
1316 3474 1361 3542 ad

231 3585 361 3650 donnum
378 3583 450 3669 viri,
469 3589 638 3648 coronetur
655 3589 686 3647 et
697 3589 837 3670 ornetur,
849 3582 1024 3650 secundum
1037 3585 1234 3652 voluntatem
1246 3605 1360 3666 suom3

231 3697 262 3758 ot
277 3691 324 3758 sic
339 3691 443 3776 possit
459 3707 591 3756 manere
607 3711 664 3775 per
682 3699 754 3758 octo
772 3690 844 3758 dies
861 3697 893 3757 et
907 3713 972 3760 non
989 3693 1071 3778 plus.

337 3799 418 3865 Item
434 3803 644 3864 consueverat
659 3819 797 3884 sponsus
815 3805 926 3867 tenere
943 3800 1024 3867 dnos
1041 3799 1147 3868 socios
1173 3821 1231 3886 por
1258 3805 1358 3869 toturn

230 3902 476 3990 hebdomadam,
496 3911 527 3972 et
544 3923 665 3990 sponso
682 3905 795 3973 eodem
813 3905 908 3976 modo
926 3906 1009 3976 duos
1032 3905 1158 3988 socios3
1183 3909 1268 3992 quod
1294 3929 1358 3976 non

231 4010 368 4098 faciant,
385 4003 446 4079 nisi
463 4032 522 4098 per
540 4019 606 4080 tres
622 4011 704 4099 dics,
721 4016 772 4081 vei
792 4014 835 4081 ad
852 4017 924 4102 plus
941 4022 1089 4100 quotuor.

340 4121 420 4186 Item
438 4121 605 4187 consuevit
623 4119 670 4189 ire
701 4141 824 4208 sponsu
855 4123 897 4189 ud
929 4122 1097 4190 sunctam'
1111 4125 1294 4210 ecclesium,
1329 4132 1361 4190 et

231 4227 343 4295 fucere
358 4227 404 4294 ibi
423 4247 604 4313 expensas;
629 4227 714 4312 quod
731 4229 872 4315 amplius
889 4251 952 4297 non
971 4233 1036 4299 fiat.

336 4335 1359 4427 Iteminunnulosponsenonponaturpustotevsto,necruto3

232 4466 291 4513 nec
307 4463 381 4510 oum
397 4443 490 4512 vadit
507 4444 548 4510 ad
565 4445 693 4511 domurn
709 4446 770 4512 viri
796 4446 889 4515 detur
914 4449 943 4514 ei
977 4469 1056 4516 enen
1087 4449 1130 4518 od
1161 4449 1361 4518 manducan·

230 4551 328 4637 dum,
369 4559 401 4618 ot
441 4555 478 4618 in
514 4561 642 4637 pectore
682 4555 738 4620 viri
780 4577 842 4622 nou
883 4565 1022 4641 ponatur
1061 4567 1158 4643 posta
1197 4557 1246 4624 rot
1289 4565 1362 4625 ruta

231 4661 377 4742 amplius.
