3078 5128
583 301 741 402 Q

103 499 170 560 sunt
184 501 296 562 notate
313 521 320 562 :
338 493 431 573 Quod
446 497 554 582 prima
569 507 654 564 meta
673 503 756 564 terre
776 495 934 581 Toplicba
952 495 1068 584 incipit
1087 501 1121 566 in
1147 519 1224 582 quo-

103 601 170 671 dam
185 601 519 689 monticulo,ubiest
544 610 631 671 mota
657 611 784 686 terrca;
808 615 841 671 et
872 605 947 672 inde
981 606 1150 674 descondit
1181 607 1224 671 ad
1258 620 1260 624 ·

102 712 233 778 rinulum
251 719 422 780 exeuntem
438 711 480 779 (le
496 711 569 796 ipso
587 719 695 778 monte
710 713 840 778 nomine
857 712 1049 779 Crachemer
1082 713 1126 780 ad
1150 733 1222 799 par-

104 825 161 882 tam
175 817 423 900 meridionalem
437 841 445 902 ;
470 825 504 886 et
520 817 595 884 inde
611 818 700 885 cadit
714 818 758 884 ad
773 817 907 885 fluuium
932 819 1061 886 nominc
1091 819 1222 887 Macha-

102 923 201 1012 nioha,
219 925 275 1008 qui
292 924 398 992 cundo
413 923 548 993 inferius
565 925 653 993 cadit
669 924 713 990 ad
739 945 857 1010 aquam
890 927 1019 994 nominc
1048 925 1221 1013 Toplicha,

103 1038 131 1098 et
143 1052 200 1119 per
215 1031 306 1100 illam
324 1053 442 1118 aquam
456 1031 566 1100 cundo
583 1033 731 1118 peruenit
747 1033 790 1098 ad
815 1033 979 1117 quandam
1004 1034 1165 1122 semitam,
1191 1042 1222 1100 et

102 1140 257 1224 perillam
274 1142 426 1208 semitam
442 1142 548 1208 eundo
564 1141 801 1226 aliquantulum
817 1141 991 1209 reflectitur
1008 1148 1040 1208 et
1056 1141 1148 1210 uadit
1176 1145 1218 1208 ad

103 1266 212 1330 aquam
229 1247 361 1316 nomine
378 1249 610 1335 Soploncham,
627 1257 660 1314 et
674 1249 722 1314 ibi
737 1256 813 1316 sont
829 1248 891 1316 dno
907 1249 1039 1316 arbores
1051 1251 1219 1332 assignate

102 1355 271 1440 promatis,
288 1376 425 1440 quarum
441 1377 508 1423 una
523 1356 691 1440 Hungarie
707 1356 824 1424 dicitur
838 1358 946 1445 boffa,
983 1359 1135 1424 etaltera
1150 1384 1224 1448 per·

104 1463 228 1551 tionfa‚·
250 1472 357 1549 etper
373 1465 493 1532 dietam
509 1484 629 1548 aquam
655 1463 841 1550 Soploncba
868 1465 959 1532 vadit
991 1464 1140 1550 superius
1173 1467 1221 1531 ad

103 1580 225 1654 pontem
240 1571 380 1638 Michacl
396 1571 499 1660 Boni,
518 1579 549 1638 ct
566 1570 607 1637 de
622 1578 721 1656 ponte
737 1570 844 1638 cundo
860 1591 919 1656 per
934 1579 1066 1657 pontem
1077 1579 1219 1640 vetarem

104 1680 165 1744 exit
177 1679 220 1744 ad
236 1679 430 1766 planiciem3
456 1687 488 1745 et
504 1679 545 1747 dc
560 1679 702 1766 planicie
719 1680 825 1746 eundo
852 1679 946 1746 iuxta
975 1699 1100 1765 nemos,
1136 1681 1222 1764 quod

103 1786 182 1869 ulgo
198 1787 314 1853 Ocrich
330 1787 449 1853 dicitur
465 1787 615 1872 peruenit
631 1785 674 1852 ad
688 1787 821 1853 fluuium
838 1787 893 1871 qui
910 1787 1070 1854 Cerusech
1098 1796 1219 1874 pataca

103 1899 228 1959 uocatur
243 1915 357 1962 uersus
382 1895 585 1980 aquilonem3
609 1901 642 1962 et
671 1895 777 1962 eundo
808 1894 902 1962 iuxta
933 1894 1054 1962 dictum
1085 1895 1218 1962 fluuium

103 2001 242 2084 superins
258 2003 409 2086 peruenit
426 2002 470 2069 ad
486 2021 639 2086 magnam
656 2001 755 2087 uiam,
780 2009 812 2070 ct
828 2009 955 2088 transyt
970 2023 1091 2087 aquam
1105 2005 1217 2091 Topli·

100 2107 174 2190 cba;
196 2118 227 2176 et
243 2110 441 2178 transeundo
457 2131 580 2195 aquam
596 2110 687 2178 uadit
717 2113 809 2178 iuxta
839 2108 976 2177 eandem
1007 2109 1156 2196 interius,
1187 2120 1219 2177 et

104 2217 241 2298 peruenit
255 2215 299 2283 ad
316 2216 490 2302 quemdam
506 2216 649 2302 fluuium,
674 2224 706 2283 et
731 2237 791 2302 per
822 2217 962 2284 eundum
994 2219 1142 2304 peruenit
1176 2219 1219 2284 ad

104 2323 429 2409 capntipsinsflunii,
462 2333 608 2410 etsupra
634 2333 731 2410 caput
760 2323 853 2392 fluuii
883 2333 934 2392 est
964 2327 1037 2407 uia;
1080 2332 1112 2392 et
1142 2325 1220 2391 inde

103 2433 290 2499 transeundo
307 2434 394 2498 uiam
411 2431 503 2498 vadit
518 2452 576 2517 per
592 2451 716 2514 nemus,
748 2438 781 2498 et
796 2433 863 2498 exit
877 2433 921 2498 ad
947 2431 1130 2519 planiciem,
1162 2434 1216 2500 ubl

98 2545 149 2603 est
163 2547 244 2608 meta
260 2540 301 2606 de
318 2541 434 2608 arbore
450 2561 512 2626 quc
528 2541 617 2626 calfo
633 2539 771 2623 dicitor;
789 2548 821 2608 et
836 2539 910 2607 inde
926 2540 1032 2608 eundo
1043 2541 1217 2627 peripsam

103 2645 265 2728 planiciem
284 2647 432 2732 peruenit
447 2649 563 2715 iterum
581 2648 622 2714 ad
638 2647 770 2714 fluuium
787 2647 997 2714 Mechenicha
1009 2646 1050 2713 do
1060 2649 1213 2714 orientali
1261 2697 1273 2706 .

104 2760 207 2839 partc;
230 2763 261 2821 et
276 2757 371 2823 iuxta
386 2776 505 2841 aquam
520 2755 732 2823 blechenicha
748 2755 854 2821 cundo
871 2754 1021 2839 peruenit
1036 2755 1079 2820 ad
1096 2755 1213 2840 locum,

104 2863 154 2927 rbi
169 2883 246 2930 nnus
261 2863 380 2931 fluuius
397 2864 485 2930 cadit
500 2864 536 2929 in
553 2884 671 2948 aquam
688 2861 919 2947 supradictam,
952 2870 985 2926 et
1011 2881 1071 2946 per
1096 2861 1216 2930 dictum
1294 2889 1300 2900 ·

105 2967 225 3036 llnuinm
240 2971 347 3039 cundo
363 2969 408 3038 ad
424 2977 523 3058 caput
539 2970 643 3056 ipsius
659 2969 747 3054 fluuij
767 2971 916 3054 peruenit
930 2969 974 3034 ad
990 2981 1132 3036 montem
1148 2992 1217 3057 pre·

106 3081 302 3162 nominatum,
320 3078 376 3144 nbi
392 3081 496 3166 prima
512 3085 599 3145 meta
615 3078 702 3144 dictc
732 3084 817 3146 terre
847 3075 909 3142 fuit
937 3079 1078 3164 incepta,
1110 3077 1217 3161 ibique

107 3185 289 3253 terminatur.
331 3185 398 3252 Nos
415 3185 514 3270 igitur
529 3185 634 3270 ipsam
652 3185 941 3250 commutacionem
958 3183 1003 3249 ad
1020 3183 1213 3267 peticionem

107 3291 246 3378 sepedicti
264 3293 376 3360 fratris
394 3293 508 3380 nostri,
541 3300 577 3359 ut
603 3298 792 3378 perpetuam
821 3292 968 3358 obtineat
992 3291 1216 3376 stabilitatem,

108 3410 133 3464 ot
146 3401 237 3467 nullis
253 3420 395 3484 unquam
413 3401 613 3486 temporibus
629 3402 739 3469 valeat
755 3400 936 3484 retractari,
963 3397 1114 3466 duximus
1140 3417 1214 3466 con·

107 3503 291 3598 firmandam,
309 3516 342 3577 et
358 3509 522 3595 dupplicis
538 3509 639 3592 sigilli
657 3511 759 3577 nostri
786 3509 962 3576 munimina
987 3507 1215 3576 roborandam.

106 3613 209 3686 Datum
224 3638 311 3686 anno
328 3619 372 3684 ab
388 3617 619 3684 Incarnatione
635 3615 767 3683 Domini
783 3612 1020 3682 ΜθῦὒῆζΧΧο
1036 3635 1120 3682 nono
1137 3616 1215 3682 VII⁰

106 3723 170 3793 Idus
185 3727 378 3794 Nouembris
394 3727 499 3809 Regni
518 3726 620 3792 nostri
636 3745 722 3793 anno
743 3726 868 3808 quinto.

107 3919 183 3989 (Νῆα
200 3927 283 3994 bojon
303 3929 454 3993 kirtlynalr
476 3929 586 3980 lacc-ki
617 3926 833 3993 helybcnhagyb
867 3925 1162 3992 adomanylevelebbl;
1199 3943 1214 3974 a

104 4009 176 4064 bodri
193 4017 242 4068 kir.
263 4019 392 4070 kamarai
411 4018 596 4071 levelttrban.
616 4019 649 4070 V.
664 4021 688 4068 ὃ.
709 4017 943 4082 okmsnytsrunn
961 4017 1023 4068 VII.
1045 4016 1104 4067 kbt.
1120 4020 1162 4068 74.
1183 4018 1213 4081 l.)
1321 4001 1327 4008 ⁰
