<?xml version="1.0" encoding="UTF-8"?>
<!DOCTYPE html PUBLIC "-//W3C//DTD XHTML 1.0 Transitional//EN"
    "http://www.w3.org/TR/xhtml1/DTD/xhtml1-transitional.dtd">
<html xmlns="http://www.w3.org/1999/xhtml" xml:lang="en" lang="en">
 <head>
  <title>
</title>
<meta http-equiv="Content-Type" content="text/html;charset=utf-8" />
  <meta name='ocr-system' content='tesseract 3.04.00' />
  <meta name='ocr-capabilities' content='ocr_page ocr_carea ocr_par ocr_line ocrx_word'/>
</head>
<body>
  <div class='ocr_page' id='page_1' title='image "./codexdiplomatic10wenzgoog_0303.png"; bbox 0 0 3078 5128; ppageno 0'>
   <div class='ocr_carea' id='block_1_1' title="bbox 786 338 945 452">
    <p class='ocr_par' dir='ltr' id='par_1_1' title="bbox 786 338 945 452">
     <span class='ocr_line' id='line_1_1' title="bbox 786 338 945 452; baseline 0 0"><span class='ocrx_word' id='word_1_1' title='bbox 786 338 945 452; x_wconf 63' lang='lat' dir='ltr'><strong>aa...</strong></span> 
     </span>
    </p>
   </div>
   <div class='ocr_carea' id='block_1_2' title="bbox 304 535 1533 742">
    <p class='ocr_par' dir='ltr' id='par_1_2' title="bbox 304 535 1533 742">
     <span class='ocr_line' id='line_1_2' title="bbox 304 535 1533 652; baseline -0.007 -38"><span class='ocrx_word' id='word_1_2' title='bbox 304 561 440 632; x_wconf 80' lang='lat' dir='ltr'><strong>tumque</strong></span> <span class='ocrx_word' id='word_1_3' title='bbox 456 543 499 614; x_wconf 90' lang='lat' dir='ltr'><strong>ad</strong></span> <span class='ocrx_word' id='word_1_4' title='bbox 515 543 604 634; x_wconf 84' lang='lat' dir='ltr'><strong>ipsos</strong></span> <span class='ocrx_word' id='word_1_5' title='bbox 620 542 785 633; x_wconf 79' lang='lat' dir='ltr'><strong>accedant,</strong></span> <span class='ocrx_word' id='word_1_6' title='bbox 802 545 943 632; x_wconf 81' lang='lat' dir='ltr'><strong>benigne</strong></span> <span class='ocrx_word' id='word_1_7' title='bbox 959 539 1134 632; x_wconf 86' lang='lat' dir='ltr'><strong>exoipient,</strong></span> <span class='ocrx_word' id='word_1_8' title='bbox 1161 547 1194 612; x_wconf 89' lang='lat' dir='ltr'><strong>et</strong></span> <span class='ocrx_word' id='word_1_9' title='bbox 1204 541 1265 613; x_wconf 85' lang='lat' dir='ltr'><strong>&#39;oos</strong></span> <span class='ocrx_word' id='word_1_10' title='bbox 1298 535 1436 611; x_wconf 86' lang='lat' dir='ltr'><strong>honesta</strong></span> <span class='ocrx_word' id='word_1_11' title='bbox 1532 559 1533 652; x_wconf 35' lang='grc' dir='ltr'>ᾗ</span> 
     </span>
     <span class='ocr_line' id='line_1_3' title="bbox 307 650 1533 742; baseline -0.002 -22"><span class='ocrx_word' id='word_1_12' title='bbox 307 655 538 740; x_wconf 79' lang='lat' dir='ltr'><strong>procurabunt.</strong></span> <span class='ocrx_word' id='word_1_13' title='bbox 577 653 613 721; x_wconf 84' lang='lat' dir='ltr'><strong>Si</strong></span> <span class='ocrx_word' id='word_1_14' title='bbox 627 675 703 723; x_wconf 86' lang='lat' dir='ltr'><strong>vero</strong></span> <span class='ocrx_word' id='word_1_15' title='bbox 719 654 837 722; x_wconf 87' lang='lat' dir='ltr'><strong>siluam</strong></span> <span class='ocrx_word' id='word_1_16' title='bbox 855 653 1091 742; x_wconf 81' lang='lat' dir='ltr'><strong>extirpauerint</strong></span> <span class='ocrx_word' id='word_1_17' title='bbox 1106 658 1138 719; x_wconf 86' lang='lat' dir='ltr'><strong>et</strong></span> <span class='ocrx_word' id='word_1_18' title='bbox 1153 650 1290 720; x_wconf 85' lang='lat' dir='ltr'><strong>leoerint</strong></span> <span class='ocrx_word' id='word_1_19' title='bbox 1313 656 1434 719; x_wconf 88' lang='lat' dir='ltr'><strong>terram</strong></span> <span class='ocrx_word' id='word_1_20' title='bbox 1532 685 1533 728; x_wconf 65' lang='lat'>1</span> 
     </span>
    </p>
   </div>
   <div class='ocr_carea' id='block_1_3' title="bbox 304 759 1533 1173">
    <p class='ocr_par' dir='ltr' id='par_1_3' title="bbox 304 759 1533 1173">
     <span class='ocr_line' id='line_1_4' title="bbox 304 759 1533 848; baseline -0.002 -20"><span class='ocrx_word' id='word_1_21' title='bbox 304 761 476 846; x_wconf 75' lang='lat' dir='ltr'><strong>arabilem,</strong></span> <span class='ocrx_word' id='word_1_22' title='bbox 491 761 640 831; x_wconf 88' lang='lat' dir='ltr'><strong>similiter</strong></span> <span class='ocrx_word' id='word_1_23' title='bbox 656 761 740 830; x_wconf 88' lang='lat' dir='ltr'><strong>siout</strong></span> <span class='ocrx_word' id='word_1_24' title='bbox 756 762 796 830; x_wconf 86' lang='lat' dir='ltr'><strong>da</strong></span> <span class='ocrx_word' id='word_1_25' title='bbox 813 761 938 846; x_wconf 88' lang='lat' dir='ltr'><strong>reliqua</strong></span> <span class='ocrx_word' id='word_1_26' title='bbox 954 767 1042 830; x_wconf 79' lang='lat' dir='ltr'><strong>tarra</strong></span> <span class='ocrx_word' id='word_1_27' title='bbox 1057 781 1116 848; x_wconf 90' lang='lat' dir='ltr'><strong>pro</strong></span> <span class='ocrx_word' id='word_1_28' title='bbox 1142 759 1289 844; x_wconf 88' lang='lat' dir='ltr'><strong>quolibet</strong></span> <span class='ocrx_word' id='word_1_29' title='bbox 1321 767 1433 826; x_wconf 83' lang='lat' dir='ltr'><strong>aratro</strong></span> <span class='ocrx_word' id='word_1_30' title='bbox 1532 765 1533 806; x_wconf 53' lang='lat' dir='ltr'><strong>l</strong></span> 
     </span>
     <span class='ocr_line' id='line_1_5' title="bbox 304 868 1432 955; baseline -0.002 -19"><span class='ocrx_word' id='word_1_31' title='bbox 304 869 431 938; x_wconf 88' lang='lat' dir='ltr'><strong>soluent</strong></span> <span class='ocrx_word' id='word_1_32' title='bbox 448 869 603 938; x_wconf 84' lang='lat' dir='ltr'><strong>iratribus</strong></span> <span class='ocrx_word' id='word_1_33' title='bbox 619 868 790 938; x_wconf 81' lang='lat' dir='ltr'><strong>dimidiam</strong></span> <span class='ocrx_word' id='word_1_34' title='bbox 806 889 959 948; x_wconf 87' lang='lat' dir='ltr'><strong>maroam,</strong></span> <span class='ocrx_word' id='word_1_35' title='bbox 976 868 1060 936; x_wconf 89' lang='lat' dir='ltr'><strong>siout</strong></span> <span class='ocrx_word' id='word_1_36' title='bbox 1091 868 1182 955; x_wconf 87' lang='lat' dir='ltr'><strong>prins</strong></span> <span class='ocrx_word' id='word_1_37' title='bbox 1216 874 1266 934; x_wconf 86' lang='lat' dir='ltr'><strong>eet</strong></span> <span class='ocrx_word' id='word_1_38' title='bbox 1301 887 1432 952; x_wconf 85' lang='lat' dir='ltr'><strong>expres·</strong></span> 
     </span>
     <span class='ocr_line' id='line_1_6' title="bbox 304 975 1533 1066; baseline -0.007 -18"><span class='ocrx_word' id='word_1_39' title='bbox 304 999 386 1048; x_wconf 89' lang='lat' dir='ltr'><strong>sum.</strong></span> <span class='ocrx_word' id='word_1_40' title='bbox 410 977 444 1044; x_wconf 90' lang='lat' dir='ltr'><strong>Si</strong></span> <span class='ocrx_word' id='word_1_41' title='bbox 461 979 531 1062; x_wconf 86' lang='lat' dir='ltr'><strong>quis</strong></span> <span class='ocrx_word' id='word_1_42' title='bbox 548 977 709 1066; x_wconf 88' lang='lat' dir='ltr'><strong>hospitum</strong></span> <span class='ocrx_word' id='word_1_43' title='bbox 725 978 856 1064; x_wconf 86' lang='lat' dir='ltr'><strong>domum</strong></span> <span class='ocrx_word' id='word_1_44' title='bbox 871 976 1032 1061; x_wconf 85' lang='lat' dir='ltr'><strong>babuerit,</strong></span> <span class='ocrx_word' id='word_1_45' title='bbox 1047 981 1169 1042; x_wconf 84' lang='lat' dir='ltr'><strong>terram</strong></span> <span class='ocrx_word' id='word_1_46' title='bbox 1184 981 1294 1043; x_wconf 82' lang='lat' dir='ltr'><strong>autum</strong></span> <span class='ocrx_word' id='word_1_47' title='bbox 1324 975 1431 1041; x_wconf 88' lang='lat' dir='ltr'><strong>arabi·</strong></span> <span class='ocrx_word' id='word_1_48' title='bbox 1532 981 1533 994; x_wconf 62' lang='lat'>¹</span> 
     </span>
     <span class='ocr_line' id='line_1_7' title="bbox 306 1081 1533 1173; baseline -0.002 -21"><span class='ocrx_word' id='word_1_49' title='bbox 306 1086 370 1152; x_wconf 93' lang='lat' dir='ltr'><strong>lem</strong></span> <span class='ocrx_word' id='word_1_50' title='bbox 384 1105 448 1154; x_wconf 88' lang='lat' dir='ltr'><strong>non</strong></span> <span class='ocrx_word' id='word_1_51' title='bbox 464 1087 591 1173; x_wconf 80' lang='lat' dir='ltr'><strong>babeat,</strong></span> <span class='ocrx_word' id='word_1_52' title='bbox 608 1087 716 1154; x_wconf 90' lang='lat' dir='ltr'><strong>soluat</strong></span> <span class='ocrx_word' id='word_1_53' title='bbox 731 1085 747 1152; x_wconf 84' lang='lat' dir='ltr'><strong>f</strong></span> <span class='ocrx_word' id='word_1_54' title='bbox 750 1085 890 1152; x_wconf 85' lang='lat' dir='ltr'><strong>ratribus</strong></span> <span class='ocrx_word' id='word_1_55' title='bbox 917 1083 980 1150; x_wconf 87' lang='lat' dir='ltr'><strong>tria</strong></span> <span class='ocrx_word' id='word_1_56' title='bbox 1011 1083 1157 1170; x_wconf 89' lang='lat' dir='ltr'><strong>pondera</strong></span> <span class='ocrx_word' id='word_1_57' title='bbox 1187 1081 1377 1168; x_wconf 66' lang='lat' dir='ltr'><strong>annuatim</strong></span> <span class='ocrx_word' id='word_1_58' title='bbox 1400 1090 1434 1150; x_wconf 86' lang='lat' dir='ltr'><strong>et</strong></span> <span class='ocrx_word' id='word_1_59' title='bbox 1532 1085 1533 1096; x_wconf 76' lang='grc'>’</span> 
     </span>
    </p>
   </div>
   <div class='ocr_carea' id='block_1_4' title="bbox 305 1188 1533 1500">
    <p class='ocr_par' dir='ltr' id='par_1_4' title="bbox 305 1188 1533 1500">
     <span class='ocr_line' id='line_1_8' title="bbox 305 1188 1427 1278; baseline -0.003 -19"><span class='ocrx_word' id='word_1_60' title='bbox 305 1213 416 1260; x_wconf 86' lang='lat' dir='ltr'><strong>omnes</strong></span> <span class='ocrx_word' id='word_1_61' title='bbox 432 1193 495 1262; x_wconf 85' lang='lat' dir='ltr'><strong>iste</strong></span> <span class='ocrx_word' id='word_1_62' title='bbox 511 1193 683 1278; x_wconf 74' lang='lat' dir='ltr'><strong>pensiones</strong></span> <span class='ocrx_word' id='word_1_63' title='bbox 700 1194 731 1258; x_wconf 89' lang='lat' dir='ltr'><strong>in</strong></span> <span class='ocrx_word' id='word_1_64' title='bbox 750 1193 833 1259; x_wconf 72' lang='lat' dir='ltr'><strong>lento</strong></span> <span class='ocrx_word' id='word_1_65' title='bbox 865 1191 978 1276; x_wconf 83' lang='lat' dir='ltr'><strong>Sanotj</strong></span> <span class='ocrx_word' id='word_1_66' title='bbox 1011 1192 1144 1276; x_wconf 84' lang='lat' dir='ltr'><strong>dlartinj</strong></span> <span class='ocrx_word' id='word_1_67' title='bbox 1177 1188 1295 1259; x_wconf 83' lang='lat' dir='ltr'><strong>debent</strong></span> <span class='ocrx_word' id='word_1_68' title='bbox 1327 1189 1427 1276; x_wconf 85' lang='lat' dir='ltr'><strong>soluj.</strong></span> 
     </span>
     <span class='ocr_line' id='line_1_9' title="bbox 306 1297 1433 1398; baseline -0.001 -30"><span class='ocrx_word' id='word_1_69' title='bbox 306 1302 391 1368; x_wconf 86' lang='lat' dir='ltr'><strong>Pret.</strong></span> <span class='ocrx_word' id='word_1_70' title='bbox 403 1321 461 1368; x_wconf 89' lang='lat' dir='ltr'><strong>rea</strong></span> <span class='ocrx_word' id='word_1_71' title='bbox 477 1299 560 1386; x_wconf 75' lang='lat' dir='ltr'><strong>diotj&#39;</strong></span> <span class='ocrx_word' id='word_1_72' title='bbox 572 1301 693 1390; x_wconf 89' lang='lat' dir='ltr'><strong>populi,</strong></span> <span class='ocrx_word' id='word_1_73' title='bbox 713 1301 742 1368; x_wconf 92' lang='lat' dir='ltr'><strong>si</strong></span> <span class='ocrx_word' id='word_1_74' title='bbox 757 1301 804 1366; x_wconf 86' lang='lat' dir='ltr'><strong>eis</strong></span> <span class='ocrx_word' id='word_1_75' title='bbox 821 1299 990 1386; x_wconf 87' lang='lat' dir='ltr'><strong>plaouerit,</strong></span> <span class='ocrx_word' id='word_1_76' title='bbox 1023 1297 1255 1368; x_wconf 84' lang='lat' dir='ltr'><strong>Tenthoniourn</strong></span> <span class='ocrx_word' id='word_1_77' title='bbox 1280 1298 1433 1398; x_wconf 20' lang='lat' dir='ltr'><strong>‘babeam</strong></span> 
     </span>
     <span class='ocr_line' id='line_1_10' title="bbox 308 1405 1533 1500; baseline -0.001 -24"><span class='ocrx_word' id='word_1_78' title='bbox 308 1407 519 1494; x_wconf 76' lang='lat' dir='ltr'><strong>sacerdotem,</strong></span> <span class='ocrx_word' id='word_1_79' title='bbox 535 1409 590 1494; x_wconf 83' lang='lat' dir='ltr'><strong>qui</strong></span> <span class='ocrx_word' id='word_1_80' title='bbox 606 1429 628 1476; x_wconf 91' lang='lat' dir='ltr'><strong>a</strong></span> <span class='ocrx_word' id='word_1_81' title='bbox 642 1405 851 1478; x_wconf 80' lang='lat' dir='ltr'><strong>Taotboniols</strong></span> <span class='ocrx_word' id='word_1_82' title='bbox 866 1407 1065 1476; x_wconf 85' lang='lat' dir='ltr'><strong>morantibus</strong></span> <span class='ocrx_word' id='word_1_83' title='bbox 1093 1407 1178 1475; x_wconf 89' lang='lat' dir='ltr'><strong>ultra</strong></span> <span class='ocrx_word' id='word_1_84' title='bbox 1202 1406 1324 1476; x_wconf 76' lang='lat' dir='ltr'><strong>fontem</strong></span> <span class='ocrx_word' id='word_1_85' title='bbox 1354 1406 1434 1476; x_wconf 84' lang='lat' dir='ltr'><strong>roei·</strong></span> <span class='ocrx_word' id='word_1_86' title='bbox 1532 1495 1533 1500; x_wconf 5' lang='grc' dir='ltr'>ἵ</span> 
     </span>
    </p>
   </div>
   <div class='ocr_carea' id='block_1_5' title="bbox 307 1514 1533 1602">
    <p class='ocr_par' dir='ltr' id='par_1_5' title="bbox 307 1514 1533 1602">
     <span class='ocr_line' id='line_1_11' title="bbox 307 1514 1533 1602; baseline 0.001 -21"><span class='ocrx_word' id='word_1_87' title='bbox 307 1515 377 1601; x_wconf 89' lang='lat' dir='ltr'><strong>piat</strong></span> <span class='ocrx_word' id='word_1_88' title='bbox 392 1514 536 1584; x_wconf 86' lang='lat' dir='ltr'><strong>deeimas</strong></span> <span class='ocrx_word' id='word_1_89' title='bbox 550 1521 583 1583; x_wconf 88' lang='lat' dir='ltr'><strong>et</strong></span> <span class='ocrx_word' id='word_1_90' title='bbox 598 1515 805 1600; x_wconf 74' lang='lat' dir='ltr'><strong>oblationes,</strong></span> <span class='ocrx_word' id='word_1_91' title='bbox 829 1517 871 1583; x_wconf 95' lang='lat' dir='ltr'><strong>ab</strong></span> <span class='ocrx_word' id='word_1_92' title='bbox 896 1515 973 1583; x_wconf 82' lang='lat' dir='ltr'><strong>aliis</strong></span> <span class='ocrx_word' id='word_1_93' title='bbox 1003 1535 1090 1602; x_wconf 84' lang='lat' dir='ltr'><strong>vero,</strong></span> <span class='ocrx_word' id='word_1_94' title='bbox 1122 1515 1151 1584; x_wconf 88' lang='lat' dir='ltr'><strong>si</strong></span> <span class='ocrx_word' id='word_1_95' title='bbox 1182 1517 1239 1600; x_wconf 88' lang='lat' dir='ltr'><strong>qui</strong></span> <span class='ocrx_word' id='word_1_96' title='bbox 1268 1521 1347 1583; x_wconf 87' lang='lat' dir='ltr'><strong>sunt</strong></span> <span class='ocrx_word' id='word_1_97' title='bbox 1378 1515 1432 1582; x_wconf 82' lang='lat' dir='ltr'><strong>uel</strong></span> <span class='ocrx_word' id='word_1_98' title='bbox 1532 1527 1533 1540; x_wconf 60' lang='lat'>¹</span> 
     </span>
    </p>
   </div>
   <div class='ocr_carea' id='block_1_6' title="bbox 306 1609 1533 2251">
    <p class='ocr_par' dir='ltr' id='par_1_6' title="bbox 306 1609 1533 2258">
     <span class='ocr_line' id='line_1_12' title="bbox 308 1609 1533 1711; baseline 0.002 -21"><span class='ocrx_word' id='word_1_99' title='bbox 308 1630 401 1690; x_wconf 88' lang='lat' dir='ltr'><strong>erunt</strong></span> <span class='ocrx_word' id='word_1_100' title='bbox 417 1623 498 1693; x_wconf 86' lang='lat' dir='ltr'><strong>oltra</strong></span> <span class='ocrx_word' id='word_1_101' title='bbox 514 1624 644 1711; x_wconf 85' lang='lat' dir='ltr'><strong>iontem,</strong></span> <span class='ocrx_word' id='word_1_102' title='bbox 661 1625 733 1692; x_wconf 84' lang='lat' dir='ltr'><strong>siue</strong></span> <span class='ocrx_word' id='word_1_103' title='bbox 747 1624 813 1692; x_wconf 85' lang='lat' dir='ltr'><strong>sint</strong></span> <span class='ocrx_word' id='word_1_104' title='bbox 827 1624 985 1710; x_wconf 86' lang='lat' dir='ltr'><strong>Hnngari,</strong></span> <span class='ocrx_word' id='word_1_105' title='bbox 1017 1624 1088 1693; x_wconf 83' lang='lat' dir='ltr'><strong>sina</strong></span> <span class='ocrx_word' id='word_1_106' title='bbox 1118 1622 1228 1710; x_wconf 74' lang='lat' dir='ltr'><strong>Solanj</strong></span> <span class='ocrx_word' id='word_1_107' title='bbox 1260 1642 1319 1690; x_wconf 85' lang='lat' dir='ltr'><strong>sen</strong></span> <span class='ocrx_word' id='word_1_108' title='bbox 1348 1623 1431 1692; x_wconf 81' lang='lat' dir='ltr'><strong>&#39;reo-</strong></span> <span class='ocrx_word' id='word_1_109' title='bbox 1532 1609 1533 1668; x_wconf 65' lang='lat' dir='ltr'><strong>l</strong></span> 
     </span>
     <span class='ocr_line' id='line_1_13' title="bbox 307 1715 1533 1820; baseline -0.002 -24"><span class='ocrx_word' id='word_1_110' title='bbox 307 1729 441 1816; x_wconf 86' lang='lat' dir='ltr'><strong>thonioj,</strong></span> <span class='ocrx_word' id='word_1_111' title='bbox 471 1719 631 1820; x_wconf 76' lang='lat' dir='ltr'><strong>pereipiat</strong></span> <span class='ocrx_word' id='word_1_112' title='bbox 646 1739 797 1818; x_wconf 77' lang='lat' dir='ltr'><strong>quartam</strong></span> <span class='ocrx_word' id='word_1_113' title='bbox 813 1737 928 1817; x_wconf 84' lang='lat' dir='ltr'><strong>quarte</strong></span> <span class='ocrx_word' id='word_1_114' title='bbox 959 1731 1175 1815; x_wconf 68' lang='lat' dir='ltr'><strong>deeimarum</strong></span> <span class='ocrx_word' id='word_1_115' title='bbox 1198 1735 1232 1798; x_wconf 84' lang='lat' dir='ltr'><strong>et</strong></span> <span class='ocrx_word' id='word_1_116' title='bbox 1260 1731 1433 1798; x_wconf 83' lang='lat' dir='ltr'><strong>annuatim</strong></span> <span class='ocrx_word' id='word_1_117' title='bbox 1532 1715 1533 1730; x_wconf 51' lang='lat'>¹</span> 
     </span>
     <span class='ocr_line' id='line_1_14' title="bbox 306 1829 1533 1930; baseline -0.002 -22"><span class='ocrx_word' id='word_1_118' title='bbox 306 1841 340 1908; x_wconf 93' lang='lat' dir='ltr'><strong>in</strong></span> <span class='ocrx_word' id='word_1_119' title='bbox 371 1841 456 1908; x_wconf 79' lang='lat' dir='ltr'><strong>leuto</strong></span> <span class='ocrx_word' id='word_1_120' title='bbox 487 1829 597 1926; x_wconf 85' lang='lat' dir='ltr'><strong>Sanotj</strong></span> <span class='ocrx_word' id='word_1_121' title='bbox 629 1840 758 1927; x_wconf 78' lang='lat' dir='ltr'><strong>blattinj</strong></span> <span class='ocrx_word' id='word_1_122' title='bbox 792 1837 942 1927; x_wconf 68' lang='lat' dir='ltr'><strong>capitulo</strong></span> <span class='ocrx_word' id='word_1_123' title='bbox 973 1840 1188 1930; x_wconf 77' lang='lat' dir='ltr'><strong>Strigoniemj</strong></span> <span class='ocrx_word' id='word_1_124' title='bbox 1220 1859 1317 1908; x_wconf 87' lang='lat' dir='ltr'><strong>vnanr</strong></span> <span class='ocrx_word' id='word_1_125' title='bbox 1347 1857 1433 1906; x_wconf 90' lang='lat' dir='ltr'><strong>mar·</strong></span> <span class='ocrx_word' id='word_1_126' title='bbox 1532 1853 1533 1874; x_wconf 66' lang='lat'>¹</span> 
     </span>
     <span class='ocr_line' id='line_1_15' title="bbox 310 1941 1431 2038; baseline -0.002 -23"><span class='ocrx_word' id='word_1_127' title='bbox 310 1941 383 2016; x_wconf 86' lang='lat' dir='ltr'><strong>earn</strong></span> <span class='ocrx_word' id='word_1_128' title='bbox 412 1955 444 2017; x_wconf 94' lang='lat' dir='ltr'><strong>et</strong></span> <span class='ocrx_word' id='word_1_129' title='bbox 475 1947 643 2016; x_wconf 86' lang='lat' dir='ltr'><strong>dimidiam</strong></span> <span class='ocrx_word' id='word_1_130' title='bbox 675 1949 815 2038; x_wconf 77' lang='lat' dir='ltr'><strong>argentJ,</strong></span> <span class='ocrx_word' id='word_1_131' title='bbox 857 1957 889 2017; x_wconf 90' lang='lat' dir='ltr'><strong>et</strong></span> <span class='ocrx_word' id='word_1_132' title='bbox 919 1947 1053 2017; x_wconf 81' lang='lat' dir='ltr'><strong>(lantori</strong></span> <span class='ocrx_word' id='word_1_133' title='bbox 1085 1948 1299 2034; x_wconf 73' lang='lat' dir='ltr'><strong>strigoniensi</strong></span> <span class='ocrx_word' id='word_1_134' title='bbox 1331 1967 1431 2016; x_wconf 83' lang='lat' dir='ltr'><strong>unam</strong></span> 
     </span>
     <span class='ocr_line' id='line_1_16' title="bbox 307 2053 1433 2144; baseline 0.001 -24"><span class='ocrx_word' id='word_1_135' title='bbox 307 2076 450 2124; x_wconf 88' lang='lat' dir='ltr'><strong>maroam</strong></span> <span class='ocrx_word' id='word_1_136' title='bbox 466 2059 594 2144; x_wconf 86' lang='lat' dir='ltr'><strong>argentj</strong></span> <span class='ocrx_word' id='word_1_137' title='bbox 611 2058 738 2126; x_wconf 85' lang='lat' dir='ltr'><strong>soluere</strong></span> <span class='ocrx_word' id='word_1_138' title='bbox 752 2061 912 2126; x_wconf 86' lang='lat' dir='ltr'><strong>teneatur.</strong></span> <span class='ocrx_word' id='word_1_139' title='bbox 946 2057 1100 2124; x_wconf 85' lang='lat' dir='ltr'><strong>Preterea</strong></span> <span class='ocrx_word' id='word_1_140' title='bbox 1129 2055 1252 2142; x_wconf 85' lang='lat' dir='ltr'><strong>prelatj</strong></span> <span class='ocrx_word' id='word_1_141' title='bbox 1283 2053 1433 2142; x_wconf 82' lang='lat' dir='ltr'><strong>hospites</strong></span> 
     </span>
     <span class='ocr_line' id='line_1_17' title="bbox 307 2149 1432 2251; baseline -0.002 -18"><span class='ocrx_word' id='word_1_142' title='bbox 307 2165 371 2233; x_wconf 88' lang='lat' dir='ltr'><strong>sibi</strong></span> <span class='ocrx_word' id='word_1_143' title='bbox 386 2163 510 2249; x_wconf 81' lang='lat' dir='ltr'><strong>eligant</strong></span> <span class='ocrx_word' id='word_1_144' title='bbox 525 2149 680 2251; x_wconf 88' lang='lat' dir='ltr'><strong>nillioum,</strong></span> <span class='ocrx_word' id='word_1_145' title='bbox 698 2165 754 2250; x_wconf 89' lang='lat' dir='ltr'><strong>qni</strong></span> <span class='ocrx_word' id='word_1_146' title='bbox 771 2183 889 2232; x_wconf 80' lang='lat' dir='ltr'><strong>causas</strong></span> <span class='ocrx_word' id='word_1_147' title='bbox 905 2165 1050 2250; x_wconf 90' lang='lat' dir='ltr'><strong>ipsorum</strong></span> <span class='ocrx_word' id='word_1_148' title='bbox 1067 2163 1227 2232; x_wconf 76' lang='lat' dir='ltr'><strong>disentiat</strong></span> <span class='ocrx_word' id='word_1_149' title='bbox 1242 2171 1274 2232; x_wconf 89' lang='lat' dir='ltr'><strong>et</strong></span> <span class='ocrx_word' id='word_1_150' title='bbox 1301 2162 1432 2231; x_wconf 82' lang='lat' dir='ltr'><strong>iadioet</strong></span> 
     </span>
    </p>
   </div>
   <div class='ocr_carea' id='block_1_7' title="bbox 308 2267 1533 2466">
    <p class='ocr_par' dir='ltr' id='par_1_7' title="bbox 308 2267 1533 2466">
     <span class='ocr_line' id='line_1_18' title="bbox 308 2267 1533 2359; baseline -0.003 -21"><span class='ocrx_word' id='word_1_151' title='bbox 308 2273 350 2338; x_wconf 85' lang='lat' dir='ltr'><strong>Et</strong></span> <span class='ocrx_word' id='word_1_152' title='bbox 365 2271 393 2340; x_wconf 87' lang='lat' dir='ltr'><strong>si</strong></span> <span class='ocrx_word' id='word_1_153' title='bbox 408 2293 472 2358; x_wconf 85' lang='lat' dir='ltr'><strong>qua</strong></span> <span class='ocrx_word' id='word_1_154' title='bbox 489 2289 590 2338; x_wconf 88' lang='lat' dir='ltr'><strong>eausa</strong></span> <span class='ocrx_word' id='word_1_155' title='bbox 606 2272 740 2357; x_wconf 83' lang='lat' dir='ltr'><strong>grauior</strong></span> <span class='ocrx_word' id='word_1_156' title='bbox 757 2271 934 2359; x_wconf 84' lang='lat' dir='ltr'><strong>emerserit,</strong></span> <span class='ocrx_word' id='word_1_157' title='bbox 950 2289 1014 2355; x_wconf 89' lang='lat' dir='ltr'><strong>que</strong></span> <span class='ocrx_word' id='word_1_158' title='bbox 1029 2271 1184 2338; x_wconf 84' lang='lat' dir='ltr'><strong>maiorem</strong></span> <span class='ocrx_word' id='word_1_159' title='bbox 1196 2267 1433 2356; x_wconf 83' lang='lat' dir='ltr'><strong>requiratjndi·</strong></span> <span class='ocrx_word' id='word_1_160' title='bbox 1532 2293 1533 2352; x_wconf 59' lang='lat'>3</span> 
     </span>
     <span class='ocr_line' id='line_1_19' title="bbox 308 2375 1533 2466; baseline -0.002 -19"><span class='ocrx_word' id='word_1_161' title='bbox 308 2397 398 2464; x_wconf 73' lang='lat' dir='ltr'><strong>cam,</strong></span> <span class='ocrx_word' id='word_1_162' title='bbox 421 2377 579 2446; x_wconf 89' lang='lat' dir='ltr'><strong>disonoiat</strong></span> <span class='ocrx_word' id='word_1_163' title='bbox 596 2396 668 2444; x_wconf 88' lang='lat' dir='ltr'><strong>eam</strong></span> <span class='ocrx_word' id='word_1_164' title='bbox 685 2399 750 2446; x_wconf 89' lang='lat' dir='ltr'><strong>vna</strong></span> <span class='ocrx_word' id='word_1_165' title='bbox 766 2399 838 2446; x_wconf 87' lang='lat' dir='ltr'><strong>oum</strong></span> <span class='ocrx_word' id='word_1_166' title='bbox 855 2379 964 2462; x_wconf 88' lang='lat' dir='ltr'><strong>aliquo</strong></span> <span class='ocrx_word' id='word_1_167' title='bbox 980 2376 1021 2444; x_wconf 83' lang='lat' dir='ltr'><strong>do</strong></span> <span class='ocrx_word' id='word_1_168' title='bbox 1038 2375 1221 2466; x_wconf 82' lang='lat' dir='ltr'><strong>(lanoniols,</strong></span> <span class='ocrx_word' id='word_1_169' title='bbox 1254 2395 1349 2461; x_wconf 86' lang='lat' dir='ltr'><strong>quem</strong></span> <span class='ocrx_word' id='word_1_170' title='bbox 1364 2376 1431 2444; x_wconf 88' lang='lat' dir='ltr'><strong>lra·</strong></span> <span class='ocrx_word' id='word_1_171' title='bbox 1532 2379 1533 2452; x_wconf 78' lang='lat' dir='ltr'><strong>l</strong></span> 
     </span>
    </p>
   </div>
   <div class='ocr_carea' id='block_1_8' title="bbox 305 2483 1533 3331">
    <p class='ocr_par' dir='ltr' id='par_1_8' title="bbox 305 2483 1533 3331">
     <span class='ocr_line' id='line_1_20' title="bbox 309 2483 1533 2588; baseline -0.001 -34"><span class='ocrx_word' id='word_1_172' title='bbox 309 2495 377 2554; x_wconf 89' lang='lat' dir='ltr'><strong>tres</strong></span> <span class='ocrx_word' id='word_1_173' title='bbox 393 2484 541 2554; x_wconf 89' lang='lat' dir='ltr'><strong>miserint</strong></span> <span class='ocrx_word' id='word_1_174' title='bbox 557 2485 601 2552; x_wconf 91' lang='lat' dir='ltr'><strong>ad</strong></span> <span class='ocrx_word' id='word_1_175' title='bbox 615 2487 676 2553; x_wconf 86' lang='lat' dir='ltr'><strong>hoo</strong></span> <span class='ocrx_word' id='word_1_176' title='bbox 693 2483 894 2571; x_wconf 69' lang='lat' dir='ltr'><strong>laciendum</strong></span> <span class='ocrx_word' id='word_1_177' title='bbox 921 2491 953 2553; x_wconf 86' lang='lat' dir='ltr'><strong>et</strong></span> <span class='ocrx_word' id='word_1_178' title='bbox 978 2484 1021 2552; x_wconf 87' lang='lat' dir='ltr'><strong>de</strong></span> <span class='ocrx_word' id='word_1_179' title='bbox 1045 2484 1164 2553; x_wconf 83' lang='lat' dir='ltr'><strong>inditio</strong></span> <span class='ocrx_word' id='word_1_180' title='bbox 1195 2483 1291 2552; x_wconf 88' lang='lat' dir='ltr'><strong>buius</strong></span> <span class='ocrx_word' id='word_1_181' title='bbox 1322 2503 1432 2573; x_wconf 66' lang='lat' dir='ltr'><strong>muso,</strong></span> <span class='ocrx_word' id='word_1_182' title='bbox 1532 2533 1533 2588; x_wconf 60' lang='lat' dir='ltr'><strong>i</strong></span> 
     </span>
     <span class='ocr_line' id='line_1_21' title="bbox 308 2595 1434 2684; baseline -0.002 -21"><span class='ocrx_word' id='word_1_183' title='bbox 308 2617 404 2682; x_wconf 88' lang='lat' dir='ltr'><strong>qnam</strong></span> <span class='ocrx_word' id='word_1_184' title='bbox 421 2597 491 2664; x_wconf 83' lang='lat' dir='ltr'><strong>sina</strong></span> <span class='ocrx_word' id='word_1_185' title='bbox 508 2603 716 2682; x_wconf 74' lang='lat' dir='ltr'><strong>procuratore</strong></span> <span class='ocrx_word' id='word_1_186' title='bbox 733 2597 876 2683; x_wconf 83' lang='lat' dir='ltr'><strong>Capituli</strong></span> <span class='ocrx_word' id='word_1_187' title='bbox 901 2617 967 2665; x_wconf 92' lang='lat' dir='ltr'><strong>non</strong></span> <span class='ocrx_word' id='word_1_188' title='bbox 998 2595 1141 2684; x_wconf 88' lang='lat' dir='ltr'><strong>poterint</strong></span> <span class='ocrx_word' id='word_1_189' title='bbox 1172 2595 1330 2684; x_wconf 80' lang='lat' dir='ltr'><strong>iudicare,</strong></span> <span class='ocrx_word' id='word_1_190' title='bbox 1360 2595 1434 2682; x_wconf 81' lang='lat' dir='ltr'><strong>ipso</strong></span> 
     </span>
     <span class='ocr_line' id='line_1_22' title="bbox 306 2703 1533 2802; baseline 0 -31"><span class='ocrx_word' id='word_1_191' title='bbox 306 2703 430 2772; x_wconf 89' lang='lat' dir='ltr'><strong>habeat</strong></span> <span class='ocrx_word' id='word_1_192' title='bbox 445 2703 614 2772; x_wconf 89' lang='lat' dir='ltr'><strong>dimidiam</strong></span> <span class='ocrx_word' id='word_1_193' title='bbox 631 2711 765 2793; x_wconf 83' lang='lat' dir='ltr'><strong>partum,</strong></span> <span class='ocrx_word' id='word_1_194' title='bbox 804 2712 837 2772; x_wconf 85' lang='lat' dir='ltr'><strong>ot</strong></span> <span class='ocrx_word' id='word_1_195' title='bbox 867 2704 1053 2792; x_wconf 80' lang='lat' dir='ltr'><strong>Capitulum</strong></span> <span class='ocrx_word' id='word_1_196' title='bbox 1085 2703 1222 2772; x_wconf 90' lang='lat' dir='ltr'><strong>alteram</strong></span> <span class='ocrx_word' id='word_1_197' title='bbox 1251 2703 1432 2772; x_wconf 89' lang='lat' dir='ltr'><strong>dimidiam.</strong></span> <span class='ocrx_word' id='word_1_198' title='bbox 1532 2719 1533 2802; x_wconf 47' lang='lat'><em>3</em></span> 
     </span>
     <span class='ocr_line' id='line_1_23' title="bbox 307 2811 1431 2899; baseline 0.001 -21"><span class='ocrx_word' id='word_1_199' title='bbox 307 2811 374 2880; x_wconf 86' lang='lat' dir='ltr'><strong>Sed</strong></span> <span class='ocrx_word' id='word_1_200' title='bbox 390 2811 425 2878; x_wconf 92' lang='lat' dir='ltr'><strong>in</strong></span> <span class='ocrx_word' id='word_1_201' title='bbox 441 2814 558 2881; x_wconf 83' lang='lat' dir='ltr'><strong>ceteris</strong></span> <span class='ocrx_word' id='word_1_202' title='bbox 574 2814 681 2882; x_wconf 84' lang='lat' dir='ltr'><strong>oansis</strong></span> <span class='ocrx_word' id='word_1_203' title='bbox 697 2813 872 2881; x_wconf 90' lang='lat' dir='ltr'><strong>minoribns</strong></span> <span class='ocrx_word' id='word_1_204' title='bbox 889 2819 991 2881; x_wconf 90' lang='lat' dir='ltr'><strong>totum</strong></span> <span class='ocrx_word' id='word_1_205' title='bbox 1008 2811 1162 2880; x_wconf 90' lang='lat' dir='ltr'><strong>iudioinm</strong></span> <span class='ocrx_word' id='word_1_206' title='bbox 1173 2811 1334 2899; x_wconf 84' lang='lat' dir='ltr'><strong>pereipiat</strong></span> <span class='ocrx_word' id='word_1_207' title='bbox 1344 2811 1431 2880; x_wconf 89' lang='lat' dir='ltr'><strong>idem</strong></span> 
     </span>
     <span class='ocr_line' id='line_1_24' title="bbox 306 2907 1533 3006; baseline 0.001 -18"><span class='ocrx_word' id='word_1_208' title='bbox 306 2917 639 2990; x_wconf 64' lang='lat' dir='ltr'><strong>indemnatorum</strong></span> <span class='ocrx_word' id='word_1_209' title='bbox 665 2941 792 2989; x_wconf 85' lang='lat' dir='ltr'><strong>cursum</strong></span> <span class='ocrx_word' id='word_1_210' title='bbox 824 2919 922 3006; x_wconf 88' lang='lat' dir='ltr'><strong>rinnlj</strong></span> <span class='ocrx_word' id='word_1_211' title='bbox 953 2920 1064 2987; x_wconf 87' lang='lat' dir='ltr'><strong>nullus</strong></span> <span class='ocrx_word' id='word_1_212' title='bbox 1094 2919 1201 3005; x_wconf 84' lang='lat' dir='ltr'><strong>possit</strong></span> <span class='ocrx_word' id='word_1_213' title='bbox 1231 2920 1283 2988; x_wconf 84' lang='lat' dir='ltr'><strong>nal</strong></span> <span class='ocrx_word' id='word_1_214' title='bbox 1314 2918 1433 2989; x_wconf 66' lang='lat' dir='ltr'><strong>dabam</strong></span> <span class='ocrx_word' id='word_1_215' title='bbox 1532 2907 1533 2974; x_wconf 68' lang='grc' dir='ltr'>Ῑ</span> 
     </span>
     <span class='ocr_line' id='line_1_25' title="bbox 305 3019 1533 3116; baseline 0.001 -23"><span class='ocrx_word' id='word_1_216' title='bbox 305 3029 482 3097; x_wconf 84' lang='lat' dir='ltr'><strong>immutare.</strong></span> <span class='ocrx_word' id='word_1_217' title='bbox 519 3029 586 3096; x_wconf 83' lang='lat' dir='ltr'><strong>Nos</strong></span> <span class='ocrx_word' id='word_1_218' title='bbox 602 3027 703 3115; x_wconf 83' lang='lat' dir='ltr'><strong>igitur</strong></span> <span class='ocrx_word' id='word_1_219' title='bbox 719 3029 839 3097; x_wconf 87' lang='lat' dir='ltr'><strong>dietam</strong></span> <span class='ocrx_word' id='word_1_220' title='bbox 856 3029 1127 3116; x_wconf 85' lang='lat' dir='ltr'><strong>oomposioionem</strong></span> <span class='ocrx_word' id='word_1_221' title='bbox 1142 3029 1376 3116; x_wconf 77' lang='lat' dir='ltr'><strong>approbantes,</strong></span> <span class='ocrx_word' id='word_1_222' title='bbox 1391 3027 1433 3096; x_wconf 91' lang='lat' dir='ltr'><strong>ad</strong></span> <span class='ocrx_word' id='word_1_223' title='bbox 1532 3019 1533 3082; x_wconf 64' lang='grc' dir='ltr'>ἒ</span> 
     </span>
     <span class='ocr_line' id='line_1_26' title="bbox 305 3121 1533 3225; baseline -0.001 -20"><span class='ocrx_word' id='word_1_224' title='bbox 305 3136 499 3224; x_wconf 77' lang='lat' dir='ltr'><strong>peticionum</strong></span> <span class='ocrx_word' id='word_1_225' title='bbox 517 3121 685 3220; x_wconf 84' lang='lat' dir='ltr'><strong>utriusque</strong></span> <span class='ocrx_word' id='word_1_226' title='bbox 701 3138 816 3225; x_wconf 87' lang='lat' dir='ltr'><strong>partis,</strong></span> <span class='ocrx_word' id='word_1_227' title='bbox 833 3155 897 3220; x_wconf 88' lang='lat' dir='ltr'><strong>que</strong></span> <span class='ocrx_word' id='word_1_228' title='bbox 912 3142 1046 3222; x_wconf 88' lang='lat' dir='ltr'><strong>propter</strong></span> <span class='ocrx_word' id='word_1_229' title='bbox 1062 3136 1123 3204; x_wconf 87' lang='lat' dir='ltr'><strong>boo</strong></span> <span class='ocrx_word' id='word_1_230' title='bbox 1139 3136 1181 3204; x_wconf 90' lang='lat' dir='ltr'><strong>ad</strong></span> <span class='ocrx_word' id='word_1_231' title='bbox 1198 3155 1257 3204; x_wconf 86' lang='lat' dir='ltr'><strong>noa</strong></span> <span class='ocrx_word' id='word_1_232' title='bbox 1282 3137 1431 3224; x_wconf 68' lang='lat' dir='ltr'><strong>mouent,</strong></span> <span class='ocrx_word' id='word_1_233' title='bbox 1532 3169 1533 3212; x_wconf 71' lang='grc'>;</span> 
     </span>
     <span class='ocr_line' id='line_1_27' title="bbox 306 3227 1432 3331; baseline -0.002 -19"><span class='ocrx_word' id='word_1_234' title='bbox 306 3251 340 3312; x_wconf 92' lang='lat' dir='ltr'><strong>et</strong></span> <span class='ocrx_word' id='word_1_235' title='bbox 349 3227 463 3314; x_wconf 63' lang='lat' dir='ltr'><strong>&#39;omnia</strong></span> <span class='ocrx_word' id='word_1_236' title='bbox 479 3243 640 3331; x_wconf 85' lang='lat' dir='ltr'><strong>premissa</strong></span> <span class='ocrx_word' id='word_1_237' title='bbox 657 3265 765 3312; x_wconf 91' lang='lat' dir='ltr'><strong>ooram</strong></span> <span class='ocrx_word' id='word_1_238' title='bbox 781 3244 874 3312; x_wconf 87' lang='lat' dir='ltr'><strong>nobis</strong></span> <span class='ocrx_word' id='word_1_239' title='bbox 891 3250 1071 3331; x_wconf 86' lang='lat' dir='ltr'><strong>protestata</strong></span> <span class='ocrx_word' id='word_1_240' title='bbox 1088 3249 1184 3312; x_wconf 84' lang='lat' dir='ltr'><strong>estet</strong></span> <span class='ocrx_word' id='word_1_241' title='bbox 1209 3237 1371 3329; x_wconf 84' lang='lat' dir='ltr'><strong>oonlessa,</strong></span> <span class='ocrx_word' id='word_1_242' title='bbox 1389 3239 1432 3311; x_wconf 79' lang='lat' dir='ltr'><strong>&#39;in</strong></span> 
     </span>
    </p>
   </div>
   <div class='ocr_carea' id='block_1_9' title="bbox 305 3349 1533 3871">
    <p class='ocr_par' dir='ltr' id='par_1_9' title="bbox 305 3349 1533 3871">
     <span class='ocr_line' id='line_1_28' title="bbox 305 3349 1533 3448; baseline 0 -30"><span class='ocrx_word' id='word_1_243' title='bbox 305 3351 524 3419; x_wconf 84' lang='lat' dir='ltr'><strong>testimoninm</strong></span> <span class='ocrx_word' id='word_1_244' title='bbox 543 3350 638 3419; x_wconf 84' lang='lat' dir='ltr'><strong>buius</strong></span> <span class='ocrx_word' id='word_1_245' title='bbox 655 3353 702 3419; x_wconf 88' lang='lat' dir='ltr'><strong>rei</strong></span> <span class='ocrx_word' id='word_1_246' title='bbox 719 3357 886 3439; x_wconf 79' lang='lat' dir='ltr'><strong>presentes</strong></span> <span class='ocrx_word' id='word_1_247' title='bbox 901 3351 1121 3420; x_wconf 86' lang='lat' dir='ltr'><strong>conoessimus</strong></span> <span class='ocrx_word' id='word_1_248' title='bbox 1137 3351 1263 3418; x_wconf 86' lang='lat' dir='ltr'><strong>littoras</strong></span> <span class='ocrx_word' id='word_1_249' title='bbox 1291 3349 1433 3436; x_wconf 83' lang='lat' dir='ltr'><strong>dupliois</strong></span> <span class='ocrx_word' id='word_1_250' title='bbox 1532 3355 1533 3448; x_wconf 59' lang='lat' dir='ltr'>J</span> 
     </span>
     <span class='ocr_line' id='line_1_29' title="bbox 306 3455 1533 3544; baseline -0.002 -18"><span class='ocrx_word' id='word_1_251' title='bbox 306 3458 409 3542; x_wconf 79' lang='lat' dir='ltr'><strong>sigilli</strong></span> <span class='ocrx_word' id='word_1_252' title='bbox 439 3457 543 3526; x_wconf 87' lang='lat' dir='ltr'><strong>nostri</strong></span> <span class='ocrx_word' id='word_1_253' title='bbox 568 3457 743 3526; x_wconf 86' lang='lat' dir='ltr'><strong>munimine</strong></span> <span class='ocrx_word' id='word_1_254' title='bbox 774 3461 966 3544; x_wconf 80' lang='lat' dir='ltr'><strong>roboratas3</strong></span> <span class='ocrx_word' id='word_1_255' title='bbox 993 3459 1122 3527; x_wconf 77' lang='lat' dir='ltr'><strong>decisas</strong></span> <span class='ocrx_word' id='word_1_256' title='bbox 1153 3477 1212 3544; x_wconf 85' lang='lat' dir='ltr'><strong>per</strong></span> <span class='ocrx_word' id='word_1_257' title='bbox 1242 3455 1432 3542; x_wconf 81' lang='lat' dir='ltr'><strong>allabetum,</strong></span> <span class='ocrx_word' id='word_1_258' title='bbox 1532 3467 1533 3504; x_wconf 75' lang='lat'>³</span> 
     </span>
     <span class='ocr_line' id='line_1_30' title="bbox 307 3563 1533 3652; baseline -0.001 -19"><span class='ocrx_word' id='word_1_259' title='bbox 307 3587 443 3652; x_wconf 89' lang='lat' dir='ltr'><strong>quarum</strong></span> <span class='ocrx_word' id='word_1_260' title='bbox 462 3585 560 3634; x_wconf 89' lang='lat' dir='ltr'><strong>uuum</strong></span> <span class='ocrx_word' id='word_1_261' title='bbox 577 3587 637 3652; x_wconf 90' lang='lat' dir='ltr'><strong>par</strong></span> <span class='ocrx_word' id='word_1_262' title='bbox 653 3565 771 3636; x_wconf 86' lang='lat' dir='ltr'><strong>iratres</strong></span> <span class='ocrx_word' id='word_1_263' title='bbox 787 3564 930 3634; x_wconf 86' lang='lat' dir='ltr'><strong>habeant</strong></span> <span class='ocrx_word' id='word_1_264' title='bbox 945 3565 1195 3651; x_wconf 81' lang='lat' dir='ltr'><strong>Strigoniensus,</strong></span> <span class='ocrx_word' id='word_1_265' title='bbox 1229 3563 1322 3632; x_wconf 88' lang='lat' dir='ltr'><strong>aliud</strong></span> <span class='ocrx_word' id='word_1_266' title='bbox 1353 3585 1433 3634; x_wconf 87' lang='lat' dir='ltr'><strong>vero</strong></span> <span class='ocrx_word' id='word_1_267' title='bbox 1532 3583 1533 3606; x_wconf 52' lang='lat' dir='ltr'><strong>l</strong></span> 
     </span>
     <span class='ocr_line' id='line_1_31' title="bbox 306 3671 1533 3761; baseline 0 -21"><span class='ocrx_word' id='word_1_268' title='bbox 306 3693 367 3759; x_wconf 88' lang='lat' dir='ltr'><strong>par</strong></span> <span class='ocrx_word' id='word_1_269' title='bbox 403 3673 593 3740; x_wconf 77' lang='lat' dir='ltr'><strong>&#39;l&#39;eotlronioi</strong></span> <span class='ocrx_word' id='word_1_270' title='bbox 634 3673 710 3742; x_wconf 82' lang='lat' dir='ltr'><strong>uilla</strong></span> <span class='ocrx_word' id='word_1_271' title='bbox 748 3680 929 3761; x_wconf 82' lang='lat' dir='ltr'><strong>pretaxate.</strong></span> <span class='ocrx_word' id='word_1_272' title='bbox 991 3675 1084 3740; x_wconf 83' lang='lat' dir='ltr'><strong>Anno</strong></span> <span class='ocrx_word' id='word_1_273' title='bbox 1125 3671 1224 3741; x_wconf 84' lang='lat' dir='ltr'><strong>Verbi</strong></span> <span class='ocrx_word' id='word_1_274' title='bbox 1263 3673 1434 3742; x_wconf 78' lang='lat' dir='ltr'><strong>Intarmti</strong></span> <span class='ocrx_word' id='word_1_275' title='bbox 1532 3701 1533 3756; x_wconf 61' lang='lat' dir='ltr'><strong>p</strong></span> 
     </span>
     <span class='ocr_line' id='line_1_32' title="bbox 307 3779 1159 3871; baseline -0.002 -23"><span class='ocrx_word' id='word_1_276' title='bbox 307 3779 604 3871; x_wconf 69' lang='lat' dir='ltr'><strong>woorxxxlnr,</strong></span> <span class='ocrx_word' id='word_1_277' title='bbox 620 3783 724 3868; x_wconf 82' lang='lat' dir='ltr'><strong>Regni</strong></span> <span class='ocrx_word' id='word_1_278' title='bbox 740 3789 848 3851; x_wconf 90' lang='lat' dir='ltr'><strong>autern</strong></span> <span class='ocrx_word' id='word_1_279' title='bbox 865 3781 969 3851; x_wconf 87' lang='lat' dir='ltr'><strong>nostri</strong></span> <span class='ocrx_word' id='word_1_280' title='bbox 987 3781 1159 3850; x_wconf 82' lang='lat' dir='ltr'><strong>triousimo.</strong></span> 
     </span>
    </p>
   </div>
   <div class='ocr_carea' id='block_1_10' title="bbox 367 3977 1378 4047">
    <p class='ocr_par' dir='ltr' id='par_1_10' title="bbox 367 3977 1378 4047">
     <span class='ocr_line' id='line_1_33' title="bbox 367 3977 1378 4047; baseline -0.003 -10"><span class='ocrx_word' id='word_1_281' title='bbox 367 3981 420 4041; x_wconf 78' lang='lat' dir='ltr'><strong>(Aa</strong></span> <span class='ocrx_word' id='word_1_282' title='bbox 439 3981 547 4036; x_wconf 76' lang='lat' dir='ltr'><strong>enodati</strong></span> <span class='ocrx_word' id='word_1_283' title='bbox 565 3981 635 4036; x_wconf 65' lang='lat' dir='ltr'><strong>ulau</strong></span> <span class='ocrx_word' id='word_1_284' title='bbox 652 3981 752 4034; x_wconf 84' lang='lat' dir='ltr'><strong>Knauz</strong></span> <span class='ocrx_word' id='word_1_285' title='bbox 771 3979 887 4034; x_wconf 71' lang='lat' dir='ltr'><strong>Ntndor</strong></span> <span class='ocrx_word' id='word_1_286' title='bbox 905 3981 1025 4047; x_wconf 72' lang='lat' dir='ltr'><strong>uagyar</strong></span> <span class='ocrx_word' id='word_1_287' title='bbox 1044 3977 1112 4032; x_wconf 76' lang='lat' dir='ltr'><strong>Eion</strong></span> <span class='ocrx_word' id='word_1_288' title='bbox 1129 3979 1168 4032; x_wconf 92' lang='lat'><strong>11.</strong></span> <span class='ocrx_word' id='word_1_289' title='bbox 1187 3980 1246 4032; x_wconf 81' lang='lat' dir='ltr'><strong>kdt.</strong></span> <span class='ocrx_word' id='word_1_290' title='bbox 1266 3983 1328 4031; x_wconf 73' lang='lat'>³73.</span> <span class='ocrx_word' id='word_1_291' title='bbox 1347 3980 1378 4043; x_wconf 84' lang='lat' dir='ltr'><strong>l.)</strong></span> 
     </span>
    </p>
   </div>
   <div class='ocr_carea' id='block_1_11' title="bbox 0 0 1546 5128">
    <p class='ocr_par' dir='ltr' id='par_1_11' title="bbox 0 0 1546 5128">
     <span class='ocr_line' id='line_1_34' title="bbox 0 0 1546 5128; baseline 0 0"><span class='ocrx_word' id='word_1_292' title='bbox 0 0 1546 5128; x_wconf 95' lang='lat' dir='ltr'><strong> </strong></span> 
     </span>
    </p>
   </div>
  </div>
 </body>
</html>
