3078 5128
730 385 734 394 ·
786 324 945 421 ,so-

161 513 164 518 ’
299 523 334 583 et
352 517 527 586 Commune
542 517 696 586 Dalmisii
715 517 845 586 uenient
861 519 1079 603 personaliter
1093 517 1152 584 vei
1169 517 1296 586 mittent
1306 537 1437 604 compe-
1533 545 1534 584 r

306 631 409 692 tentes
422 626 553 692 nuntios
569 622 613 690 ad
628 623 810 692 Stummum
827 625 870 690 ad
886 631 1071 692 straneeum
1089 623 1210 690 facturi
1227 623 1386 693 rationem
1403 633 1436 690 ct

303 733 433 801 anobis
452 733 612 818 recepturi
630 732 872 816 quintodecimo
889 731 943 798 die
959 738 1034 816 post
1049 731 1191 816 'primum
1207 730 1327 800 festum
1352 730 1432 800 San·
1533 727 1534 798 i

303 841 347 908 oti
364 839 523 925 Gregorii.
548 845 701 910 Preterea
717 840 862 909 Oumitns
888 840 1030 924 sagittee
1046 839 1266 918 Ghndleuuus‚
1292 847 1326 906 et
1357 860 1434 908 nan·

301 949 390 1017 clarii
407 957 438 1016 et
453 949 511 1016 alii
529 949 677 1030 meliores
693 959 725 1015 et
742 949 852 1033 plures
869 948 911 1014 de
927 945 1003 1032 ipsa
1030 949 1174 1033 sagittoa
1191 969 1250 1033 per
1275 948 1433 1032 graciam,
1533 985 1534 998 κ

302 1077 368 1140 qua
383 1076 443 1123 nos
458 1053 574 1124 Comes
589 1054 725 1138 Rugusii
742 1062 776 1121 et
791 1055 967 1121 Commune
992 1054 1127 1139 Ragusii
1153 1053 1336 1122 dimisimus
1368 1075 1433 1139 cos,

305 1165 495 1232 iuraverunt
510 1163 634 1230 firmam
652 1181 765 1248 pacem
781 1167 814 1231 et
830 1160 1036 1230 concordiam
1052 1169 1266 1229 manutenere
1282 1164 1435 1230 omnibus
1533 1189 1534 1216 1

308 1272 491 1340 homiuibus
507 1270 643 1356 ngnsii
659 1290 762 1355 usque
778 1269 821 1335 ad
836 1270 958 1338 dictum
976 1277 1152 1340 stauocum.
1193 1271 1234 1336 ut
1249 1273 1279 1338 si
1311 1269 1434 1338 dietum
1533 1303 1534 1310 κ

304 1387 470 1446 staneoum
486 1398 551 1444 non
567 1377 674 1464 fucrit,
690 1377 835 1462 predicta
852 1397 917 1464 pax
933 1377 966 1444 in
984 1385 1179 1465 perpetuum
1194 1377 1239 1444 sit
1255 1377 1359 1444 firma.
1393 1379 1434 1444 lit
1533 1387 1534 1390 ’

303 1505 393 1572 pars,
411 1505 473 1570 que
489 1485 532 1551 ad
550 1483 670 1551 dietum
686 1491 854 1552 staneenm
870 1505 934 1551 non
951 1484 1088 1566 uenerit,
1104 1484 1221 1570 perdat
1236 1484 1325 1568 quod
1335 1483 1435 1551 habet
1499 1468 1502 1474 ⁴
1533 1509 1534 1562 j

303 1591 348 1660 ad
364 1591 572 1675 querendum,
589 1598 622 1660 ct
637 1593 704 1658 alia
720 1613 798 1677 pars
815 1613 879 1658 non
896 1592 1013 1678 perdat
1029 1611 1121 1658 suam
1153 1591 1321 1659 rationem.
1363 1592 1432 1662 Hec

305 1705 414 1768 autem
430 1707 519 1768 carta
536 1699 625 1767 nullo
641 1697 824 1768 testimonio
840 1701 946 1786 rumpi
963 1700 1077 1786 possit.
1117 1699 1173 1766 Hii
1203 1707 1280 1767 sunt
1311 1708 1431 1767 testes:
1533 1785 1534 1798 ἵ

310 1807 446 1874 Binnola
476 1807 623 1894 Bobatie,
657 1807 822 1875 Grubessa
854 1807 1017 1894 Gundule,
1057 1805 1236 1876 Gemusius
1268 1807 1435 1895 Naymeri,
1533 1891 1534 1896 Ἰ

307 1915 414 1983 durati
430 1914 571 1982 Judiceu
610 1915 651 1980 ut
666 1934 728 1999 ego
743 1915 902 2001 Pauculis,
920 1920 953 1984 et
968 1913 1154 1983 Communis
1170 1915 1327 1984 Notarius
1342 1914 1435 1982 Juru-

309 2029 371 2106 tus,
387 2021 524 2107 scriptor
540 2042 612 2090 sum
628 2029 660 2089 et
678 2023 783 2090 testis.
1533 2017 1534 2026 '

398 2220 540 2282 (Eredetie
558 2216 741 2284 borhtrtyam
761 2234 778 2270 a
797 2219 872 2271 becci
891 2220 1013 2273 massari
1034 2222 1121 2273 titkos
1140 2219 1339 2283 levtltdrban.)

836 3036 912 3106 215.

309 3237 366 3306 IV.
382 3240 466 3306 Boio
481 3240 594 3325 kirrily
612 3236 813 3304 birtokosereit
837 3239 925 3324 copy
957 3237 1083 3322 ratpoto
1113 3236 1258 3302 Kdimdrr
1289 3241 1440 3323 parturus·

304 3341 305 3344 ¹
461 3346 572 3434 kirtly
588 3349 620 3412 es
634 3345 779 3433 Drupan
796 3343 1081 3430 Bayletdduulcflu
1096 3343 1177 3409 ko'zt.
1194 3341 1293 3410 1239.

418 3543 497 3608 Bela
513 3543 576 3608 Dei
593 3539 704 3626 gracia
736 3573 1438 3598 ------------

310 3759 451 3828 salutem
466 3757 500 3822 in
522 3793 844 3808 ------
865 3755 1048 3843 peruenire,
1065 3754 1153 3838 quod
1169 3756 1357 3825 carissimus
1373 3756 1438 3824 ira·

310 3876 361 3936 ter
376 3870 485 3932 noster
500 3865 570 3930 Rex
585 3863 779 3931 Oolomunna
795 3870 828 3930 et
842 3864 918 3930 Dux
933 3863 1036 3930 tocius
1051 3862 1225 3930 Solanonie
1236 3865 1333 3932 nobis
1343 3861 1439 3948 signi·

313 3973 434 4059 fioauit,
451 3971 539 4056 quod
554 3991 627 4039 cum
642 3979 730 4038 terra
747 3969 895 4056 Drugoni
926 3968 982 4055 filij
1016 3969 1180 4058 Bayletha
1212 3977 1299 4038 esset
1329 3969 1440 4039 uicina

313 4080 446 4150 cuidam
462 4079 577 4165 predio
594 4099 652 4148 suo
668 4079 801 4147 nomine
831 4077 1031 4165 Wcrewche,
1064 4075 1271 4146 considerata
1302 4077 1439 4146 utilitate

310 4189 416 4272 ipsius
432 4195 517 4255 terre
533 4193 565 4253 et
581 4186 754 4254 uicinitate
771 4185 908 4252 eandem
923 4184 988 4252 sibi
1003 4183 1048 4251 ad
1058 4183 1207 4272 predium
1218 4183 1438 4270 supradictum
1533 4175 1534 4178 '

312 4295 473 4382 recipiens
488 4293 575 4362 dioto
592 4295 750 4379 Drngano
765 4313 824 4380 pro
839 4293 1029 4361 concambio
1046 4299 1129 4361 terre
1154 4291 1242 4360 iilius
1266 4293 1434 4378 quandam

312 4413 433 4473 terram
449 4401 548 4471 castri
564 4401 782 4488 Symigiensis
797 4401 927 4469 nomine
943 4399 1137 4486 Toplieham
1151 4401 1188 4476 ,in
1213 4399 1312 4468 (iaris
1343 4401 1440 4468 certis
1533 4437 1534 4444 κ

314 4511 409 4582 metis
424 4507 610 4577 distinctam
626 4508 756 4576 iecisset
772 4509 949 4594 assignari.
975 4507 1075 4576 Cuius
1091 4516 1177 4577 terre
1194 4511 1288 4594 mete,
1303 4508 1390 4575 sieut
1404 4509 1439 4575 in
1533 4515 1534 4560 ἰ

314 4617 434 4686 litteris
450 4615 594 4683 eiusdem
611 4615 722 4685 fratris
738 4615 843 4685 nostri
872 4617 1089 4704 percepimus,
1121 4618 1156 4684 in
1187 4613 1273 4683 huno
1291 4612 1440 4702 {modum
1533 4621 1534 4684 ἒ
