3078 5128
576 259 738 359 Q

103 461 176 546 miri,
191 458 323 525 Juratus
338 457 448 525 Jndex
463 455 613 543 Ragusii,
630 455 733 542 teatin.
756 455 826 540 Ego
842 453 977 521 Binzola
996 455 1143 538 Robalio,
1161 453 1214 522 Ju-

101 575 181 634 ratus
203 565 309 632 Judex
325 563 475 649 Ragusii,
491 563 592 630 testis.
617 564 687 648 Ego
703 561 852 628 Andreas
869 561 1056 644 Ballialave‚
1082 564 1217 631 Juratus

101 674 198 742 ludex
222 673 370 756 Ragonii,
401 671 492 739 lestis
519 680 551 737 et
574 670 692 740 missus
708 669 858 737 Civitatis
885 671 1029 754 Raguoii,
1057 670 1111 753 qui
1138 669 1221 738 iuler

99 789 246 864 utrasque
263 781 414 846 civitates
430 781 463 846 in
481 779 629 847 omnibus
644 778 697 845 his
714 777 852 846 interfui.

195 889 264 971 Ego
292 888 409 955 Petrus
434 887 580 954 Pascalis
601 887 718 972 Zonvs,
731 887 883 952 Notarius
899 883 1032 952 Joratus
1059 883 1212 952 Civitatis

96 997 229 1083 Ragusii,
254 1015 390 1082 presens
415 996 459 1061 ad
483 997 543 1062 heo
567 997 676 1062 omnia
699 995 842 1081 interlui,
859 1002 891 1061 et
916 993 957 1062 de
982 996 1150 1062 voluntate
1177 1003 1209 1060 et

98 1105 239 1171 mandato
264 1113 297 1170 et
312 1103 503 1170 laudatione
519 1103 737 1188 predictorum
757 1102 985 1169 vicecomitum
1002 1109 1033 1168 et
1050 1101 1210 1170 Consilia·

98 1211 205 1278 riormn
222 1217 253 1278 ot
268 1209 420 1278 Judioum
438 1219 470 1276 ot
496 1216 764 1294 oongregatorum
790 1209 832 1277 ad
850 1209 1028 1277 Consilium
1047 1217 1079 1276 et
1095 1209 1137 1274 ad
1155 1207 1213 1276 Ou-

100 1319 171 1385 riam
186 1319 276 1386 teatio
294 1339 376 1406 num,
394 1319 594 1406 propriaque
619 1339 717 1385 manu
733 1315 893 1401 complevi
910 1326 941 1382 et
961 1318 1123 1400 roboravi,
1139 1316 1214 1384 soli·

99 1435 183 1512 toque
215 1429 345 1513 proprio
371 1429 464 1512 siguo
487 1427 627 1513 signavi,
653 1431 684 1494 et
699 1427 808 1514 sigillo
843 1423 1028 1493 Communia
1067 1423 1216 1492 Civitatis

99 1535 222 1618 Ragunii
238 1535 445 1604 communivi.

181 1735 321 1798 (hedone
340 1733 525 1801 borhlrtyam
545 1749 562 1786 a
580 1732 656 1786 blasi
675 1731 797 1785 manuari
815 1731 904 1783 titkor
923 1731 1118 1799 levlltarban.)

517 2020 784 2034 m

615 2563 688 2635 roo.
759 2656 760 2660 Ν

100 2767 228 2834 lia‘lmdo
244 2765 393 2834 numism
417 2769 514 2835 odron
528 2765 654 2852 siluole
679 2769 710 2831 6⁸
734 2785 927 2850 uqyauaron
957 2768 1052 2829 odron
1081 2766 1209 2849 lc'o'are‘yo

267 2871 560 2960 bekeoaeyelfoyad
575 2871 715 2960 Ruqoza
730 2874 901 2938 odroanak.
928 2873 1026 2938 1235.

190 3073 226 3139 ln
253 3071 373 3139 Christi
385 3074 527 3139 nomine.
553 3073 646 3138 Anno
663 3071 794 3138 Domini
819 3057 990 3140 millesimo
1017 3069 1208 3137 ccxxxv.

97 3184 204 3250 nonnis
218 3183 327 3251 Martii
344 3179 447 3250 XVII.
464 3182 525 3250 die.
543 3183 613 3267 Ego
629 3183 825 3249 Colomanus
842 3183 956 3250 (lomes
971 3181 1123 3249 Dalminii
1144 3200 1209 3247 uua

100 3307 158 3356 oum
183 3291 262 3358 meis
288 3291 539 3374 consanguineis
556 3297 587 3357 et
610 3291 841 3377 parentibuaet
857 3311 929 3358 oum
944 3295 1011 3356 toto
1037 3288 1208 3356 Communi

99 3395 236 3465 Dulminii
261 3397 334 3464 iuro
360 3397 403 3464 ad
419 3398 520 3464 Saura
540 3397 602 3466 Dei
628 3401 809 3483 Evangelia
836 3401 869 3465 in
894 3399 1060 3484 presentia
1086 3395 1208 3465 domini

95 3501 166 3570 Petri
196 3505 363 3572 Balislave
388 3503 593 3573 Vioeoomitis
620 3513 652 3572 et
676 3506 798 3573 domiui
822 3507 980 3574 Bubaune
1006 3512 1037 3570 et
1063 3504 1200 3572 aliorum

95 3611 289 3694 plurimorum
310 3611 462 3680 nobilium
479 3615 714 3698 Raguneorum‚
731 3614 785 3699 qui
811 3622 886 3682 luno
902 3613 1057 3700 temporis
1073 3613 1106 3679 in
1124 3613 1203 3680 Dal·

94 3719 176 3788 nisio
203 3722 335 3788 fuerunt
359 3742 430 3787 oum
458 3722 556 3805 lignis
581 3723 658 3807 auis,
686 3733 798 3791 lenone
826 3729 858 3789 at
883 3725 1059 3792 observare
1084 3723 1208 3790 firmam

93 3845 192 3909 paoem
209 3837 241 3897 et
256 3838 447 3917 perpetuam
466 3849 538 3896 oum
554 3829 693 3899 Ciuitate
702 3832 848 3917 Bagoam,
867 3833 899 3898 in
916 3833 1053 3917 antiqua
1066 3853 1199 3900 consuo·

93 3935 191 4003 tudine
231 3939 362 4005 salvaro
389 3945 421 4004 et
449 3939 611 4006 eustodire
637 3961 748 4008 omnes
767 3943 934 4024 Raguneoo
963 3941 1141 4009 inlabere
1168 3948 1201 4008 et

93 4047 225 4125 personis
242 4047 314 4112 sine
330 4046 446 4114 fraude
462 4055 494 4114 et
510 4049 597 4114 malo
613 4049 752 4134 ingenio.

184 4151 238 4219 Hii
255 4161 332 4218 nunt
348 4153 445 4219 iurati
457 4154 546 4238 :Ego
564 4153 679 4223 (lomes
691 4157 894 4244 Golomauuu,
918 4157 1129 4244 Pribialavm,
1148 4161 1206 4226 Oa·

93 4255 261 4346 limmanus,
278 4258 373 4338 Osor,
399 4262 594 4349 Negoslaus,
630 4264 812 4348 Strieslaus,
829 4267 985 4334 Nicoluus
1017 4267 1204 4356 Uhodimiri‚

94 4361 231 4433 llioolaun
247 4368 365 4458 Beloit,
383 4369 464 4436 Bela
481 4369 522 4438 de
538 4371 669 4452 volme,
695 4374 874 4442 Radoalnuo
891 4376 932 4441 de
948 4374 1075 4460 Sleooo,
1102 4377 1205 4444 Jesda

95 4487 151 4536 omn
174 4475 283 4559 fratre,
308 4477 419 4542 Rados
437 4475 477 4542 do
496 4479 662 4561 Boodanit‚
679 4481 846 4550 Prodauun
874 4483 915 4549 do
942 4484 1105 4570 Dracauo,
1121 4485 1204 4551 Dra·

98 4577 213 4660 goslaua
230 4582 326 4670 Spoe,
342 4583 536 4653 Brutoslaus
553 4607 623 4656 oum
641 4590 751 4676 fratre,
769 4590 926 4660 Radovau
944 4593 984 4664 de
1001 4589 1114 4680 omar,
1131 4593 1204 4661 Vel.
