3150 5162
883 962 957 1032 308.

355 1159 394 1229 Α.
417 1163 517 1228 bodot'
540 1163 671 1254 pre‘post
696 1164 799 1248 citirjo
831 1159 891 1228 JV.
923 1163 1009 1230 Be'tn
1039 1163 1218 1250 kirdlyoolr
1249 1164 1349 1231 Neinu
1377 1185 1470 1230 eomes

354 1271 584 1338 iute'zkedo'so're
599 1272 768 1336 oonotkozo
783 1271 860 1336 303.
875 1291 919 1336 oz.
937 1295 967 1336 o.
983 1276 1165 1358 steperttsr'tb'
1182 1274 1360 1362 okmdnpdt.
1376 1274 1468 1338 1257.

462 1463 632 1534 Uniuersis
648 1465 769 1533 Christi
787 1465 947 1550 fidelibus,
974 1468 1017 1534 ud
1048 1487 1128 1550 quos
1158 1487 1290 1556 presens
1321 1471 1467 1554 seriptum

353 1575 547 1660 peruenerit,
558 1575 714 1657 Magister
729 1575 768 1641 A.
786 1573 906 1642 Diuina
923 1575 1135 1642 miseracione
1151 1573 1338 1661 Propositus
1348 1575 1465 1644 Buden-

352 1682 397 1747 sis
414 1683 550 1747 salutem
569 1681 603 1746 in
619 1681 760 1748 Domino
776 1683 1020 1765 sempiternam.
1061 1682 1275 1750 Vniuersitsti
1300 1693 1401 1750 vestre
1415 1703 1466 1748 no·

351 1796 419 1854 tum
435 1787 572 1853 faoimus'
589 1809 647 1872 per
664 1793 839 1876 presentes,
856 1789 942 1874 quod
958 1809 1017 1857 nos
1034 1789 1075 1854 de
1091 1790 1258 1858 voluntate
1274 1788 1360 1858 etde
1382 1811 1464 1856 mun-

351 1895 427 1962 tato
443 1895 565 1960 domini
580 1895 660 1962 Belo
676 1895 811 1962 illustris
827 1897 927 1978 Regis
945 1897 1086 1982 Vngarie
1102 1905 1291 1981 procurator
1306 1907 1338 1964 et
1366 1902 1463 1983 putro-

352 2025 413 2070 nos
430 2003 574 2070 Ecclesie
589 2002 709 2069 Sancte
725 2003 825 2070 Mario
841 2003 882 2069 de
898 2003 1011 2069 Insula
1042 2002 1248 2086 constitutus,
1280 2005 1461 2089 recepimus,

351 2112 489 2197 legimus
506 2112 712 2196 priuilegium
729 2112 825 2178 Naue
842 2109 976 2178 Comitis
992 2109 1166 2194 diligenter
1176 2119 1208 2178 et
1217 2112 1365 2200 fideliter,
1374 2130 1463 2196 super

352 2219 620 2305 possessionibus,
652 2237 735 2302 quas
751 2217 895 2306 predicte
925 2217 1070 2285 Eoolesio
1101 2218 1142 2284 de
1173 2219 1339 2286 uoluntate
1368 2216 1463 2284 etde

351 2325 489 2392 lieenoia
506 2325 629 2392 domini
646 2325 745 2410 Regis
762 2325 898 2390 eontulit
913 2326 974 2390 sub
990 2322 1053 2389 bae
1069 2323 1189 2390 forma:

458 2433 539 2498 Beier
556 2433 615 2498 Dei
632 2433 745 2516 gnosiu
761 2431 927 2516 Hungurie
943 2433 1003 2498 stb.
1022 2433 1091 2498 Rex
1107 2431 1170 2498 stb.
1188 2429 1396 2519 (kbvetkssik
1410 2430 1458 2497 lv.
1547 2463 1548 2488 2

350 2539 431 2604 Belo
446 2539 625 2625 kirtlynak
645 2539 781 2610 lust-ki
799 2539 974 2626 okmbnya,
992 2539 1073 2606 mint
1089 2539 1236 2624 Fejbrnel
1269 2539 1347 2608 ooo.
1377 2539 1459 2624 Dipl.

349 2645 404 2710 IV.
423 2644 491 2711 not.
511 2649 539 2712 1.
557 2667 580 2714 r.
597 2649 674 2716 418.
691 2645 726 2734 Ι.)

456 2753 506 2818 Ne
521 2753 621 2837 igitur
637 2753 786 2820 dubietas
803 2759 835 2818 et
852 2751 1050 2838 ambiguitas
1076 2773 1177 2837 super
1201 2755 1405 2821 eontinenois
1432 2756 1462 2816 et
1546 2747 1547 2817 t

348 2863 458 2926 tenore
474 2859 552 2927 dieti
570 2857 732 2945 priuilegij
751 2861 855 2946 possit
872 2860 959 2944 oriri,
992 2861 1108 2928 seriem
1124 2861 1286 2946 priuilegij
1305 2882 1361 2948 per
1384 2859 1460 2928 ordi-

348 2987 422 3032 nem
440 2967 481 3033 de
498 2967 597 3035 uerbo
613 2966 657 3035 ad
674 2968 807 3034 uerbum
825 2965 961 3036 fecimus
977 2971 1127 3036 annotari
1158 2975 1191 3038 et
1221 2969 1329 3053 sigilio
1360 2976 1460 3036 nostro
1545 3023 1546 3048 p

349 3075 511 3143 autentico
528 3075 682 3144 roborari.

346 3273 486 3336 (Eredetie
504 3273 678 3337 bttrbsirtpitn
697 3271 934 3339 trsrtyazsinegen
953 3276 1042 3341 suiggti
1074 3275 1170 3340 pecset
1189 3275 1269 3340 slatt,
1283 3291 1300 3326 a
1317 3274 1399 3326 budsi
1411 3273 1458 3324 kir.
1544 3321 1545 3324 ,

346 3364 473 3416 karnursi
493 3363 675 3414 levelte'srban.
715 3365 749 3432 Y.
775 3367 800 3414 ὅ.
826 3365 909 3429 Fejtr
940 3363 1247 3429 cou.1)ip1.1v.uos.
1270 3365 1458 3426 nsunt.)
1544 3361 1545 3455 i
