3208 5158
668 395 830 498 Q

182 587 234 678 do,
265 593 376 660 tamen
406 589 542 660 humilia
582 593 723 680 respicit,
757 615 778 662 a
809 595 877 665 suis
902 596 1055 667 oneribus
1096 601 1312 672 sublevando.

179 699 322 767 Proinde
351 699 395 770 ad
425 703 649 770 universorum
690 703 844 772 noticiam
875 711 943 772 tam
974 708 1177 793 presencium
1209 731 1308 796 quam

180 809 360 876 futurorum
376 810 492 877 harum
508 810 594 878 serie
608 811 759 880 volumus
772 813 943 900 peruenire
960 840 968 880 ε
985 815 1072 900 quod
1098 837 1170 885 cum
1197 821 1312 906 populi

180 917 378 985 venerabilis
402 918 504 1002 patris
530 917 704 1007 Thymotci
729 921 883 1008 Episcopi
906 923 1140 1007 Zegrabiensis
1156 925 1192 994 in
1208 927 1314 996 Comi·

180 1032 252 1093 tatu
268 1025 309 1094 dc
324 1026 431 1094 Vrbaz
448 1027 629 1096 existentes
648 1049 707 1115 per
738 1031 906 1100 continuos
936 1030 1113 1100 descensus
1143 1037 1310 1106 Beronum

179 1141 376 1223 nostrorum,
394 1140 494 1219 otper
510 1134 667 1203 Comitem
683 1137 724 1204 de
741 1138 858 1223 Vrbaz,
874 1161 913 1208 ac
928 1160 986 1226 per
1003 1140 1149 1210 Coriolos
1166 1141 1310 1214 Comites

180 1243 339 1332 eiusdem,
369 1243 423 1328 qui
455 1242 546 1312 sucre
578 1265 637 1330 pro
678 1252 836 1334 tempore,
868 1267 904 1316 se
935 1255 1175 1335 conquerentur
1212 1251 1313 1321 fuisse

182 1351 359 1438 plurimum
390 1357 587 1437 aggravatos
601 1377 609 1439 ς
632 1373 692 1422 nos
724 1354 780 1438 qui
811 1357 977 1426 Ecclesiae
994 1358 1055 1428 Dei
1072 1359 1162 1426 etad
1178 1358 1311 1428 easdem

179 1469 370 1548 spectantes
385 1469 554 1548 protegere
577 1465 806 1532 consuevimus
837 1473 869 1534 ct
899 1467 1017 1546 lovere,
1049 1487 1091 1536 nc
1121 1468 1156 1534 in
1188 1467 1314 1537 eisdem

177 1569 302 1638 Divino
332 1571 441 1640 laudis
468 1592 591 1657 organa
612 1574 862 1660 suspendentur,
880 1574 939 1642 sed
955 1576 1066 1644 Divini
1084 1577 1192 1646 cultus
1208 1579 1311 1646 nomi-

178 1679 233 1746 nis
264 1679 449 1764 amplietur,
480 1682 526 1749 ed
555 1681 752 1750 instanciam
784 1685 983 1752 venerabilis
1012 1685 1115 1772 patris
1146 1685 1308 1772 Tymotei,

177 1786 395 1856 miseracione
424 1788 546 1856 Divina
578 1791 735 1876 Episcopi
766 1791 1007 1880 Zagrabicnsis,
1026 1789 1138 1861 dilecti
1154 1798 1187 1862 et
1202 1793 1309 1861 fidelis

177 1896 291 1978 nostri,
323 1896 387 1963 iam
405 1895 501 1966 dictis
517 1898 649 1986 populis
665 1903 698 1966 ct
713 1899 942 1985 iobagionibus
963 1901 1032 1969 suis
1048 1901 1147 1968 talem
1163 1901 1309 1986 greciam

177 2010 213 2072 et
230 2004 487 2073 misericordiam
512 2004 664 2073 duximus
685 2006 871 2074 faciendam
889 2032 897 2074 ε
915 2007 998 2092 quod
1019 2008 1126 2076 nullus
1141 2009 1310 2077 Beronum

175 2119 361 2181 nostrornm
378 2113 569 2182 descensum
586 2134 684 2201 super
700 2115 830 2182 eosdem
846 2121 1034 2202 presumant
1057 2115 1167 2184 facere
1183 2116 1305 2185 violen-

176 2230 258 2310 tum,
275 2229 307 2290 et
317 2229 351 2289 ut
365 2221 505 2290 seruicia
520 2243 581 2290 sua
591 2221 656 2290 iam
673 2223 758 2290 dicto
776 2223 953 2292 venerabili
967 2223 1055 2310 petri
1071 2223 1190 2310 debita,
1207 2224 1305 2292 iidem

176 2331 294 2419 populi
314 2337 347 2400 ct
379 2331 570 2417 iobagiones
602 2331 733 2400 facilius
765 2332 954 2419 impendere
985 2333 1126 2419 valeant,
1158 2333 1201 2400 dc
1231 2332 1307 2399 aliis

176 2437 425 2526 fferaminibus
449 2438 601 2526 expediti,
632 2440 673 2506 dc
688 2441 800 2526 gracia
825 2441 1042 2508 concessimus
1058 2439 1203 2527 speciali,
1220 2437 1305 2526 quod

177 2548 321 2616 Comites
345 2547 387 2615 de
409 2547 526 2635 Vrbaz,
557 2546 610 2615 vel
627 2547 775 2618 Ceriales
792 2547 933 2617 Comites
952 2548 1108 2638 ciusdem,
1139 2571 1198 2636 pro
1228 2555 1306 2618 tem·

174 2675 257 2744 pore
272 2655 451 2742 constituti,
482 2656 517 2722 in
548 2654 616 2724 ullo
649 2677 726 2724 casu
743 2655 874 2725 eosdem
892 2656 1025 2725 ualeant
1040 2657 1198 2742 iudicare,
1212 2665 1309 2745 prout

176 2766 314 2834 libertas
345 2765 483 2832 aliorum
514 2764 710 2849 populorum
741 2763 885 2832 eiusdem
924 2765 1123 2834 uenerabilis
1153 2769 1258 2853 petris
1273 2765 1308 2835 id

173 2873 323 2962 requirit,
357 2891 430 2939 cum
460 2871 550 2957 ipsos
582 2870 741 2940 aiudicio
766 2871 973 2940 Perochialis
1002 2873 1138 2942 Comitis
1169 2875 1303 2943 omnino

175 2982 359 3050 eximentes
375 2986 484 3047 nostro
500 2987 533 3046 et
550 2977 693 3047 eiusdem
709 2979 862 3067 Episcopi
888 2979 1009 3046 indicio
1034 2978 1223 3050 duxerimus
1248 3003 1308 3067 per

175 3089 289 3158 omnia
320 3087 555 3172 reservandos,
580 3088 627 3154 ita
657 3085 819 3175 videlicet,
852 3085 981 3170 quodsi
997 3085 1104 3154 dictus
1123 3087 1308 3176 Episcopus

174 3200 213 3266 iu
238 3196 406 3265 reddenda
434 3195 564 3264 iusticia
594 3195 839 3280 querelantibus
872 3199 983 3262 contra
1015 3195 1105 3280 ipsos
1130 3195 1305 3281 negligens

173 3307 275 3374 tuerit
303 3323 344 3372 ec
375 3304 539 3388 remissus,
571 3311 689 3372 extunc
721 3303 805 3370 idem
838 3305 1032 3390 Episcopus,
1060 3310 1175 3373 etnon
1190 3307 1306 3392 populi

174 3437 239 3484 neo
255 3414 449 3500 iobagiones
465 3414 517 3481 sui
537 3411 731 3500 supradicti,
757 3410 802 3478 ed
827 3419 973 3480 nostram
998 3411 1150 3480 citabitur
1175 3433 1308 3500 presen-

174 3523 262 3592 ciam
280 3520 323 3588 ad
341 3521 511 3589 terminum
526 3527 769 3604 competentem.
787 3517 833 3586 Ut
847 3519 946 3606 igitur
960 3520 1022 3588 hec
1038 3527 1150 3588 nostre
1176 3541 1307 3591 conces·

174 3632 280 3701 sionis
312 3631 414 3698 serios
442 3631 539 3698 robur
571 3629 716 3696 obtineat
756 3635 911 3716 perpetue
951 3629 1125 3715 firmitatis,
1156 3651 1217 3698 nec
1246 3651 1307 3716 per

173 3740 361 3826 quempiam
378 3755 530 3824 processu
547 3742 726 3822 temporum
742 3736 913 3802 retractari
931 3737 1041 3804 valcat
1058 3743 1114 3804 aut
1125 3737 1158 3804 in
1174 3738 1306 3807 irritum

175 3846 404 3936 quoquomodo
419 3843 575 3931 revocari,
591 3849 758 3930 presentes
774 3845 993 3912 concessimus
1018 3845 1141 3913 litteras
1166 3844 1307 3930 duplicis

173 3955 279 4040 sigilli
295 3955 399 4023 nostri
415 3951 591 4032 munimine
608 3955 788 4021 roboratas.
804 3954 924 4020 Datum
940 3973 997 4040 per
1012 3973 1130 4022 manus
1155 3954 1306 4040 Magistri

173 4063 335 4132 Demetrii
364 4061 527 4147 Prepositi
558 4059 721 4142 Albensis,
767 4059 843 4127 aule
884 4065 994 4128 nostre
1025 4061 1308 4152 vicecancellarii,

172 4171 287 4239 dilecti
303 4176 337 4238 et
352 4169 458 4238 fidelis
474 4169 576 4236 nostri
592 4187 679 4236 anno
697 4167 829 4235 Domini
845 4169 1053 4238 EOOLXIX.
1070 4172 1177 4256 Regni
1194 4177 1306 4239 autem

175 4279 279 4349 nostri
295 4299 384 4347 anno
399 4277 497 4344 XXX
513 4283 639 4360 quarto.
1005 4308 1008 4316 ·

259 4477 423 4545 (Tkalcsicq
443 4477 566 4528 Menum.
589 4476 653 4526 hist.
673 4476 765 4541 Episc.
784 4477 980 4544 Zagrebiensia
997 4479 1020 4530 Ι.
1040 4480 1100 4532 ket.
1123 4483 1182 4532 146.
1205 4481 1237 4548 l.)
