3078 5128
538 377 698 480 ce...

75 579 208 645 Preterea
224 580 389 663 quandam
406 587 531 664 partem
548 587 630 646 terre
655 578 704 644 illi
730 579 934 646 terminatam
967 598 1046 664 sepe
1077 577 1182 646 dictus

74 687 211 754 duellator
227 689 269 753 ab
285 687 367 772 ipsis
384 687 491 772 precio
509 687 721 773 comparauit.
761 689 803 754 Et
819 706 917 773 super
933 693 1068 772 utroque
1093 686 1180 754 facto

77 802 197 861 nostrum
210 797 368 862 inuocans
378 796 609 882 testinnonium,
623 796 770 882 prefatos
786 797 872 864 uiros
883 802 1003 888 ,nostra
1015 797 1132 864 statuit
1149 796 1182 860 in

76 923 206 986 persona.
229 903 372 982 Quorum
390 907 461 991 peri
487 903 688 971 confessione
714 925 772 972 nos
804 905 948 990 predicte
980 903 1029 970 rei
1061 905 1180 971 seriem

74 1019 278 1095 agnoscentes,
297 1012 458 1078 bominem
477 1021 631 1096 nostrum,
647 1013 751 1096 quiin
768 1014 946 1079 uicinorum
976 1011 1184 1080 consciencia

74 1119 218 1201 predictae
232 1127 340 1186 terras
359 1121 457 1186 certis
473 1129 630 1188 metarum
663 1120 859 1209 differencije
891 1121 1183 1206 circumscriberet,

74 1225 301 1294 destinauimus.
328 1228 438 1292 Prima
454 1228 553 1312 igitur
569 1237 656 1296 meta
672 1236 721 1296 est
736 1230 824 1314 apud
851 1226 1012 1312 quendam
1039 1229 1180 1295 riuutum

72 1334 116 1416 qui
131 1334 244 1401 dicitnr
261 1336 442 1422 Melnicha;
468 1357 564 1421 quem
581 1337 720 1404 naulum
737 1339 854 1404 transit
870 1337 935 1421 uia,
960 1357 982 1402 a
998 1337 1091 1404 cuiue
1109 1335 1182 1422 ripa

71 1461 125 1508 una
139 1451 184 1509 eet
199 1444 315 1530 malus,
333 1446 375 1509 ab
391 1443 499 1511 altera
514 1447 611 1512 arbor
626 1465 687 1530 qne
703 1443 890 1528 Hungarice
906 1446 1025 1511 dicitur
1042 1445 1161 1532 epurfc
1170 1469 1184 1528 ,-

72 1568 130 1614 cun
146 1550 257 1617 eadem
274 1553 332 1618 nia
348 1552 526 1636 procedens
543 1571 658 1619 uersus
675 1553 833 1620 orientem
850 1553 940 1621 uenit
956 1553 1001 1619 ad
1016 1552 1182 1635 quendam

72 1668 206 1743 nentem,
224 1659 335 1744 ibique
351 1661 498 1746 predicta
515 1663 570 1726 nia
587 1661 733 1745 iungitur
749 1682 821 1728 cum
839 1662 915 1748 alia,
931 1659 1094 1727 etibidem
1105 1669 1181 1728 eunt
1220 1727 1225 1740 ,

71 1765 121 1831 due
137 1773 215 1832 mete
230 1775 356 1851 terree;
381 1767 457 1834 inde
474 1769 643 1835 declinans
669 1788 783 1836 nereus
800 1771 988 1852 aquilonem
1018 1771 1109 1835 uenit
1141 1769 1183 1836 ad

69 1883 190 1940 montem
207 1873 378 1959 Jazonine,
394 1875 505 1959 ibique
521 1885 597 1943 suut
613 1875 676 1942 due
692 1883 777 1943 mete
792 1883 907 1960 terree,
923 1883 955 1942 et
969 1877 1077 1963 prima
1094 1885 1182 1944 meta

71 1983 234 2066 usquehuc
251 1982 361 2048 uicina
377 1989 427 2050 est
444 1989 532 2050 terra
550 1983 715 2051 (iuerdine
740 1983 799 2069 filij
826 1983 948 2050 Ladise
980 1991 1012 2050 et
1043 1985 1178 2050 fratrum

70 2089 143 2174 eius;
167 2098 243 2176 post
260 2090 346 2157 latus
363 2090 465 2176 ipsius
483 2091 601 2160 montis
617 2093 754 2159 tendens
771 2112 885 2160 uersus
910 2091 1066 2160 orientem
1092 2092 1183 2159 uenit

68 2196 102 2261 ad
117 2198 252 2264 rinulnm
272 2197 397 2285 Ribnio,
414 2198 503 2284 apud
520 2219 614 2282 quem
630 2201 769 2268 riuulnm
786 2208 836 2267 est
851 2199 923 2266 fons
941 2204 973 2265 et
1004 2199 1066 2265 due
1097 2207 1183 2267 mete

68 2311 173 2386 terree;
194 2304 276 2372 inde
293 2325 407 2372 uersus
423 2306 579 2372 orientem
595 2307 686 2372 uenit
711 2306 755 2372 ad
781 2312 932 2390 montem,
964 2305 1077 2390 ibique
1107 2313 1183 2373 sunt

68 2413 121 2479 duc
135 2421 217 2482 mete
233 2422 350 2500 terreo,
368 2414 403 2480 in
420 2415 538 2499 quibus
553 2423 602 2482 est
616 2436 774 2502 quercue;
791 2416 868 2483 inde
879 2417 1079 2485 descendeus
1091 2417 1182 2484 uenit

65 2519 239 2611 adpellem,
256 2527 291 2590 in
309 2544 374 2608 qua
389 2525 480 2592 ualle
496 2525 681 2608 proceditur
697 2525 741 2592 ad
758 2525 944 2614 Orapinam,
956 2533 988 2593 et
1005 2525 1181 2610 usquehuc

66 2640 196 2699 enonte
212 2631 270 2714 qni
287 2629 446 2698 Janouina
462 2631 590 2716 dicitnr,
622 2633 731 2701 uicina
747 2642 796 2701 eet
833 2642 919 2702 terra
944 2634 1054 2702 Turde
1079 2637 1181 2701 Comi-

66 2737 115 2822 tis5
137 2738 212 2805 inde
229 2761 325 2807 secus
343 2737 519 2825 Orapinam
538 2743 629 2809 uenit
652 2743 698 2809 ad
723 2741 842 2827 locum,
869 2742 926 2810 ubi
957 2743 1092 2832 nundus,
1125 2745 1181 2828 qui

64 2845 172 2914 riuulue
187 2849 310 2913 Riutne
324 2847 454 2934 dicitur,
471 2849 615 2932 iungitur
632 2870 702 2916 cum
731 2851 885 2937 Orapina,
920 2858 953 2916 et
983 2870 1086 2935 usque
1117 2852 1180 2918 buc

63 2955 133 3020 nitra
150 2955 325 3042 Oropinarn
342 2954 500 3022 uicinatur
516 2963 604 3024 terra
620 2959 695 3024 Elie
720 2965 752 3025 et
776 2961 910 3044 Cosme;
935 2967 968 3025 et
999 2980 1071 3025 eum
1103 2959 1179 3043 ipsa

62 3061 191 3148 Crapina
207 3064 298 3131 uenit
313 3063 356 3129 ad
373 3064 592 3132 molendinum
609 3069 799 3153 Domozlay,
816 3067 926 3150 ibique
951 3067 1035 3132 ultra
1066 3066 1177 3150 (trapi-

60 3191 121 3236 nan
137 3171 268 3242 accedit
283 3177 369 3238 terra
384 3172 587 3256 Hrasobine;
604 3174 679 3240 inde
695 3195 768 3241 curn
786 3175 926 3258 quodam
942 3173 1048 3239 riuulo
1060 3192 1175 3240 uersus

62 3279 250 3346 occidentem
269 3278 359 3344 uenit
374 3280 418 3344 ad
433 3287 585 3367 montem,
604 3289 635 3347 et
652 3281 699 3346 ibi
714 3281 805 3366 pirus
821 3289 870 3348 est
885 3301 943 3367 pro
969 3286 1075 3362 meta3
1101 3277 1178 3354 inde

60 3391 138 3454 uenit
154 3387 199 3455 ad
216 3395 316 3472 caput
332 3386 430 3473 riuulj
451 3387 506 3472 qui
521 3388 638 3454 Ribine
654 3389 782 3477 dicitur,
801 3399 834 3456 et
850 3410 922 3456 curn
938 3389 1051 3456 eodem
1068 3385 1174 3454 riuum

59 3499 135 3564 uenit
150 3497 196 3566 ad
212 3495 422 3582 Melnicbam,
439 3519 460 3564 a
477 3498 621 3583 Crapina
638 3506 746 3564 autem
773 3519 875 3583 usque
906 3497 951 3564 ad
981 3494 1177 3563 Melnicham

58 3606 156 3673 uicina
171 3613 225 3673 est
242 3611 330 3672 terra
346 3603 505 3672 Jobannis
520 3605 700 3692 supradicti
717 3612 748 3674 et
764 3606 900 3672 fratrum
926 3625 1077 3685 suorum;
1102 3605 1178 3670 iude

57 3712 135 3782 iuxta
150 3713 353 3782 Melnicbam
379 3733 492 3781 uersus
518 3714 703 3798 aquilonem
734 3712 937 3799 protenditur
967 3713 1010 3779 ad
1040 3714 1178 3798 primaru

56 3829 174 3887 metam.
199 3822 273 3887 Hoc
289 3820 392 3887 eciam
410 3819 589 3905 sciendum,
607 3821 695 3906 quod
711 3840 809 3906 snper
824 3827 962 3906 utraque
989 3827 1075 3886 terra
1100 3817 1177 3885 fide·

55 3927 224 3998 iussoriam
243 3930 431 3995 caucionem
448 3927 628 4014 prostiterit
643 3930 746 3996 Jacou
772 3927 859 3995 filius
891 3927 1032 4013 Martini,
1066 3925 1177 3992 Hrane

55 4035 129 4103 fitius
146 4037 189 4103 de
204 4038 326 4122 Ragos.
352 4035 395 4101 Et
410 4055 468 4102 noe
485 4036 529 4102 ad
544 4037 739 4122 peticionem
756 4036 923 4119 utriusque
956 4037 1059 4121 partis
1090 4035 1177 4102 testi·

54 4147 190 4212 nonium
208 4145 250 4210 de
266 4143 421 4230 predictis
438 4143 645 4230 perhibemus
671 4146 796 4211 duobus
829 4145 1011 4211 litterarum
1043 4142 1177 4236 paribus

52 4255 267 4336 perordinem
283 4251 575 4338 arrabetisignotie
592 4262 624 4320 et
641 4273 699 4340 per
724 4253 866 4320 medium
893 4251 1019 4338 diuisis,
1053 4251 1175 4316 factum

52 4362 194 4429 dedimus
211 4361 375 4446 annotari,
392 4367 428 4428 ut
444 4383 483 4427 ex
501 4359 682 4428 litterarum
707 4360 912 4428 conferenoia
943 4359 989 4424 rei
1021 4357 1176 4444 probacio

51 4471 146 4555 possit
185 4470 333 4557 reperiri.
372 4472 493 4536 Datum
531 4490 619 4537 anno
660 4467 984 4536 ΜῦΟΟῡΧΧΧῡΙΙΙΙο
1018 4463 1177 4530 existente

52 4577 196 4646 Secundo
220 4577 389 4664 Stephano
414 4577 626 4662 Zagrebiensi
656 4577 831 4664 Episcopo,
864 4575 995 4641 domiuo
1025 4569 1176 4656 Matthya

50 4685 223 4775 Preponito,
254 4687 414 4772 Magistro
453 4687 634 4771 Pongracio
673 4683 917 4753 Archidiacouo
957 4689 990 4749 et
1028 4680 1175 4765 Cantore,

152 4823 260 4865 rrouurr.
275 4822 359 4862 mirre.
375 4823 444 4862 uren.
463 4833 507 4850 ι·-
523 4824 595 4865 nuru
611 4823 655 4864 xx.
1026 4793 1067 4860 18
