3080 5146
856 309 921 370 aaa

314 502 422 570 eidem
441 502 569 570 domiuo
603 501 686 567 Duei
702 507 735 567 et
749 521 808 568 suo
833 499 976 568 Consilio
993 499 1166 586 placuerit,
1182 499 1229 565 ita
1247 497 1335 582 quod
1351 499 1452 566 iaotis

317 619 350 677 et
365 608 513 678 deductis
528 612 682 695 expensis
698 630 757 696 pro
771 611 843 694 ipso
859 609 989 693 negotio
1000 607 1081 676 solis
1092 609 1302 676 medietatem
1313 629 1451 694 preren·
1536 687 1537 698 2

318 727 380 806 tus,
398 717 546 786 introitus
563 725 595 785 et
610 717 689 784 luori
702 717 804 802 ipsius
814 715 892 783 salis
905 717 1027 784 habeat
1042 717 1219 783 Commune
1235 714 1447 784 Venetiarum

320 834 353 892 ot
368 825 469 892 aliam
486 827 695 893 medietatem
713 825 890 892 Commune
906 823 1016 890 Jadre.
1047 822 1222 890 Habebunt
1239 841 1383 905 namque
1400 823 1421 890 J
1424 843 1456 888 a·

319 933 439 999 drotini
456 933 521 1001 iam
537 932 626 1019 dieti,
641 933 697 1018 qui
714 933 861 999 exierunt
878 931 1052 998 Civitatem
1080 929 1182 996 Jarlre
1213 929 1336 1013 ubique
1368 950 1454 998 oom-
1536 999 1537 1006 χ

319 1049 494 1130 morantes,
518 1049 551 1108 et
582 1043 636 1126 qui
652 1045 880 1108 remanserunt
910 1039 945 1106 in
975 1039 1124 1121 Ciuitate,
1151 1039 1259 1123 ipsam
1276 1035 1454 1106 Civitatem

323 1147 422 1216 Jadre
463 1168 535 1216 oum
579 1147 786 1235 pertinentiis
817 1149 897 1232 suis,
931 1153 964 1212 et
994 1147 1145 1214 libertate
1176 1145 1323 1231 pristina,
1356 1168 1455 1232 quam

323 1257 489 1324 habebant
504 1257 538 1323 in
555 1257 806 1324 mereationibus
822 1263 856 1320 et
872 1255 975 1321 datiis
1007 1253 1120 1319 tamin
1137 1252 1285 1320 Venetiis
1304 1273 1405 1337 quam
1421 1256 1456 1321 in
1536 1303 1537 1344 t

321 1363 470 1432 omnibus
500 1365 574 1432 aliis
605 1365 763 1450 partibus,
794 1361 887 1430 salvo
913 1358 1160 1445 quodhomines
1185 1359 1404 1428 Venetiamm
1421 1369 1454 1428 et
1536 1409 1537 1442 3

322 1471 379 1538 alii
393 1491 472 1540 suas
489 1474 715 1556 possessiones
730 1471 853 1537 habere
864 1469 989 1553 integre
1004 1467 1144 1535 debeant
1159 1468 1192 1533 in
1210 1468 1316 1536 Jadra
1334 1475 1368 1534 et
1383 1469 1453 1536 eius
1536 1479 1537 1486 ’

326 1577 494 1664 Distriotn,
528 1587 561 1646 et
586 1599 699 1646 omnes
729 1579 873 1645 rationes
888 1596 964 1644 suas
979 1575 1024 1643 ad
1039 1574 1109 1644 heo.
1125 1575 1179 1642 Ad
1194 1575 1456 1644 satisfactionem
1536 1589 1537 1656 l

326 1684 539 1770 dampnorum
570 1693 602 1754 et
633 1686 825 1754 iniuriarum
857 1685 962 1771 primo
993 1683 1086 1750 iuxta
1116 1683 1308 1751 electionem
1330 1683 1457 1751 domini
1536 1713 1537 1782 ᾗ

323 1789 425 1859 Duois
440 1795 557 1878 suique
590 1793 729 1862 Consilii
759 1792 944 1878 quiudeoim
974 1789 1134 1859 Jadretini
1162 1790 1297 1879 deillis,
1314 1791 1372 1876 qui
1388 1790 1455 1860 fue-
1536 1819 1537 1830 ¹

325 1905 399 1966 runt
413 1899 526 1986 oapita
541 1907 574 1969 et
589 1907 740 1970 auetores
765 1901 990 1968 rebellationis
1004 1898 1151 1984 predicte
1168 1899 1320 1984 Civitatis
1339 1900 1454 1987 Jadre,
1536 1929 1537 1990 5

327 2026 406 2092 quos
437 2007 587 2076 domiuus
617 2010 694 2074 Dux
725 2027 798 2075 oum
829 2027 888 2075 suo
905 2005 1050 2076 Consilio
1081 2005 1180 2090 elegit
1211 2009 1455 2092 etnominarit,
1536 1999 1537 2054 ἓ

323 2116 538 2200 personaliter
554 2115 708 2182 Venutius
723 2122 883 2182 venerunt
899 2113 943 2179 ad
959 2113 1112 2180 standum
1130 2133 1233 2198 usque
1248 2113 1292 2180 ad
1307 2119 1455 2204 quinque
1536 2105 1537 2134 ff

324 2241 429 2290 annus
444 2221 600 2309 Venetiis,
611 2223 717 2290 seouri
748 2227 858 2288 umen
890 2221 924 2286 in
940 2217 1098 2306 personis,
1115 2227 1148 2287 et
1162 2220 1322 2288 babentes
1340 2245 1457 2293 omnes

325 2328 546 2415 possessiones
577 2349 664 2418 suas,
689 2337 721 2396 et
737 2329 879 2416 ipsorum
903 2327 1028 2396 familia
1044 2329 1177 2395 stabunt
1193 2331 1226 2396 iu
1240 2329 1355 2401 Jadra
1370 2336 1455 2403 Item
1536 2321 1537 2406 ?

325 2455 384 2522 pro
414 2435 535 2506 honore
566 2435 688 2502 domini
718 2435 819 2501 Duois
850 2440 884 2501 et
913 2433 1096 2502 reuerentia
1127 2436 1310 2505 exbibenda
1343 2441 1452 2508 eidam
1536 2433 1537 2486 ἶ

325 2539 487 2610 Jadretlni
517 2562 590 2608 oum
621 2541 723 2609 tribus
754 2541 889 2638 sagiteis
921 2540 1010 2608 urea
1035 2540 1180 2610 dueentis
1197 2543 1385 2615 hominibus
1402 2569 1454 2618 ar·
1536 2561 1537 2568 ’

325 2645 436 2732 matis,
452 2646 626 2733 dequibus
643 2655 772 2715 eentum
796 2647 925 2716 fuerunt
944 2648 1039 2716 eleotl
1055 2648 1098 2715 ad
1113 2649 1311 2719 voluntatem
1327 2655 1455 2727 domini
1536 2725 1537 2730 ,

328 2752 428 2821 Duois
443 2751 664 2844 Veneriorum,
680 2775 781 2841 usquo
796 2755 840 2824 ad
864 2755 966 2842 pedes
989 2757 1058 2824 eius
1073 2764 1239 2846 venerunt,
1257 2768 1289 2828 et
1304 2762 1461 2835 inclinati
1536 2739 1537 2790 ³

327 2858 379 2925 bis
393 2879 497 2945 usque
512 2863 556 2930 ad
570 2871 690 2931 terram
715 2869 793 2930 unte
822 2863 924 2947 pedes
956 2863 1025 2931 eius
1056 2865 1309 2935 misericordiam
1341 2871 1459 2960 implo·
1536 2843 1537 2862 ³

232 2983 235 2991 ·
326 2975 448 3034 rerunt.
465 2968 547 3036 Item
565 2969 696 3035 domino
711 2969 852 3036 Johanni
869 2967 1023 3036 lliobaeli
1043 2969 1206 3055 quondam
1222 2971 1339 3041 Comiti
1354 2978 1460 3048 Jauro
1536 3039 1537 3048 ,

328 3094 387 3162 pro
418 3076 643 3145 satisfaotione
673 3077 794 3145 iniuria
826 3075 963 3146 reddent
994 3084 1026 3144 et
1042 3076 1168 3146 dabunt
1182 3080 1343 3150 Jadretiui
1359 3087 1456 3170 quin·

327 3193 444 3272 gentas
474 3187 574 3254 libras
605 3184 814 3253 denariorum
844 3183 1052 3272 Venetorum,
1082 3191 1114 3252 et
1138 3205 1197 3271 pro
1215 3187 1369 3274 dampnis
1385 3194 1456 3262 suis
1536 3215 1537 3274 j

329 3295 371 3363 de
387 3295 477 3381 Pago
494 3292 707 3380 satisfacient,
725 3297 758 3360 et
774 3293 899 3361 dabunt
909 3292 1016 3360 eidem
1027 3291 1157 3360 domino
1173 3295 1313 3362 ¹tobanni
1328 3297 1457 3368 illaba-

329 3402 371 3470 eli
402 3403 503 3471 libras
535 3402 758 3486 septingentas
791 3401 983 3484 octuaginta
1014 3409 1048 3467 et
1076 3407 1218 3484 quatuor
1234 3401 1459 3474 uenenorum.
1536 3383 1537 3424 ³

328 3510 410 3580 Item
426 3510 513 3579 omui
529 3531 616 3578 anno
642 3508 767 3576 dabunt
785 3515 816 3576 et
831 3509 958 3576 solvent
982 3506 1143 3575 Jadretini
1159 3509 1307 3596 predicto
1324 3510 1460 3582 domino
1536 3573 1537 3580 ,

328 3619 472 3687 Johanui
487 3617 635 3685 Michaeli
653 3636 822 3703 quousque
838 3615 1065 3683 rixeritlibras
1075 3617 1234 3685 ducentas
1250 3617 1458 3690 denariorum

328 3725 533 3794 Venetorum.
563 3727 644 3792 Item
678 3725 802 3794 habeat
831 3722 919 3791 idem
952 3723 1101 3791 dominus
1126 3724 1296 3794 Jobannes
1311 3727 1458 3796 Miolrael

329 3852 441 3900 omnes
457 3833 681 3920 possessiones
707 3851 783 3900 suas
800 3829 840 3896 de
856 3830 972 3914 labra,
987 3831 1070 3898 siout
1091 3849 1280 3899 oonoessum
1296 3841 1329 3900 et
1344 3836 1461 3902 datum
1536 3887 1537 3890 ,

330 3940 390 4007 suit
406 3943 437 4008 ei
452 3961 509 4027 per
525 3939 690 4008 dominum
706 3939 832 4006 Duoem
848 3944 879 4004 et
896 3935 1074 4004 Consilium
1099 3938 1321 4008 Venetiarum.
1338 3942 1462 4009 Deoem

329 4057 362 4115 et
392 4069 505 4116 novem
536 4049 677 4115 millibus
708 4045 800 4112 libris
831 4044 999 4113 solvendis
1031 4043 1217 4113 hominibus
1244 4044 1460 4115 Venetiarom

330 4177 390 4240 pro
409 4155 609 4224 restitutione
624 4149 790 4240 bonorum,
823 4153 1001 4220 ablatorum
1028 4152 1151 4219 eisdem
1182 4152 1216 4218 in
1240 4153 1461 4222 rebellatione

331 4259 478 4331 Ciuitatis
510 4263 665 4350 prediote,
698 4260 865 4329 habebunt
895 4259 1054 4327 Jadretini
1083 4261 1246 4327 induoiam
1265 4262 1359 4327 unius
1377 4263 1456 4328 anni

330 4371 425 4456 primi
442 4371 582 4458 venturi,
614 4381 648 4436 et
663 4369 783 4436 abinde
801 4369 887 4436 omni
914 4389 998 4434 anno
1016 4388 1117 4450 usque
1136 4367 1178 4433 ad
1195 4375 1334 4451 quatuor
1351 4389 1459 4436 anuos
1536 4373 1537 4378 ’

332 4475 455 4543 dabunt
471 4484 503 4544 et
518 4479 646 4546 solvent
661 4479 710 4545 eis
726 4475 888 4545 Jadretini
911 4475 1013 4542 libras
1034 4476 1238 4543 denariorum
1259 4475 1459 4544 Venetorum

333 4591 470 4666 quatuor
494 4585 599 4684 millia
626 4591 659 4651 et
683 4587 912 4670 septingentas
938 4583 1147 4651 denariorum
1165 4581 1372 4672 Venetorum,
1402 4585 1463 4650 soi·
1536 4661 1537 4688 ᾖ
