3150 5162
686 1015 937 1088 ····306.

333 1225 447 1288 Iatva'n
463 1221 568 1309 ffjobb
584 1221 696 1306 ktrdty
712 1218 847 1286 Granio
864 1221 895 1286 ee
912 1219 1012 1285 Juaos
1028 1221 1151 1304 erdilyi
1167 1222 1294 1288 szciszolc
1309 1227 1461 1289 szdmciro

219 1343 227 1368 ⁸
333 1333 515 1418 maperlisiti
532 1327 675 1397 crataeis
691 1328 789 1411 Imre,
807 1325 848 1390 II.
868 1327 978 1391 Eadre
1004 1330 1036 1392 c‘s
1067 1326 1149 1393 Bcla
1178 1329 1235 1416 iffi.
1266 1331 1460 1416 kirdlyoictil

655 1445 746 1524 nyert
756 1435 1026 1521 privitepiomotc
1051 1433 1146 1502 1257.
1352 1439 1357 1446 '

445 1631 628 1716 Stephanus
643 1628 705 1696 Dei
722 1630 836 1712 gracia
851 1630 920 1697 Rex
936 1630 1171 1717 primogenitus
1196 1629 1336 1700 illustris
1364 1631 1458 1717 Regis

336 1738 504 1822 Hungarie
521 1745 553 1804 et
568 1739 645 1803 Dux
660 1735 897 1826 [lirensiluanus
912 1738 1061 1805 omnibus
1078 1739 1281 1824 presencium
1307 1740 1458 1806 noticiam

336 1831 494 1914 hrlbituris
510 1845 649 1913 salutem
665 1845 698 1909 in
716 1865 753 1910 eo
770 1843 825 1927 qui
842 1865 880 1910 ex
908 1863 986 1911 vera
1002 1847 1103 1912 salus.
1136 1844 1313 1913 Plurimum
1329 1845 1458 1930 expedit

338 1951 506 2020 deuocioui
520 1951 622 2036 Regio
638 1951 839 2033 Serenitatis‚
872 1952 950 2035 quia
967 1971 1008 2017 ex
1036 1949 1123 2018 fonte
1138 1954 1286 2020 nascitur
1317 1953 1459 2039 pietatis,

338 2067 373 2128 ut
388 2061 556 2128 uniuersos
573 2057 615 2125 ad
631 2077 724 2125 suum
739 2059 847 2126 sinum
864 2057 1092 2143 confugientes
1109 2059 1278 2146 suscipiat,
1304 2059 1414 2126 foueat
1429 2063 1458 2123 et

339 2173 490 2255 protegat
505 2187 604 2254 opere
619 2167 764 2252 pietatis,
797 2167 938 2234 maxime
952 2153 1062 2232 tamen
1079 2185 1147 2252 eos,
1180 2185 1260 2252 quos
1278 2167 1460 2235 considerat

340 2276 521 2362 inuigilare
537 2273 580 2341 ad
596 2273 721 2341 corone
736 2273 839 2358 Regia
855 2273 992 2358 gloriam
1010 2283 1042 2342 et
1056 2275 1222 2341 honorem.
1240 2273 1325 2340 Hinc
1341 2281 1390 2342 est
1403 2273 1458 2358 igi·

339 2389 401 2466 tur,
428 2381 514 2465 quod
530 2379 573 2447 ad
590 2380 813 2448 uniuersorum
829 2379 984 2448 noticiam
999 2386 1111 2448 tenore
1141 2381 1347 2466 presencium
1378 2380 1460 2446 uolu-

342 2509 415 2557 mus
431 2488 611 2574 peruenire,
629 2489 715 2576 quod
731 2487 924 2556 accedentes
940 2488 983 2555 ad
999 2495 1141 2556 nostram
1157 2489 1362 2575 presenciam
1378 2488 1458 2574 Gya·

343 2597 440 2664 ninus
455 2593 540 2662 filius
556 2594 719 2681 Gomardi,
736 2603 768 2662 et
784 2595 903 2663 Daniel
918 2595 1004 2662 filius
1021 2595 1181 2663 Johannis
1197 2595 1298 2663 irater
1309 2593 1458 2680 eiusdem,

347 2702 563 2772 exhibuerunt
578 2704 672 2771 nobis
704 2703 877 2789 priuilegia
902 2724 1037 2771 auorum
1068 2711 1247 2773 nostrorum
1279 2703 1459 2771 inclitorum

341 2813 476 2898 Regum,
493 2811 649 2878 Hemirici
665 2811 820 2878 videlicet
837 2819 869 2878 et
884 2810 1024 2898 Andree,
1058 2819 1091 2878 et
1106 2812 1229 2880 domini
1245 2812 1352 2898 patris
1367 2807 1460 2877 nostri

328 2918 486 2986 'Illustris
502 2918 600 3004 Regis
614 2919 705 3007 Belo,
737 2939 873 3002 quorum
889 2919 1145 3007 priuilegiorum,
1177 2940 1278 2988 unum
1311 2919 1462 2986 videlicet

340 3011 458 3098 inclite
475 3027 628 3094 memorie
643 3026 742 3110 Regis
757 3025 910 3094 Hemirioi
925 3027 1041 3114 incipit
1054 3029 1089 3092 in
1104 3027 1165 3095 hec
1181 3029 1298 3096 verba:

450 3133 488 3201 In
502 3135 632 3202 nomine
648 3133 712 3200 stb.
729 3125 918 3201 Hemeric‘us
933 3135 996 3202 stb.
1013 3132 1225 3221 (kltvetkezik
1241 3137 1325 3202 lmre
1340 3133 1460 3220 kirtly·

344 3245 413 3312 nak
432 3241 567 3311 1204ki
583 3240 826 3326 privilegiuma3
853 3241 875 3308 l.
892 3243 1016 3308 fontan
1033 3243 1086 3309 56.
1103 3239 1252 3329 suimet.)

450 3349 548 3416 Aliud
563 3368 641 3415 uero
658 3347 864 3434 priuilegium
881 3347 1036 3416 uidelicet
1052 3349 1225 3416 recolende
1240 3351 1393 3418 memorie
1407 3351 1458 3416 Rc·

344 3459 395 3546 gis
411 3455 540 3524 Andree
555 3455 737 3523 continetur
752 3457 786 3521 in
804 3455 867 3522 hac
882 3459 1006 3523 forma:

452 3565 492 3630 In
507 3562 641 3628 nomine
658 3563 720 3628 stb.
738 3561 889 3630 Andreas
904 3565 966 3630 etb.
985 3562 1197 3647 (kltvctlrezik
1214 3565 1257 3630 II.
1283 3561 1394 3632 Endre
1420 3560 1459 3628 ti-

345 3673 486 3761 ralynuk
504 3669 643 3738 1206-ki
659 3670 897 3756 privilegiume,
914 3671 996 3737 mint
1012 3672 1143 3739 lentebb
1161 3675 1213 3742 58.
1231 3693 1275 3740 sc.
1292 3669 1339 3760 a.)

452 3777 599 3844 'I'ercium
615 3796 692 3843 nero
707 3777 914 3862 priuilegium
930 3777 1084 3844 videlieet
1099 3777 1221 3844 domini
1237 3783 1269 3844 et
1284 3777 1392 3865 patris
1414 3797 1459 3842 uo·

345 3887 405 3955 utri
421 3882 589 3951 karissimi
605 3889 698 3949 tenor
715 3883 793 3951 talis
810 3889 869 3952 est.

453 3990 534 4058 Bcla
549 3991 590 4058 D.
608 4011 655 4074 gr.
679 3989 755 4057 'Rex
787 3992 1022 4078 primogenitus
1054 3993 1114 4058 stlt.
1147 3989 1358 4077 (ktvetkeuik
1391 3989 1462 4056 ueta

346 4099 645 4187 iljabbkirtlynak
673 4099 809 4168 1231-ki
840 4097 1091 4184 privileginma;
1116 4099 1197 4165 mint
1226 4097 1358 4166 ientebb
1397 4100 1460 4166 164.

346 4227 391 4276 sn.
408 4205 454 4294 a.)

456 4311 580 4391 Quibus
597 4313 765 4400 inspectis,
782 4311 902 4380 auditis
919 4319 951 4380 et
966 4313 1143 4382 intellectis
1158 4311 1462 4400 suplioabantnobis

348 4421 411 4490 viri
428 4419 618 4506 supradicti,
635 4427 670 4486 ut
684 4421 777 4487 iuxta
792 4419 930 4486 formam
946 4419 1192 4506 priuilegiorum
1208 4419 1462 4505 supradictorum

348 4529 439 4612 ipsos
456 4547 495 4593 ac
510 4547 621 4594 eorum
646 4528 782 4595 heredes
814 4527 1032 4614 heredumque
1063 4547 1268 4597 successores
1300 4526 1411 4596 fouere
1437 4534 1464 4596 et

351 4651 545 4700 conseruare
562 4633 779 4719 dignaremur.
796 4635 865 4701 Nos
882 4635 981 4719 igitur
996 4636 1136 4723 ipsorum
1147 4635 1342 4723 peticionem
1354 4635 1464 4705 iustam
