<?xml version="1.0" encoding="UTF-8"?>
<!DOCTYPE html PUBLIC "-//W3C//DTD XHTML 1.0 Transitional//EN"
    "http://www.w3.org/TR/xhtml1/DTD/xhtml1-transitional.dtd">
<html xmlns="http://www.w3.org/1999/xhtml" xml:lang="en" lang="en">
 <head>
  <title>
</title>
<meta http-equiv="Content-Type" content="text/html;charset=utf-8" />
  <meta name='ocr-system' content='tesseract 3.04.00' />
  <meta name='ocr-capabilities' content='ocr_page ocr_carea ocr_par ocr_line ocrx_word'/>
</head>
<body>
  <div class='ocr_page' id='page_1' title='image "./codexdiplomatic10wenzgoog_0435.png"; bbox 0 0 3080 5146; ppageno 0'>
   <div class='ocr_carea' id='block_1_1' title="bbox 773 252 933 353">
    <p class='ocr_par' dir='ltr' id='par_1_1' title="bbox 773 252 933 353">
     <span class='ocr_line' id='line_1_1' title="bbox 773 252 933 353; baseline -0.006 -33"><span class='ocrx_word' id='word_1_1' title='bbox 773 252 933 353; x_wconf 47' lang='lat' dir='ltr'>jeg-</span> 
     </span>
    </p>
   </div>
   <div class='ocr_carea' id='block_1_2' title="bbox 285 443 1529 642">
    <p class='ocr_par' dir='ltr' id='par_1_2' title="bbox 285 443 1537 642">
     <span class='ocr_line' id='line_1_2' title="bbox 287 443 1404 534; baseline -0.007 -21"><span class='ocrx_word' id='word_1_2' title='bbox 287 445 457 533; x_wconf 88' lang='lat' dir='ltr'>preteritis</span> <span class='ocrx_word' id='word_1_3' title='bbox 472 443 516 514; x_wconf 85' lang='lat' dir='ltr'>ud</span> <span class='ocrx_word' id='word_1_4' title='bbox 534 445 650 516; x_wconf 79' lang='lat' dir='ltr'>faeiem</span> <span class='ocrx_word' id='word_1_5' title='bbox 666 445 810 534; x_wconf 85' lang='lat' dir='ltr'>prodiete</span> <span class='ocrx_word' id='word_1_6' title='bbox 825 445 1040 534; x_wconf 73' lang='lat' dir='ltr'>possessionis</span> <span class='ocrx_word' id='word_1_7' title='bbox 1055 445 1279 534; x_wconf 76' lang='lat' dir='ltr'>Kurthuelyes</span> <span class='ocrx_word' id='word_1_8' title='bbox 1291 452 1404 534; x_wconf 83' lang='lat' dir='ltr'>uooate,</span> 
     </span>
     <span class='ocr_line' id='line_1_3' title="bbox 285 553 1529 642; baseline -0.023 0"><span class='ocrx_word' id='word_1_9' title='bbox 285 554 376 640; x_wconf 87' lang='lat' dir='ltr'>apud</span> <span class='ocrx_word' id='word_1_10' title='bbox 391 576 506 625; x_wconf 74' lang='lat' dir='ltr'>manus</span> <span class='ocrx_word' id='word_1_11' title='bbox 521 574 613 642; x_wconf 86' lang='lat' dir='ltr'>suas,</span> <span class='ocrx_word' id='word_1_12' title='bbox 631 561 666 622; x_wconf 85' lang='lat' dir='ltr'>rt</span> <span class='ocrx_word' id='word_1_13' title='bbox 682 553 830 636; x_wconf 84' lang='lat' dir='ltr'>dixisset,</span> <span class='ocrx_word' id='word_1_14' title='bbox 861 553 975 624; x_wconf 91' lang='lat' dir='ltr'>habite</span> <span class='ocrx_word' id='word_1_15' title='bbox 990 553 1108 624; x_wconf 87' lang='lat' dir='ltr'>rioinis</span> <span class='ocrx_word' id='word_1_16' title='bbox 1124 561 1158 621; x_wconf 92' lang='lat' dir='ltr'>et</span> <span class='ocrx_word' id='word_1_17' title='bbox 1187 555 1406 622; x_wconf 87' lang='lat' dir='ltr'>eommetaneis</span> <span class='ocrx_word' id='word_1_18' title='bbox 1524 578 1529 584; x_wconf 93' lang='lat'><strong>·</strong></span> 
     </span>
    </p>
   </div>
   <div class='ocr_carea' id='block_1_3' title="bbox 287 659 1405 1070">
    <p class='ocr_par' dir='ltr' id='par_1_3' title="bbox 287 659 1405 1070">
     <span class='ocr_line' id='line_1_4' title="bbox 289 659 1403 748; baseline -0.005 -18"><span class='ocrx_word' id='word_1_19' title='bbox 289 659 356 730; x_wconf 91' lang='lat' dir='ltr'>suis</span> <span class='ocrx_word' id='word_1_20' title='bbox 376 662 538 732; x_wconf 89' lang='lat' dir='ltr'>uniuersis</span> <span class='ocrx_word' id='word_1_21' title='bbox 553 663 702 747; x_wconf 88' lang='lat' dir='ltr'>legitime</span> <span class='ocrx_word' id='word_1_22' title='bbox 717 667 905 730; x_wconf 83' lang='lat' dir='ltr'>eunuoeatis</span> <span class='ocrx_word' id='word_1_23' title='bbox 923 666 956 730; x_wconf 86' lang='lat' dir='ltr'>et</span> <span class='ocrx_word' id='word_1_24' title='bbox 981 662 1187 748; x_wconf 75' lang='lat' dir='ltr'>presentibus</span> <span class='ocrx_word' id='word_1_25' title='bbox 1214 661 1403 746; x_wconf 76' lang='lat' dir='ltr'>emersisset,</span> 
     </span>
     <span class='ocr_line' id='line_1_5' title="bbox 289 765 1403 857; baseline -0.002 -21"><span class='ocrx_word' id='word_1_26' title='bbox 289 769 491 855; x_wconf 87' lang='lat' dir='ltr'>eandemque</span> <span class='ocrx_word' id='word_1_27' title='bbox 507 791 529 837; x_wconf 88' lang='lat' dir='ltr'>a</span> <span class='ocrx_word' id='word_1_28' title='bbox 544 777 637 856; x_wconf 89' lang='lat' dir='ltr'>parte</span> <span class='ocrx_word' id='word_1_29' title='bbox 651 771 868 857; x_wconf 83' lang='lat' dir='ltr'>possessionis</span> <span class='ocrx_word' id='word_1_30' title='bbox 893 769 1004 837; x_wconf 76' lang='lat' dir='ltr'>Lerna</span> <span class='ocrx_word' id='word_1_31' title='bbox 1033 773 1148 837; x_wconf 87' lang='lat' dir='ltr'>vooate</span> <span class='ocrx_word' id='word_1_32' title='bbox 1178 769 1214 836; x_wconf 91' lang='lat' dir='ltr'>in</span> <span class='ocrx_word' id='word_1_33' title='bbox 1245 790 1307 837; x_wconf 90' lang='lat' dir='ltr'>vno</span> <span class='ocrx_word' id='word_1_34' title='bbox 1334 765 1403 835; x_wconf 86' lang='lat' dir='ltr'>berk</span> 
     </span>
     <span class='ocr_line' id='line_1_6' title="bbox 287 875 1405 965; baseline -0.003 -21"><span class='ocrx_word' id='word_1_35' title='bbox 287 878 456 962; x_wconf 79' lang='lat' dir='ltr'>vulgariter</span> <span class='ocrx_word' id='word_1_36' title='bbox 472 875 639 944; x_wconf 81' lang='lat' dir='ltr'>Cunhantz</span> <span class='ocrx_word' id='word_1_37' title='bbox 655 897 715 965; x_wconf 87' lang='lat' dir='ltr'>per</span> <span class='ocrx_word' id='word_1_38' title='bbox 731 883 857 963; x_wconf 83' lang='lat' dir='ltr'>septem</span> <span class='ocrx_word' id='word_1_39' title='bbox 872 882 977 944; x_wconf 86' lang='lat' dir='ltr'>metas</span> <span class='ocrx_word' id='word_1_40' title='bbox 993 883 1070 945; x_wconf 89' lang='lat' dir='ltr'>tuno</span> <span class='ocrx_word' id='word_1_41' title='bbox 1085 897 1143 963; x_wconf 89' lang='lat' dir='ltr'>per</span> <span class='ocrx_word' id='word_1_42' title='bbox 1170 877 1262 962; x_wconf 92' lang='lat' dir='ltr'>ipsos</span> <span class='ocrx_word' id='word_1_43' title='bbox 1293 879 1405 943; x_wconf 85' lang='lat' dir='ltr'>ereutas</span> 
     </span>
     <span class='ocr_line' id='line_1_7' title="bbox 291 981 1405 1070; baseline -0.004 -20"><span class='ocrx_word' id='word_1_44' title='bbox 291 984 382 1053; x_wconf 92' lang='lat' dir='ltr'>nullo</span> <span class='ocrx_word' id='word_1_45' title='bbox 396 983 528 1070; x_wconf 88' lang='lat' dir='ltr'>penitus</span> <span class='ocrx_word' id='word_1_46' title='bbox 544 982 780 1052; x_wconf 88' lang='lat' dir='ltr'>eontradiotore</span> <span class='ocrx_word' id='word_1_47' title='bbox 795 982 878 1050; x_wconf 92' lang='lat' dir='ltr'>inibi</span> <span class='ocrx_word' id='word_1_48' title='bbox 893 987 1073 1068; x_wconf 78' lang='lat' dir='ltr'>apparente</span> <span class='ocrx_word' id='word_1_49' title='bbox 1096 981 1330 1050; x_wconf 87' lang='lat' dir='ltr'>reambulando</span> <span class='ocrx_word' id='word_1_50' title='bbox 1353 1001 1405 1068; x_wconf 89' lang='lat' dir='ltr'>per</span> 
     </span>
    </p>
   </div>
   <div class='ocr_carea' id='block_1_4' title="bbox 292 1087 1522 1174">
    <p class='ocr_par' dir='ltr' id='par_1_4' title="bbox 292 1087 1522 1174">
     <span class='ocr_line' id='line_1_8' title="bbox 292 1087 1522 1174; baseline -0.007 -13"><span class='ocrx_word' id='word_1_51' title='bbox 292 1089 424 1161; x_wconf 87' lang='lat' dir='ltr'>eosdem</span> <span class='ocrx_word' id='word_1_52' title='bbox 439 1090 576 1174; x_wconf 88' lang='lat' dir='ltr'>Regium</span> <span class='ocrx_word' id='word_1_53' title='bbox 592 1097 626 1158; x_wconf 90' lang='lat' dir='ltr'>et</span> <span class='ocrx_word' id='word_1_54' title='bbox 642 1091 829 1158; x_wconf 79' lang='lat' dir='ltr'>conuentus</span> <span class='ocrx_word' id='word_1_55' title='bbox 847 1089 995 1158; x_wconf 89' lang='lat' dir='ltr'>homiues</span> <span class='ocrx_word' id='word_1_56' title='bbox 1010 1089 1076 1158; x_wconf 91' lang='lat' dir='ltr'>sibi</span> <span class='ocrx_word' id='word_1_57' title='bbox 1091 1087 1193 1157; x_wconf 82' lang='lat' dir='ltr'>statui</span> <span class='ocrx_word' id='word_1_58' title='bbox 1207 1087 1351 1171; x_wconf 84' lang='lat' dir='ltr'>leeisset,</span> <span class='ocrx_word' id='word_1_59' title='bbox 1371 1107 1410 1154; x_wconf 81' lang='lat' dir='ltr'>ae</span> <span class='ocrx_word' id='word_1_60' title='bbox 1516 1098 1522 1141; x_wconf 77' lang='grc' dir='ltr'>ῑ</span> 
     </span>
    </p>
   </div>
   <div class='ocr_carea' id='block_1_5' title="bbox 291 1194 1416 2256">
    <p class='ocr_par' dir='ltr' id='par_1_5' title="bbox 291 1194 1416 2256">
     <span class='ocr_line' id='line_1_9' title="bbox 291 1194 1404 1286; baseline -0.006 -20"><span class='ocrx_word' id='word_1_61' title='bbox 291 1199 325 1266; x_wconf 92' lang='lat' dir='ltr'>in</span> <span class='ocrx_word' id='word_1_62' title='bbox 346 1196 459 1266; x_wconf 90' lang='lat' dir='ltr'>eodem</span> <span class='ocrx_word' id='word_1_63' title='bbox 473 1197 557 1266; x_wconf 88' lang='lat' dir='ltr'>berk</span> <span class='ocrx_word' id='word_1_64' title='bbox 572 1217 687 1268; x_wconf 81' lang='lat' dir='ltr'>versus</span> <span class='ocrx_word' id='word_1_65' title='bbox 703 1204 829 1285; x_wconf 87' lang='lat' dir='ltr'>partem</span> <span class='ocrx_word' id='word_1_66' title='bbox 846 1197 1144 1286; x_wconf 77' lang='lat' dir='ltr'>septemtrionalem</span> <span class='ocrx_word' id='word_1_67' title='bbox 1159 1194 1362 1284; x_wconf 73' lang='lat' dir='ltr'>procedendo</span> <span class='ocrx_word' id='word_1_68' title='bbox 1375 1195 1404 1260; x_wconf 92' lang='lat' dir='ltr'>iu</span> 
     </span>
     <span class='ocr_line' id='line_1_10' title="bbox 291 1305 1405 1394; baseline -0.004 -19"><span class='ocrx_word' id='word_1_69' title='bbox 291 1307 435 1394; x_wconf 88' lang='lat' dir='ltr'>quinque</span> <span class='ocrx_word' id='word_1_70' title='bbox 450 1308 533 1376; x_wconf 87' lang='lat' dir='ltr'>louis</span> <span class='ocrx_word' id='word_1_71' title='bbox 549 1307 696 1376; x_wconf 89' lang='lat' dir='ltr'>similiter</span> <span class='ocrx_word' id='word_1_72' title='bbox 710 1305 816 1378; x_wconf 87' lang='lat' dir='ltr'>metas</span> <span class='ocrx_word' id='word_1_73' title='bbox 831 1315 957 1376; x_wconf 85' lang='lat' dir='ltr'>terreas</span> <span class='ocrx_word' id='word_1_74' title='bbox 972 1307 1057 1392; x_wconf 91' lang='lat' dir='ltr'>erigi</span> <span class='ocrx_word' id='word_1_75' title='bbox 1073 1313 1106 1375; x_wconf 90' lang='lat' dir='ltr'>et</span> <span class='ocrx_word' id='word_1_76' title='bbox 1121 1305 1218 1373; x_wconf 91' lang='lat' dir='ltr'>modo</span> <span class='ocrx_word' id='word_1_77' title='bbox 1236 1325 1300 1391; x_wconf 91' lang='lat' dir='ltr'>qno</span> <span class='ocrx_word' id='word_1_78' title='bbox 1312 1325 1405 1391; x_wconf 85' lang='lat' dir='ltr'>supra</span> 
     </span>
     <span class='ocr_line' id='line_1_11' title="bbox 291 1411 1407 1502; baseline -0.006 -17"><span class='ocrx_word' id='word_1_79' title='bbox 291 1416 356 1485; x_wconf 87' lang='lat' dir='ltr'>ribi</span> <span class='ocrx_word' id='word_1_80' title='bbox 374 1416 474 1484; x_wconf 85' lang='lat' dir='ltr'>statui</span> <span class='ocrx_word' id='word_1_81' title='bbox 491 1414 598 1485; x_wconf 84' lang='lat' dir='ltr'>lacere</span> <span class='ocrx_word' id='word_1_82' title='bbox 613 1415 772 1484; x_wconf 83' lang='lat' dir='ltr'>uoluisset</span> <span class='ocrx_word' id='word_1_83' title='bbox 788 1441 796 1483; x_wconf 74' lang='grc' dir='ltr'><strong><em>ε</em></strong></span> <span class='ocrx_word' id='word_1_84' title='bbox 813 1416 946 1484; x_wconf 84' lang='lat' dir='ltr'>tandem</span> <span class='ocrx_word' id='word_1_85' title='bbox 962 1415 1142 1502; x_wconf 79' lang='lat' dir='ltr'>Gregorius</span> <span class='ocrx_word' id='word_1_86' title='bbox 1156 1413 1244 1482; x_wconf 84' lang='lat' dir='ltr'>filius</span> <span class='ocrx_word' id='word_1_87' title='bbox 1258 1413 1344 1480; x_wconf 81' lang='lat' dir='ltr'>Nutu</span> <span class='ocrx_word' id='word_1_88' title='bbox 1370 1411 1407 1478; x_wconf 92' lang='lat' dir='ltr'>ab</span> 
     </span>
     <span class='ocr_line' id='line_1_12' title="bbox 295 1518 1409 1610; baseline -0.007 -16"><span class='ocrx_word' id='word_1_89' title='bbox 295 1524 463 1594; x_wconf 87' lang='lat' dir='ltr'>ereooioue</span> <span class='ocrx_word' id='word_1_90' title='bbox 477 1523 622 1610; x_wconf 87' lang='lat' dir='ltr'>ipsarum</span> <span class='ocrx_word' id='word_1_91' title='bbox 638 1530 797 1594; x_wconf 87' lang='lat' dir='ltr'>metarum</span> <span class='ocrx_word' id='word_1_92' title='bbox 813 1523 1033 1610; x_wconf 88' lang='lat' dir='ltr'>prohibuisset</span> <span class='ocrx_word' id='word_1_93' title='bbox 1057 1523 1119 1591; x_wconf 83' lang='lat' dir='ltr'>etb.</span> <span class='ocrx_word' id='word_1_94' title='bbox 1151 1519 1344 1609; x_wconf 82' lang='lat' dir='ltr'>(ideztetett)</span> <span class='ocrx_word' id='word_1_95' title='bbox 1370 1518 1409 1586; x_wconf 87' lang='lat' dir='ltr'>ad</span> 
     </span>
     <span class='ocr_line' id='line_1_13' title="bbox 293 1630 1408 1720; baseline -0.005 -20"><span class='ocrx_word' id='word_1_96' title='bbox 293 1637 427 1700; x_wconf 86' lang='lat' dir='ltr'>oetauas</span> <span class='ocrx_word' id='word_1_97' title='bbox 444 1630 521 1699; x_wconf 88' lang='lat' dir='ltr'>sesti</span> <span class='ocrx_word' id='word_1_98' title='bbox 535 1630 631 1699; x_wconf 84' lang='lat' dir='ltr'>Beati</span> <span class='ocrx_word' id='word_1_99' title='bbox 646 1631 763 1700; x_wconf 87' lang='lat' dir='ltr'>Jaeobi</span> <span class='ocrx_word' id='word_1_100' title='bbox 778 1632 930 1720; x_wconf 83' lang='lat' dir='ltr'>Apostoli</span> <span class='ocrx_word' id='word_1_101' title='bbox 946 1637 1023 1700; x_wconf 91' lang='lat' dir='ltr'>tuno</span> <span class='ocrx_word' id='word_1_102' title='bbox 1038 1637 1193 1699; x_wconf 87' lang='lat' dir='ltr'>uenturas</span> <span class='ocrx_word' id='word_1_103' title='bbox 1209 1631 1274 1698; x_wconf 90' lang='lat' dir='ltr'>sth.</span> <span class='ocrx_word' id='word_1_104' title='bbox 1290 1636 1322 1698; x_wconf 89' lang='lat' dir='ltr'>et</span> <span class='ocrx_word' id='word_1_105' title='bbox 1346 1649 1408 1695; x_wconf 86' lang='lat' dir='ltr'>euru</span> 
     </span>
     <span class='ocr_line' id='line_1_14' title="bbox 295 1736 1408 1824; baseline -0.003 -17"><span class='ocrx_word' id='word_1_106' title='bbox 295 1740 582 1808; x_wconf 89' lang='lat' dir='ltr'>instrumentorum</span> <span class='ocrx_word' id='word_1_107' title='bbox 604 1739 750 1824; x_wconf 89' lang='lat' dir='ltr'>ipsorum</span> <span class='ocrx_word' id='word_1_108' title='bbox 780 1737 944 1808; x_wconf 78' lang='lat' dir='ltr'>exhibitio</span> <span class='ocrx_word' id='word_1_109' title='bbox 974 1738 1020 1806; x_wconf 89' lang='lat' dir='ltr'>ad</span> <span class='ocrx_word' id='word_1_110' title='bbox 1050 1745 1184 1807; x_wconf 86' lang='lat' dir='ltr'>oetauas</span> <span class='ocrx_word' id='word_1_111' title='bbox 1214 1739 1297 1806; x_wconf 84' lang='lat' dir='ltr'>festi</span> <span class='ocrx_word' id='word_1_112' title='bbox 1325 1736 1408 1806; x_wconf 80' lang='lat' dir='ltr'>Beati</span> 
     </span>
     <span class='ocr_line' id='line_1_15' title="bbox 294 1843 1410 1934; baseline -0.004 -20"><span class='ocrx_word' id='word_1_113' title='bbox 294 1845 427 1934; x_wconf 87' lang='lat' dir='ltr'>Georgij</span> <span class='ocrx_word' id='word_1_114' title='bbox 440 1844 582 1913; x_wconf 86' lang='lat' dir='ltr'>martiris</span> <span class='ocrx_word' id='word_1_115' title='bbox 593 1845 740 1932; x_wconf 85' lang='lat' dir='ltr'>proxime</span> <span class='ocrx_word' id='word_1_116' title='bbox 752 1845 924 1932; x_wconf 90' lang='lat' dir='ltr'>preteritas</span> <span class='ocrx_word' id='word_1_117' title='bbox 934 1844 1096 1932; x_wconf 88' lang='lat' dir='ltr'>protelata</span> <span class='ocrx_word' id='word_1_118' title='bbox 1105 1845 1277 1934; x_wconf 85' lang='lat' dir='ltr'>extitisset,</span> <span class='ocrx_word' id='word_1_119' title='bbox 1284 1843 1410 1930; x_wconf 89' lang='lat' dir='ltr'>denique</span> 
     </span>
     <span class='ocr_line' id='line_1_16' title="bbox 294 1953 1411 2044; baseline -0.003 -23"><span class='ocrx_word' id='word_1_120' title='bbox 294 1955 376 2044; x_wconf 89' lang='lat' dir='ltr'>ipsis</span> <span class='ocrx_word' id='word_1_121' title='bbox 408 1955 533 2026; x_wconf 85' lang='lat' dir='ltr'>ootauis</span> <span class='ocrx_word' id='word_1_122' title='bbox 560 1955 813 2027; x_wconf 84' lang='lat' dir='ltr'>aduenientibus</span> <span class='ocrx_word' id='word_1_123' title='bbox 829 1957 893 2024; x_wconf 89' lang='lat' dir='ltr'>stb.</span> <span class='ocrx_word' id='word_1_124' title='bbox 909 1955 1109 2042; x_wconf 85' lang='lat' dir='ltr'>presoriptus</span> <span class='ocrx_word' id='word_1_125' title='bbox 1125 1953 1310 2021; x_wconf 89' lang='lat' dir='ltr'>Demetrius</span> <span class='ocrx_word' id='word_1_126' title='bbox 1326 1971 1411 2038; x_wconf 88' lang='lat' dir='ltr'>quas-</span> 
     </span>
     <span class='ocr_line' id='line_1_17' title="bbox 294 2055 1414 2150; baseline -0.002 -21"><span class='ocrx_word' id='word_1_127' title='bbox 294 2061 369 2130; x_wconf 86' lang='lat' dir='ltr'>dam</span> <span class='ocrx_word' id='word_1_128' title='bbox 385 2063 513 2133; x_wconf 86' lang='lat' dir='ltr'>litteras</span> <span class='ocrx_word' id='word_1_129' title='bbox 529 2066 590 2134; x_wconf 92' lang='lat' dir='ltr'>stb.</span> <span class='ocrx_word' id='word_1_130' title='bbox 606 2055 702 2133; x_wconf 88' lang='lat' dir='ltr'>uobis</span> <span class='ocrx_word' id='word_1_131' title='bbox 718 2063 920 2150; x_wconf 83' lang='lat' dir='ltr'>presenteuit</span> <span class='ocrx_word' id='word_1_132' title='bbox 936 2065 998 2131; x_wconf 90' lang='lat' dir='ltr'>stb.</span> <span class='ocrx_word' id='word_1_133' title='bbox 1037 2061 1164 2140; x_wconf 81' lang='lat' dir='ltr'>Quibus</span> <span class='ocrx_word' id='word_1_134' title='bbox 1180 2061 1334 2130; x_wconf 82' lang='lat' dir='ltr'>exhibitis</span> <span class='ocrx_word' id='word_1_135' title='bbox 1357 2063 1414 2128; x_wconf 91' lang='lat' dir='ltr'>stb.</span> 
     </span>
     <span class='ocr_line' id='line_1_18' title="bbox 293 2165 1416 2256; baseline -0.005 -18"><span class='ocrx_word' id='word_1_136' title='bbox 293 2171 450 2240; x_wconf 83' lang='lat' dir='ltr'>Nioulaus</span> <span class='ocrx_word' id='word_1_137' title='bbox 467 2173 553 2240; x_wconf 88' lang='lat' dir='ltr'>filius</span> <span class='ocrx_word' id='word_1_138' title='bbox 569 2171 727 2241; x_wconf 89' lang='lat' dir='ltr'>Johannis</span> <span class='ocrx_word' id='word_1_139' title='bbox 743 2177 933 2256; x_wconf 77' lang='lat' dir='ltr'>procurator</span> <span class='ocrx_word' id='word_1_140' title='bbox 947 2168 1050 2254; x_wconf 91' lang='lat' dir='ltr'>ipsius</span> <span class='ocrx_word' id='word_1_141' title='bbox 1075 2165 1227 2252; x_wconf 84' lang='lat' dir='ltr'>Gregorij</span> <span class='ocrx_word' id='word_1_142' title='bbox 1260 2166 1416 2251; x_wconf 82' lang='lat' dir='ltr'>quoddam</span> 
     </span>
    </p>
   </div>
   <div class='ocr_carea' id='block_1_6' title="bbox 294 2273 1537 2364">
    <p class='ocr_par' dir='ltr' id='par_1_6' title="bbox 294 2273 1537 2364">
     <span class='ocr_line' id='line_1_19' title="bbox 294 2273 1537 2364; baseline -0.004 -20"><span class='ocrx_word' id='word_1_143' title='bbox 294 2279 505 2364; x_wconf 87' lang='lat' dir='ltr'>priuilegium</span> <span class='ocrx_word' id='word_1_144' title='bbox 522 2277 642 2348; x_wconf 91' lang='lat' dir='ltr'>domini</span> <span class='ocrx_word' id='word_1_145' title='bbox 660 2277 739 2346; x_wconf 89' lang='lat' dir='ltr'>Bele</span> <span class='ocrx_word' id='word_1_146' title='bbox 755 2277 870 2356; x_wconf 81' lang='lat' dir='ltr'>Quarti</span> <span class='ocrx_word' id='word_1_147' title='bbox 881 2277 958 2345; x_wconf 92' lang='lat' dir='ltr'>olim</span> <span class='ocrx_word' id='word_1_148' title='bbox 978 2276 1079 2360; x_wconf 88' lang='lat' dir='ltr'>Regis</span> <span class='ocrx_word' id='word_1_149' title='bbox 1099 2273 1416 2363; x_wconf 87' lang='lat' dir='ltr'>Hungarie,seoundi</span> <span class='ocrx_word' id='word_1_150' title='bbox 1536 2299 1537 2332; x_wconf 66' lang='lat' dir='ltr'>r</span> 
     </span>
    </p>
   </div>
   <div class='ocr_carea' id='block_1_7' title="bbox 294 2383 1537 4085">
    <p class='ocr_par' dir='ltr' id='par_1_7' title="bbox 294 2383 1537 4085">
     <span class='ocr_line' id='line_1_20' title="bbox 297 2383 1419 2473; baseline -0.003 -21"><span class='ocrx_word' id='word_1_151' title='bbox 297 2387 430 2456; x_wconf 83' lang='lat' dir='ltr'>Andree</span> <span class='ocrx_word' id='word_1_152' title='bbox 446 2387 546 2472; x_wconf 90' lang='lat' dir='ltr'>Regis</span> <span class='ocrx_word' id='word_1_153' title='bbox 562 2387 619 2473; x_wconf 88' lang='lat' dir='ltr'>filij</span> <span class='ocrx_word' id='word_1_154' title='bbox 638 2407 723 2454; x_wconf 87' lang='lat' dir='ltr'>anno</span> <span class='ocrx_word' id='word_1_155' title='bbox 739 2383 870 2452; x_wconf 90' lang='lat' dir='ltr'>Domini</span> <span class='ocrx_word' id='word_1_156' title='bbox 885 2384 1059 2452; x_wconf 87' lang='lat' dir='ltr'>millesimo</span> <span class='ocrx_word' id='word_1_157' title='bbox 1083 2383 1304 2452; x_wconf 75' lang='lat' dir='ltr'>ducentesimo</span> <span class='ocrx_word' id='word_1_158' title='bbox 1330 2383 1419 2467; x_wconf 69' lang='lat' dir='ltr'>quin·v</span> 
     </span>
     <span class='ocr_line' id='line_1_21' title="bbox 300 2490 1419 2582; baseline -0.004 -21"><span class='ocrx_word' id='word_1_159' title='bbox 300 2494 491 2580; x_wconf 88' lang='lat' dir='ltr'>quagesimo</span> <span class='ocrx_word' id='word_1_160' title='bbox 508 2501 633 2582; x_wconf 85' lang='lat' dir='ltr'>quarto,</span> <span class='ocrx_word' id='word_1_161' title='bbox 651 2501 744 2562; x_wconf 86' lang='lat' dir='ltr'>sexto</span> <span class='ocrx_word' id='word_1_162' title='bbox 759 2493 923 2561; x_wconf 84' lang='lat' dir='ltr'>kalendas</span> <span class='ocrx_word' id='word_1_163' title='bbox 938 2491 1100 2581; x_wconf 89' lang='lat' dir='ltr'>Januarij,</span> <span class='ocrx_word' id='word_1_164' title='bbox 1117 2490 1223 2576; x_wconf 82' lang='lat' dir='ltr'>Regni</span> <span class='ocrx_word' id='word_1_165' title='bbox 1238 2497 1347 2558; x_wconf 89' lang='lat' dir='ltr'>autem</span> <span class='ocrx_word' id='word_1_166' title='bbox 1371 2491 1419 2559; x_wconf 89' lang='lat' dir='ltr'>sui</span> 
     </span>
     <span class='ocr_line' id='line_1_22' title="bbox 296 2597 1420 2687; baseline -0.004 -18"><span class='ocrx_word' id='word_1_167' title='bbox 296 2601 556 2687; x_wconf 83' lang='lat' dir='ltr'>annovigesimo</span> <span class='ocrx_word' id='word_1_168' title='bbox 574 2600 756 2670; x_wconf 80' lang='lat' dir='ltr'>confectum</span> <span class='ocrx_word' id='word_1_169' title='bbox 786 2607 897 2668; x_wconf 89' lang='lat' dir='ltr'>nostro</span> <span class='ocrx_word' id='word_1_170' title='bbox 923 2599 1089 2686; x_wconf 79' lang='lat' dir='ltr'>judicario</span> <span class='ocrx_word' id='word_1_171' title='bbox 1121 2597 1262 2665; x_wconf 85' lang='lat' dir='ltr'>examini</span> <span class='ocrx_word' id='word_1_172' title='bbox 1293 2599 1420 2666; x_wconf 86' lang='lat' dir='ltr'>euruuit</span> 
     </span>
     <span class='ocr_line' id='line_1_23' title="bbox 299 2705 1418 2794; baseline -0.003 -19"><span class='ocrx_word' id='word_1_173' title='bbox 299 2709 466 2790; x_wconf 82' lang='lat' dir='ltr'>exhiheri3</span> <span class='ocrx_word' id='word_1_174' title='bbox 490 2708 581 2776; x_wconf 88' lang='lat' dir='ltr'>euius</span> <span class='ocrx_word' id='word_1_175' title='bbox 597 2709 699 2778; x_wconf 88' lang='lat' dir='ltr'>series</span> <span class='ocrx_word' id='word_1_176' title='bbox 715 2711 800 2776; x_wconf 85' lang='lat' dir='ltr'>inter</span> <span class='ocrx_word' id='word_1_177' title='bbox 815 2707 885 2776; x_wconf 88' lang='lat' dir='ltr'>alia</span> <span class='ocrx_word' id='word_1_178' title='bbox 898 2728 956 2794; x_wconf 88' lang='lat' dir='ltr'>per</span> <span class='ocrx_word' id='word_1_179' title='bbox 971 2709 1078 2792; x_wconf 90' lang='lat' dir='ltr'>ipsum</span> <span class='ocrx_word' id='word_1_180' title='bbox 1109 2705 1276 2772; x_wconf 93' lang='lat' dir='ltr'>dominum</span> <span class='ocrx_word' id='word_1_181' title='bbox 1305 2705 1418 2773; x_wconf 89' lang='lat' dir='ltr'>Belam</span> 
     </span>
     <span class='ocr_line' id='line_1_24' title="bbox 294 2811 1425 2903; baseline -0.004 -19"><span class='ocrx_word' id='word_1_182' title='bbox 294 2819 419 2903; x_wconf 83' lang='lat' dir='ltr'>Regem</span> <span class='ocrx_word' id='word_1_183' title='bbox 433 2817 468 2884; x_wconf 91' lang='lat' dir='ltr'>in</span> <span class='ocrx_word' id='word_1_184' title='bbox 484 2817 707 2884; x_wconf 88' lang='lat' dir='ltr'>oonoambium</span> <span class='ocrx_word' id='word_1_185' title='bbox 722 2823 881 2882; x_wconf 86' lang='lat' dir='ltr'>terrarum</span> <span class='ocrx_word' id='word_1_186' title='bbox 899 2813 1050 2899; x_wconf 83' lang='lat' dir='ltr'>Gregorij</span> <span class='ocrx_word' id='word_1_187' title='bbox 1067 2812 1126 2900; x_wconf 88' lang='lat' dir='ltr'>filij</span> <span class='ocrx_word' id='word_1_188' title='bbox 1143 2813 1232 2879; x_wconf 85' lang='lat' dir='ltr'>Nata</span> <span class='ocrx_word' id='word_1_189' title='bbox 1247 2811 1425 2902; x_wconf 72' lang='lat' dir='ltr'>Gyelueny,</span> 
     </span>
     <span class='ocr_line' id='line_1_25' title="bbox 295 2917 1417 3014; baseline -0.007 -20"><span class='ocrx_word' id='word_1_190' title='bbox 295 2928 398 3014; x_wconf 81' lang='lat' dir='ltr'>Poya‚</span> <span class='ocrx_word' id='word_1_191' title='bbox 412 2923 605 3011; x_wconf 85' lang='lat' dir='ltr'>Hellowzeg</span> <span class='ocrx_word' id='word_1_192' title='bbox 620 2932 652 2992; x_wconf 92' lang='lat' dir='ltr'>et</span> <span class='ocrx_word' id='word_1_193' title='bbox 667 2922 882 3008; x_wconf 82' lang='lat' dir='ltr'>Bgerpataku</span> <span class='ocrx_word' id='word_1_194' title='bbox 896 2925 1085 2990; x_wconf 85' lang='lat' dir='ltr'>voeatarum</span> <span class='ocrx_word' id='word_1_195' title='bbox 1101 2917 1144 2986; x_wconf 89' lang='lat' dir='ltr'>ad</span> <span class='ocrx_word' id='word_1_196' title='bbox 1160 2917 1417 3004; x_wconf 84' lang='lat' dir='ltr'>vigintiquatuor</span> 
     </span>
     <span class='ocr_line' id='line_1_26' title="bbox 294 3027 1426 3116; baseline -0.006 -13"><span class='ocrx_word' id='word_1_197' title='bbox 294 3041 405 3104; x_wconf 85' lang='lat' dir='ltr'>aratra</span> <span class='ocrx_word' id='word_1_198' title='bbox 420 3034 631 3103; x_wconf 79' lang='lat' dir='ltr'>sufficientem</span> <span class='ocrx_word' id='word_1_199' title='bbox 648 3031 870 3116; x_wconf 75' lang='lat' dir='ltr'>existentium,</span> <span class='ocrx_word' id='word_1_200' title='bbox 888 3029 973 3096; x_wconf 85' lang='lat' dir='ltr'>inira</span> <span class='ocrx_word' id='word_1_201' title='bbox 989 3034 1128 3098; x_wconf 80' lang='lat' dir='ltr'>castrum</span> <span class='ocrx_word' id='word_1_202' title='bbox 1144 3027 1252 3094; x_wconf 83' lang='lat' dir='ltr'>Tubul</span> <span class='ocrx_word' id='word_1_203' title='bbox 1262 3029 1426 3096; x_wconf 87' lang='lat' dir='ltr'>mausina·</span> 
     </span>
     <span class='ocr_line' id='line_1_27' title="bbox 299 3135 1422 3228; baseline -0.007 -18"><span class='ocrx_word' id='word_1_204' title='bbox 299 3149 411 3226; x_wconf 87' lang='lat' dir='ltr'>tarum,</span> <span class='ocrx_word' id='word_1_205' title='bbox 430 3141 559 3228; x_wconf 88' lang='lat' dir='ltr'>pridem</span> <span class='ocrx_word' id='word_1_206' title='bbox 575 3139 705 3226; x_wconf 88' lang='lat' dir='ltr'>quidem</span> <span class='ocrx_word' id='word_1_207' title='bbox 729 3139 1011 3225; x_wconf 71' lang='lat' dir='ltr'>depopulaturum,</span> <span class='ocrx_word' id='word_1_208' title='bbox 1042 3136 1085 3202; x_wconf 88' lang='lat' dir='ltr'>ab</span> <span class='ocrx_word' id='word_1_209' title='bbox 1117 3135 1230 3203; x_wconf 92' lang='lat' dir='ltr'>eodem</span> <span class='ocrx_word' id='word_1_210' title='bbox 1261 3135 1422 3222; x_wconf 73' lang='lat' dir='ltr'>Gregorio</span> 
     </span>
     <span class='ocr_line' id='line_1_28' title="bbox 298 3243 1423 3336; baseline -0.006 -19"><span class='ocrx_word' id='word_1_211' title='bbox 298 3271 359 3336; x_wconf 89' lang='lat' dir='ltr'>per</span> <span class='ocrx_word' id='word_1_212' title='bbox 374 3249 514 3316; x_wconf 87' lang='lat' dir='ltr'>eundem</span> <span class='ocrx_word' id='word_1_213' title='bbox 530 3253 742 3333; x_wconf 80' lang='lat' dir='ltr'>receptarum,</span> <span class='ocrx_word' id='word_1_214' title='bbox 770 3253 803 3312; x_wconf 91' lang='lat' dir='ltr'>et</span> <span class='ocrx_word' id='word_1_215' title='bbox 818 3243 862 3312; x_wconf 89' lang='lat' dir='ltr'>ad</span> <span class='ocrx_word' id='word_1_216' title='bbox 877 3244 1052 3313; x_wconf 86' lang='lat' dir='ltr'>utilitatem</span> <span class='ocrx_word' id='word_1_217' title='bbox 1068 3243 1147 3312; x_wconf 86' lang='lat' dir='ltr'>dieti</span> <span class='ocrx_word' id='word_1_218' title='bbox 1179 3245 1284 3311; x_wconf 78' lang='lat' dir='ltr'>Castri</span> <span class='ocrx_word' id='word_1_219' title='bbox 1315 3243 1423 3311; x_wconf 72' lang='lat' dir='ltr'>&#39;Bubul</span> 
     </span>
     <span class='ocr_line' id='line_1_29' title="bbox 301 3352 1422 3445; baseline -0.006 -20"><span class='ocrx_word' id='word_1_220' title='bbox 301 3358 535 3445; x_wconf 88' lang='lat' dir='ltr'>perpetualiter</span> <span class='ocrx_word' id='word_1_221' title='bbox 551 3356 700 3424; x_wconf 86' lang='lat' dir='ltr'>datarum</span> <span class='ocrx_word' id='word_1_222' title='bbox 717 3355 804 3421; x_wconf 87' lang='lat' dir='ltr'>dioto</span> <span class='ocrx_word' id='word_1_223' title='bbox 821 3352 979 3438; x_wconf 85' lang='lat' dir='ltr'>Gregorio</span> <span class='ocrx_word' id='word_1_224' title='bbox 995 3353 1062 3420; x_wconf 88' lang='lat' dir='ltr'>filio</span> <span class='ocrx_word' id='word_1_225' title='bbox 1077 3352 1178 3438; x_wconf 86' lang='lat' dir='ltr'>Nata,</span> <span class='ocrx_word' id='word_1_226' title='bbox 1211 3359 1244 3419; x_wconf 91' lang='lat' dir='ltr'>et</span> <span class='ocrx_word' id='word_1_227' title='bbox 1267 3371 1325 3437; x_wconf 88' lang='lat' dir='ltr'>per</span> <span class='ocrx_word' id='word_1_228' title='bbox 1350 3371 1422 3418; x_wconf 92' lang='lat' dir='ltr'>eum</span> 
     </span>
     <span class='ocr_line' id='line_1_30' title="bbox 300 3459 1427 3546; baseline -0.006 -14"><span class='ocrx_word' id='word_1_229' title='bbox 300 3463 368 3532; x_wconf 88' lang='lat' dir='ltr'>suis</span> <span class='ocrx_word' id='word_1_230' title='bbox 383 3462 558 3531; x_wconf 87' lang='lat' dir='ltr'>heredibus</span> <span class='ocrx_word' id='word_1_231' title='bbox 575 3483 614 3529; x_wconf 87' lang='lat' dir='ltr'>ao</span> <span class='ocrx_word' id='word_1_232' title='bbox 630 3461 871 3530; x_wconf 78' lang='lat' dir='ltr'>suecessoribus</span> <span class='ocrx_word' id='word_1_233' title='bbox 887 3466 990 3528; x_wconf 87' lang='lat' dir='ltr'>terras</span> <span class='ocrx_word' id='word_1_234' title='bbox 1007 3459 1177 3546; x_wconf 88' lang='lat' dir='ltr'>quasdam,</span> <span class='ocrx_word' id='word_1_235' title='bbox 1209 3459 1322 3526; x_wconf 79' lang='lat' dir='ltr'>Lerna</span> <span class='ocrx_word' id='word_1_236' title='bbox 1335 3459 1427 3526; x_wconf 87' lang='lat' dir='ltr'>soili-</span> 
     </span>
     <span class='ocr_line' id='line_1_31' title="bbox 299 3565 1427 3654; baseline -0.008 -14"><span class='ocrx_word' id='word_1_237' title='bbox 299 3579 351 3641; x_wconf 88' lang='lat' dir='ltr'>oet</span> <span class='ocrx_word' id='word_1_238' title='bbox 366 3581 398 3641; x_wconf 89' lang='lat' dir='ltr'>et</span> <span class='ocrx_word' id='word_1_239' title='bbox 414 3573 594 3641; x_wconf 83' lang='lat' dir='ltr'>Chemerua</span> <span class='ocrx_word' id='word_1_240' title='bbox 609 3570 652 3637; x_wconf 89' lang='lat' dir='ltr'>ad</span> <span class='ocrx_word' id='word_1_241' title='bbox 667 3569 803 3654; x_wconf 87' lang='lat' dir='ltr'>triginta</span> <span class='ocrx_word' id='word_1_242' title='bbox 819 3575 934 3635; x_wconf 89' lang='lat' dir='ltr'>aratra</span> <span class='ocrx_word' id='word_1_243' title='bbox 949 3568 1157 3654; x_wconf 88' lang='lat' dir='ltr'>sullioientes,</span> <span class='ocrx_word' id='word_1_244' title='bbox 1174 3566 1256 3634; x_wconf 85' lang='lat' dir='ltr'>sitas</span> <span class='ocrx_word' id='word_1_245' title='bbox 1272 3566 1307 3634; x_wconf 92' lang='lat' dir='ltr'>iu</span> <span class='ocrx_word' id='word_1_246' title='bbox 1322 3565 1427 3634; x_wconf 82' lang='lat' dir='ltr'>Comi·</span> 
     </span>
     <span class='ocr_line' id='line_1_32' title="bbox 296 3651 1537 3764; baseline 0.003 -22"><span class='ocrx_word' id='word_1_247' title='bbox 296 3685 368 3746; x_wconf 89' lang='lat' dir='ltr'>tatu</span> <span class='ocrx_word' id='word_1_248' title='bbox 385 3679 630 3764; x_wconf 87' lang='lat' dir='ltr'>Zempliniensi‚</span> <span class='ocrx_word' id='word_1_249' title='bbox 647 3677 680 3744; x_wconf 90' lang='lat' dir='ltr'>iu</span> <span class='ocrx_word' id='word_1_250' title='bbox 695 3678 812 3760; x_wconf 90' lang='lat' dir='ltr'>quihus</span> <span class='ocrx_word' id='word_1_251' title='bbox 827 3676 952 3743; x_wconf 84' lang='lat' dir='ltr'>Mikieh</span> <span class='ocrx_word' id='word_1_252' title='bbox 968 3683 1000 3742; x_wconf 92' lang='lat' dir='ltr'>et</span> <span class='ocrx_word' id='word_1_253' title='bbox 1015 3674 1192 3762; x_wconf 85' lang='lat' dir='ltr'>Naralyad</span> <span class='ocrx_word' id='word_1_254' title='bbox 1216 3683 1315 3741; x_wconf 83' lang='lat' dir='ltr'>antea</span> <span class='ocrx_word' id='word_1_255' title='bbox 1338 3693 1423 3742; x_wconf 88' lang='lat' dir='ltr'>rese·</span> <span class='ocrx_word' id='word_1_256' title='bbox 1536 3651 1537 3680; x_wconf 40' lang='lat'>¹</span> 
     </span>
     <span class='ocr_line' id='line_1_33' title="bbox 297 3759 1537 3876; baseline -0.002 -24"><span class='ocrx_word' id='word_1_257' title='bbox 297 3785 431 3876; x_wconf 88' lang='lat' dir='ltr'>dissent,</span> <span class='ocrx_word' id='word_1_258' title='bbox 461 3805 581 3854; x_wconf 83' lang='lat' dir='ltr'>vaeuas</span> <span class='ocrx_word' id='word_1_259' title='bbox 599 3784 729 3852; x_wconf 91' lang='lat' dir='ltr'>omnino</span> <span class='ocrx_word' id='word_1_260' title='bbox 746 3791 778 3851; x_wconf 87' lang='lat' dir='ltr'>et</span> <span class='ocrx_word' id='word_1_261' title='bbox 807 3783 1044 3852; x_wconf 86' lang='lat' dir='ltr'>habitatoribus</span> <span class='ocrx_word' id='word_1_262' title='bbox 1074 3789 1234 3869; x_wconf 87' lang='lat' dir='ltr'>oarentes,</span> <span class='ocrx_word' id='word_1_263' title='bbox 1265 3789 1427 3870; x_wconf 89' lang='lat' dir='ltr'>perpetuo</span> <span class='ocrx_word' id='word_1_264' title='bbox 1536 3759 1537 3830; x_wconf 64' lang='grc' dir='ltr'>Ῐ</span> 
     </span>
     <span class='ocr_line' id='line_1_34' title="bbox 297 3889 1426 3984; baseline -0.005 -20"><span class='ocrx_word' id='word_1_265' title='bbox 297 3895 513 3984; x_wconf 88' lang='lat' dir='ltr'>possidendas</span> <span class='ocrx_word' id='word_1_266' title='bbox 530 3893 679 3981; x_wconf 73' lang='lat' dir='ltr'>traditas,</span> <span class='ocrx_word' id='word_1_267' title='bbox 696 3891 866 3979; x_wconf 89' lang='lat' dir='ltr'>ipsumque</span> <span class='ocrx_word' id='word_1_268' title='bbox 882 3889 1075 3976; x_wconf 85' lang='lat' dir='ltr'>Gregorium</span> <span class='ocrx_word' id='word_1_269' title='bbox 1091 3910 1149 3976; x_wconf 93' lang='lat' dir='ltr'>per</span> <span class='ocrx_word' id='word_1_270' title='bbox 1174 3889 1302 3957; x_wconf 87' lang='lat' dir='ltr'>fidelem</span> <span class='ocrx_word' id='word_1_271' title='bbox 1327 3909 1426 3958; x_wconf 91' lang='lat' dir='ltr'>suum</span> 
     </span>
     <span class='ocr_line' id='line_1_35' title="bbox 295 3995 1537 4085; baseline -0.006 -11"><span class='ocrx_word' id='word_1_272' title='bbox 295 4005 489 4074; x_wconf 85' lang='lat' dir='ltr'>Miohaelem</span> <span class='ocrx_word' id='word_1_273' title='bbox 504 4003 663 4072; x_wconf 80' lang='lat' dir='ltr'>Comitem</span> <span class='ocrx_word' id='word_1_274' title='bbox 679 3999 721 4067; x_wconf 89' lang='lat' dir='ltr'>de</span> <span class='ocrx_word' id='word_1_275' title='bbox 752 4001 853 4066; x_wconf 81' lang='lat' dir='ltr'>Serus</span> <span class='ocrx_word' id='word_1_276' title='bbox 883 3997 1152 4083; x_wconf 77' lang='lat' dir='ltr'>incorporalem</span> <span class='ocrx_word' id='word_1_277' title='bbox 1181 3997 1427 4085; x_wconf 88' lang='lat' dir='ltr'>possessionem</span> <span class='ocrx_word' id='word_1_278' title='bbox 1536 3995 1537 4002; x_wconf 73' lang='grc'>’</span> 
     </span>
    </p>
   </div>
   <div class='ocr_carea' id='block_1_8' title="bbox 297 4085 1537 4186">
    <p class='ocr_par' dir='ltr' id='par_1_8' title="bbox 297 4085 1537 4186">
     <span class='ocr_line' id='line_1_36' title="bbox 297 4085 1537 4186; baseline -0.009 -3"><span class='ocrx_word' id='word_1_279' title='bbox 297 4109 475 4183; x_wconf 87' lang='lat' dir='ltr'>earundem</span> <span class='ocrx_word' id='word_1_280' title='bbox 520 4116 676 4178; x_wconf 88' lang='lat' dir='ltr'>terrarum</span> <span class='ocrx_word' id='word_1_281' title='bbox 718 4107 935 4175; x_wconf 76' lang='lat' dir='ltr'>introductum</span> <span class='ocrx_word' id='word_1_282' title='bbox 976 4104 1076 4173; x_wconf 87' lang='lat' dir='ltr'>fuisse</span> <span class='ocrx_word' id='word_1_283' title='bbox 1108 4104 1297 4186; x_wconf 86' lang='lat' dir='ltr'>denotarat;</span> <span class='ocrx_word' id='word_1_284' title='bbox 1337 4112 1428 4175; x_wconf 86' lang='lat' dir='ltr'>mete</span> <span class='ocrx_word' id='word_1_285' title='bbox 1536 4085 1537 4172; x_wconf 69' lang='lat' dir='ltr'>J</span> 
     </span>
    </p>
   </div>
   <div class='ocr_carea' id='block_1_9' title="bbox 294 4211 1432 4303">
    <p class='ocr_par' dir='ltr' id='par_1_9' title="bbox 294 4211 1432 4303">
     <span class='ocr_line' id='line_1_37' title="bbox 294 4211 1432 4303; baseline -0.004 -13"><span class='ocrx_word' id='word_1_286' title='bbox 294 4229 406 4290; x_wconf 89' lang='lat' dir='ltr'>autem</span> <span class='ocrx_word' id='word_1_287' title='bbox 451 4226 612 4288; x_wconf 87' lang='lat' dir='ltr'>terrarum</span> <span class='ocrx_word' id='word_1_288' title='bbox 659 4217 845 4303; x_wconf 87' lang='lat' dir='ltr'>earundem,</span> <span class='ocrx_word' id='word_1_289' title='bbox 885 4219 982 4303; x_wconf 89' lang='lat' dir='ltr'>prout</span> <span class='ocrx_word' id='word_1_290' title='bbox 1013 4215 1100 4283; x_wconf 90' lang='lat' dir='ltr'>idem</span> <span class='ocrx_word' id='word_1_291' title='bbox 1133 4211 1274 4281; x_wconf 86' lang='lat' dir='ltr'>Miehael</span> <span class='ocrx_word' id='word_1_292' title='bbox 1309 4214 1432 4285; x_wconf 78' lang='lat' dir='ltr'>Comes</span> 
     </span>
    </p>
   </div>
   <div class='ocr_carea' id='block_1_10' title="bbox 295 4319 1537 4528">
    <p class='ocr_par' dir='ltr' id='par_1_10' title="bbox 295 4319 1537 4528">
     <span class='ocr_line' id='line_1_38' title="bbox 295 4319 1537 4421; baseline -0.014 -23"><span class='ocrx_word' id='word_1_293' title='bbox 295 4333 362 4421; x_wconf 91' lang='lat' dir='ltr'>ipsi</span> <span class='ocrx_word' id='word_1_294' title='bbox 408 4326 538 4398; x_wconf 90' lang='lat' dir='ltr'>domiuo</span> <span class='ocrx_word' id='word_1_295' title='bbox 584 4327 664 4394; x_wconf 89' lang='lat' dir='ltr'>Bele</span> <span class='ocrx_word' id='word_1_296' title='bbox 709 4326 795 4412; x_wconf 87' lang='lat' dir='ltr'>Regi·</span> <span class='ocrx_word' id='word_1_297' title='bbox 846 4327 882 4393; x_wconf 88' lang='lat' dir='ltr'>in</span> <span class='ocrx_word' id='word_1_298' title='bbox 935 4321 1002 4392; x_wconf 84' lang='lat' dir='ltr'>suis</span> <span class='ocrx_word' id='word_1_299' title='bbox 1057 4321 1175 4390; x_wconf 89' lang='lat' dir='ltr'>litteris</span> <span class='ocrx_word' id='word_1_300' title='bbox 1229 4319 1432 4408; x_wconf 85' lang='lat' dir='ltr'>intimasset,</span> <span class='ocrx_word' id='word_1_301' title='bbox 1536 4369 1537 4380; x_wconf 70' lang='grc'>,</span> 
     </span>
     <span class='ocr_line' id='line_1_39' title="bbox 298 4427 1537 4528; baseline -0.007 -19"><span class='ocrx_word' id='word_1_302' title='bbox 298 4438 473 4528; x_wconf 88' lang='lat' dir='ltr'>priuilegio</span> <span class='ocrx_word' id='word_1_303' title='bbox 518 4435 554 4505; x_wconf 92' lang='lat' dir='ltr'>in</span> <span class='ocrx_word' id='word_1_304' title='bbox 600 4435 714 4502; x_wconf 86' lang='lat' dir='ltr'>eudem</span> <span class='ocrx_word' id='word_1_305' title='bbox 761 4433 905 4502; x_wconf 88' lang='lat' dir='ltr'>seriatim</span> <span class='ocrx_word' id='word_1_306' title='bbox 951 4430 1156 4500; x_wconf 86' lang='lat' dir='ltr'>eontinentur</span> <span class='ocrx_word' id='word_1_307' title='bbox 1194 4429 1270 4510; x_wconf 60' lang='lat' dir='ltr'>stb„</span> <span class='ocrx_word' id='word_1_308' title='bbox 1302 4427 1432 4498; x_wconf 88' lang='lat' dir='ltr'>Datum</span> <span class='ocrx_word' id='word_1_309' title='bbox 1536 4489 1537 4500; x_wconf 70' lang='grc'>,</span> 
     </span>
    </p>
   </div>
   <div class='ocr_carea' id='block_1_11' title="bbox 293 4535 1432 4631">
    <p class='ocr_par' dir='ltr' id='par_1_11' title="bbox 293 4535 1432 4631">
     <span class='ocr_line' id='line_1_40' title="bbox 293 4535 1432 4631; baseline -0.012 -16"><span class='ocrx_word' id='word_1_310' title='bbox 293 4551 329 4618; x_wconf 91' lang='lat' dir='ltr'>in</span> <span class='ocrx_word' id='word_1_311' title='bbox 377 4545 557 4631; x_wconf 78' lang='lat' dir='ltr'>vissegrad</span> <span class='ocrx_word' id='word_1_312' title='bbox 603 4541 824 4612; x_wconf 75' lang='lat' dir='ltr'>sextodecimo</span> <span class='ocrx_word' id='word_1_313' title='bbox 871 4539 926 4613; x_wconf 89' lang='lat' dir='ltr'>die</span> <span class='ocrx_word' id='word_1_314' title='bbox 971 4545 1160 4614; x_wconf 85' lang='lat' dir='ltr'>ootauatum</span> <span class='ocrx_word' id='word_1_315' title='bbox 1206 4535 1282 4606; x_wconf 87' lang='lat' dir='ltr'>sesti</span> <span class='ocrx_word' id='word_1_316' title='bbox 1329 4535 1432 4607; x_wconf 87' lang='lat' dir='ltr'>Beati</span> 
     </span>
    </p>
   </div>
   <div class='ocr_carea' id='block_1_12' title="bbox 0 0 1547 5146">
    <p class='ocr_par' dir='ltr' id='par_1_12' title="bbox 0 0 1547 5146">
     <span class='ocr_line' id='line_1_41' title="bbox 0 0 1547 5146; baseline 0 0"><span class='ocrx_word' id='word_1_317' title='bbox 0 0 1547 5146; x_wconf 95' lang='lat' dir='ltr'> </span> 
     </span>
    </p>
   </div>
  </div>
 </body>
</html>
