3150 5162
789 279 945 376 Q

301 463 478 531 munimine
494 467 672 534 roboratus.
691 469 811 538 Datum
830 495 888 558 per
902 493 1021 544 manus
1037 475 1148 542 diieoti
1165 485 1199 544 et
1214 479 1322 548 fidelis
1334 483 1431 548 „mi

250 639 263 662 ,
301 573 449 656 Magistri
467 575 560 641 Pauli
594 576 697 642 Eleeti
731 579 883 649 Albensis
909 584 986 649 anie
1016 590 1129 651 nostre
1160 584 1431 674 VieeOenoelisrij

282 697 386 747 'anno
403 681 530 748 Domini
549 683 720 752 millesimo
737 687 956 758 ducentesimo
972 691 1179 776 sexagesimo
1194 693 1310 783 primo,
1334 695 1432 780 Regni

302 795 410 856 autem
425 789 527 858 nostri
544 810 629 859 anuo
648 793 802 862 vicesimo
821 803 923 864 sexto.

304 989 441 1050 (Eredetie
459 990 654 1056 oorntrtytn,
689 1008 705 1044 s
726 993 888 1060 estid-strgs
907 997 1147 1061 selyemzsinoron
1165 998 1255 1066 siggo
1282 999 1430 1065 poesttnek

429 1081 563 1133 ttredeke
581 1095 721 1150 megreu5
754 1085 875 1137 sbudui
894 1087 948 1137 kir.
967 1087 1094 1140 kamerai
1113 1088 1311 1154 reversorum.)

735 1371 1002 1384 m

801 1908 912 1978 soe.
1011 1987 1013 1995 ,

311 2105 331 2168 l
336 2103 368 2172 V.
387 2105 468 2169 Rota
482 2103 595 2191 tiroty
617 2103 738 2171 Tameia
754 2115 874 2170 mostert
898 2109 1005 2172 severi
1029 2107 1065 2174 ti
1095 2107 1196 2195 tiproi
1218 2108 1434 2197 fiiispdmrok.

816 2214 916 2281 1261.

418 2409 497 2475 Bels
507 2407 569 2476 Dei
585 2409 699 2492 grania
715 2409 785 2474 Rex
802 2405 973 2490 Hungarie
987 2407 1135 2476 omuibus
1150 2409 1272 2476 Christi
1288 2409 1438 2478 fidelibus

310 2521 376 2582 tem
390 2515 594 2598 presentibus
612 2534 709 2598 quem
727 2513 845 2581 suturis
862 2516 1001 2582 salutem
1018 2515 1052 2580 iu
1071 2515 1220 2586 Domino.
1237 2518 1291 2583 Ad
1308 2519 1437 2585 uniuer-

311 2643 416 2688 sorum
452 2623 607 2690 notioiom
627 2631 740 2690 tenore
757 2623 961 2708 presencium
980 2625 1126 2691 volumus
1142 2625 1331 2712 peruenire,
1348 2625 1437 2710 quod

312 2728 467 2812 Magister
482 2730 625 2798 Thomas
638 2729 764 2815 janitor
780 2735 890 2796 noster
904 2731 949 2798 ab
965 2737 1053 2798 etsto
1070 2751 1170 2818 opera
1197 2736 1230 2797 et
1245 2731 1358 2800 indole
1382 2753 1443 2801 sue

307 2837 490 2922 juueututis
502 2859 574 2904 oum
585 2837 715 2906 feruore
725 2857 782 2905 sue
799 2837 966 2905 fidelitatis
983 2839 1126 2905 etenimi
1142 2840 1191 2906 sui
1209 2839 1443 2924 desideriosa

313 2944 406 3011 nobis
422 2944 455 3009 in
472 2945 613 3031 magnis,
630 2955 662 3011 et
688 2944 801 3012 arduis
832 2947 937 3030 Regni
968 2947 1069 3013 nostri
1102 2947 1248 3030 negociis
1279 2947 1443 3033 impendit

314 3053 461 3142 soruioie,
493 3073 554 3137 que
583 3061 692 3120 nostre
724 3054 881 3120 voluntati
915 3053 1147 3140 perplurimum
1178 3054 1383 3138 plauserunt,
1408 3059 1443 3121 et

317 3167 427 3226 nostro
443 3162 556 3243 Regno
574 3161 745 3226 admodum
757 3159 1070 3246 fueruntiruetuoss.
1089 3159 1215 3237 Quibus
1226 3161 1445 3230 eonsiderstis

318 3270 463 3334 volentos
479 3269 615 3333 eundem
634 3268 677 3334 ed
708 3268 862 3351 majorem
897 3269 1087 3352 dignitatem
1119 3267 1266 3354 evehere,
1299 3269 1442 3354 primum

315 3376 469 3442 honorem
500 3377 635 3442 Comitis
667 3377 836 3443 Provinoie
854 3383 961 3443 nostre
977 3377 1020 3442 de
1035 3375 1155 3460 Lipton
1172 3376 1278 3442 eidem
1298 3377 1443 3444 eontuli-

315 3507 395 3564 mus,
412 3505 484 3550 num
501 3485 557 3550 iile
575 3484 746 3570 potestatis
765 3484 928 3566 insultate,
947 3491 981 3549 nt
998 3485 1030 3550 iu
1047 3492 1157 3552 oestro
1180 3492 1287 3552 nostro
1306 3484 1445 3568 bipton·

315 3615 391 3678 wer,
425 3595 627 3662 mansionem
658 3617 750 3662 suram
784 3595 908 3660 tamdiu
934 3595 1054 3661 hebere
1070 3597 1182 3680 possit,
1205 3593 1308 3674 denso
1325 3592 1391 3658 sibi
1408 3592 1446 3659 in

314 3713 399 3770 terro
416 3725 477 3770 sou
493 3704 618 3771 Likovs
636 3706 800 3791 propriam
817 3725 924 3771 oroem
942 3707 1148 3772 exstruxerit.
1166 3707 1287 3771 Datum
1317 3703 1353 3770 in
1385 3704 1446 3771 Ζο-

315 3813 380 3876 lum
413 3833 500 3878 anno
534 3811 702 3878 millesimo
734 3811 952 3878 ducentesimo
978 3811 1183 3896 sexagesimo
1201 3812 1315 3897 primo.
1332 3811 1442 3896 Regni

316 3924 422 3984 autem
442 3917 541 3984 nostri
558 3938 643 3984 enno
660 3918 813 3984 vicesimo
830 3923 930 3984 sexto.

491 4117 594 4178 (nonar
608 4116 758 4182 uajmnyr
771 4099 863 4167 tuem
876 4115 997 4168 usurum
1011 4115 1281 4183 gyojsemsnysuor.)

747 4405 1009 4413 ...-—-.-—-—----.
