<?xml version="1.0" encoding="UTF-8"?>
<!DOCTYPE html PUBLIC "-//W3C//DTD XHTML 1.0 Transitional//EN"
    "http://www.w3.org/TR/xhtml1/DTD/xhtml1-transitional.dtd">
<html xmlns="http://www.w3.org/1999/xhtml" xml:lang="en" lang="en">
 <head>
  <title>
</title>
<meta http-equiv="Content-Type" content="text/html;charset=utf-8" />
  <meta name='ocr-system' content='tesseract 3.04.00' />
  <meta name='ocr-capabilities' content='ocr_page ocr_carea ocr_par ocr_line ocrx_word'/>
</head>
<body>
  <div class='ocr_page' id='page_1' title='image "./codexdiplomatic10wenzgoog_0204.png"; bbox 0 0 3098 5132; ppageno 0'>
   <div class='ocr_carea' id='block_1_1' title="bbox 596 339 754 440">
    <p class='ocr_par' dir='ltr' id='par_1_1' title="bbox 596 339 754 440">
     <span class='ocr_line' id='line_1_1' title="bbox 596 339 754 440; baseline 0.013 -2"><span class='ocrx_word' id='word_1_1' title='bbox 596 339 754 440; x_wconf 52' lang='lat' dir='ltr'>..lte-</span> 
     </span>
    </p>
   </div>
   <div class='ocr_carea' id='block_1_2' title="bbox 13 533 1242 1159">
    <p class='ocr_par' dir='ltr' id='par_1_2' title="bbox 13 533 1242 1159">
     <span class='ocr_line' id='line_1_2' title="bbox 13 533 1238 619; baseline 0.002 -19"><span class='ocrx_word' id='word_1_2' title='bbox 13 589 14 592; x_wconf 43' lang='lat'>.</span> <span class='ocrx_word' id='word_1_3' title='bbox 115 536 185 602; x_wconf 88' lang='lat' dir='ltr'>inde</span> <span class='ocrx_word' id='word_1_4' title='bbox 200 535 291 601; x_wconf 83' lang='lat' dir='ltr'>vadit</span> <span class='ocrx_word' id='word_1_5' title='bbox 306 533 353 601; x_wconf 90' lang='lat' dir='ltr'>ad</span> <span class='ocrx_word' id='word_1_6' title='bbox 368 534 513 619; x_wconf 84' lang='lat' dir='ltr'>lapidem</span> <span class='ocrx_word' id='word_1_7' title='bbox 532 555 589 618; x_wconf 90' lang='lat' dir='ltr'>per</span> <span class='ocrx_word' id='word_1_8' title='bbox 605 541 706 601; x_wconf 85' lang='lat' dir='ltr'>metas</span> <span class='ocrx_word' id='word_1_9' title='bbox 726 537 779 600; x_wconf 94' lang='lat' dir='ltr'>ubi</span> <span class='ocrx_word' id='word_1_10' title='bbox 798 535 1238 602; x_wconf 85' lang='lat' dir='ltr'>contermineturterreBan-</span> 
     </span>
     <span class='ocr_line' id='line_1_3' title="bbox 115 643 1238 730; baseline 0.001 -23"><span class='ocrx_word' id='word_1_11' title='bbox 115 644 208 728; x_wconf 86' lang='lat' dir='ltr'>conis,</span> <span class='ocrx_word' id='word_1_12' title='bbox 227 643 302 708; x_wconf 91' lang='lat' dir='ltr'>binc</span> <span class='ocrx_word' id='word_1_13' title='bbox 318 662 379 726; x_wconf 92' lang='lat' dir='ltr'>per</span> <span class='ocrx_word' id='word_1_14' title='bbox 398 650 498 708; x_wconf 90' lang='lat' dir='ltr'>metas</span> <span class='ocrx_word' id='word_1_15' title='bbox 516 643 693 726; x_wconf 79' lang='lat' dir='ltr'><strong>procedens</strong></span> <span class='ocrx_word' id='word_1_16' title='bbox 712 645 965 709; x_wconf 89' lang='lat' dir='ltr'>conterminatnr</span> <span class='ocrx_word' id='word_1_17' title='bbox 980 651 1065 710; x_wconf 89' lang='lat' dir='ltr'>terre</span> <span class='ocrx_word' id='word_1_18' title='bbox 1075 643 1238 730; x_wconf 84' lang='lat' dir='ltr'>Episcopi,</span> 
     </span>
     <span class='ocr_line' id='line_1_4' title="bbox 115 748 1239 836; baseline 0.002 -22"><span class='ocrx_word' id='word_1_19' title='bbox 115 749 186 816; x_wconf 86' lang='lat' dir='ltr'>inde</span> <span class='ocrx_word' id='word_1_20' title='bbox 201 750 246 816; x_wconf 90' lang='lat' dir='ltr'>ad</span> <span class='ocrx_word' id='word_1_21' title='bbox 262 769 430 836; x_wconf 88' lang='lat' dir='ltr'>quercum,</span> <span class='ocrx_word' id='word_1_22' title='bbox 458 749 533 814; x_wconf 89' lang='lat' dir='ltr'>inde</span> <span class='ocrx_word' id='word_1_23' title='bbox 549 749 592 813; x_wconf 88' lang='lat' dir='ltr'>ad</span> <span class='ocrx_word' id='word_1_24' title='bbox 609 748 797 816; x_wconf 80' lang='lat' dir='ltr'>avellanam</span> <span class='ocrx_word' id='word_1_25' title='bbox 823 749 897 815; x_wconf 81' lang='lat' dir='ltr'>moe</span> <span class='ocrx_word' id='word_1_26' title='bbox 913 751 957 816; x_wconf 88' lang='lat' dir='ltr'>ad</span> <span class='ocrx_word' id='word_1_27' title='bbox 973 769 1137 834; x_wconf 89' lang='lat' dir='ltr'>quercum,</span> <span class='ocrx_word' id='word_1_28' title='bbox 1163 748 1239 816; x_wconf 91' lang='lat' dir='ltr'>hinc</span> 
     </span>
     <span class='ocr_line' id='line_1_5' title="bbox 115 855 1241 942; baseline -0.001 -19"><span class='ocrx_word' id='word_1_29' title='bbox 115 855 152 924; x_wconf 79' lang='lat' dir='ltr'>an</span> <span class='ocrx_word' id='word_1_30' title='bbox 178 877 298 942; x_wconf 89' lang='lat' dir='ltr'>aquam</span> <span class='ocrx_word' id='word_1_31' title='bbox 319 858 467 941; x_wconf 87' lang='lat' dir='ltr'>Yelsonc,</span> <span class='ocrx_word' id='word_1_32' title='bbox 486 856 602 940; x_wconf 86' lang='lat' dir='ltr'>inqua</span> <span class='ocrx_word' id='word_1_33' title='bbox 619 875 732 940; x_wconf 88' lang='lat' dir='ltr'>parum</span> <span class='ocrx_word' id='word_1_34' title='bbox 749 856 928 942; x_wconf 78' lang='lat' dir='ltr'>procedens</span> <span class='ocrx_word' id='word_1_35' title='bbox 944 856 1056 923; x_wconf 86' lang='lat' dir='ltr'>transit</span> <span class='ocrx_word' id='word_1_36' title='bbox 1076 855 1119 923; x_wconf 90' lang='lat' dir='ltr'>ad</span> <span class='ocrx_word' id='word_1_37' title='bbox 1135 857 1241 941; x_wconf 89' lang='lat' dir='ltr'>pirum</span> 
     </span>
     <span class='ocr_line' id='line_1_6' title="bbox 116 963 1240 1051; baseline 0.003 -21"><span class='ocrx_word' id='word_1_38' title='bbox 116 965 165 1032; x_wconf 89' lang='lat' dir='ltr'>nbi</span> <span class='ocrx_word' id='word_1_39' title='bbox 182 972 231 1031; x_wconf 85' lang='lat' dir='ltr'>eat</span> <span class='ocrx_word' id='word_1_40' title='bbox 248 971 345 1051; x_wconf 85' lang='lat' dir='ltr'>meta,</span> <span class='ocrx_word' id='word_1_41' title='bbox 362 963 441 1030; x_wconf 86' lang='lat' dir='ltr'>inde</span> <span class='ocrx_word' id='word_1_42' title='bbox 456 964 491 1032; x_wconf 87' lang='lat' dir='ltr'>in</span> <span class='ocrx_word' id='word_1_43' title='bbox 506 971 645 1032; x_wconf 89' lang='lat' dir='ltr'>montem</span> <span class='ocrx_word' id='word_1_44' title='bbox 655 964 698 1030; x_wconf 88' lang='lat' dir='ltr'>ad</span> <span class='ocrx_word' id='word_1_45' title='bbox 711 984 874 1049; x_wconf 87' lang='lat' dir='ltr'>quercum,</span> <span class='ocrx_word' id='word_1_46' title='bbox 886 963 1006 1031; x_wconf 87' lang='lat' dir='ltr'>deinde</span> <span class='ocrx_word' id='word_1_47' title='bbox 1016 963 1240 1033; x_wconf 87' lang='lat' dir='ltr'>adviaminde</span> 
     </span>
     <span class='ocr_line' id='line_1_7' title="bbox 116 1069 1242 1159; baseline 0.002 -21"><span class='ocrx_word' id='word_1_48' title='bbox 116 1091 167 1154; x_wconf 85' lang='lat' dir='ltr'>per</span> <span class='ocrx_word' id='word_1_49' title='bbox 183 1079 288 1138; x_wconf 86' lang='lat' dir='ltr'>metas</span> <span class='ocrx_word' id='word_1_50' title='bbox 308 1071 351 1138; x_wconf 86' lang='lat' dir='ltr'>ad</span> <span class='ocrx_word' id='word_1_51' title='bbox 368 1069 497 1156; x_wconf 88' lang='lat' dir='ltr'>Hodud,</span> <span class='ocrx_word' id='word_1_52' title='bbox 514 1071 590 1138; x_wconf 91' lang='lat' dir='ltr'>binc</span> <span class='ocrx_word' id='word_1_53' title='bbox 606 1071 639 1138; x_wconf 91' lang='lat' dir='ltr'>in</span> <span class='ocrx_word' id='word_1_54' title='bbox 656 1077 794 1138; x_wconf 89' lang='lat' dir='ltr'>montem</span> <span class='ocrx_word' id='word_1_55' title='bbox 810 1071 853 1138; x_wconf 80' lang='lat' dir='ltr'>acl</span> <span class='ocrx_word' id='word_1_56' title='bbox 870 1072 1001 1138; x_wconf 87' lang='lat' dir='ltr'>sorbum</span> <span class='ocrx_word' id='word_1_57' title='bbox 1027 1071 1068 1137; x_wconf 76' lang='lat' dir='ltr'>tle</span> <span class='ocrx_word' id='word_1_58' title='bbox 1094 1093 1158 1156; x_wconf 90' lang='lat' dir='ltr'>qua</span> <span class='ocrx_word' id='word_1_59' title='bbox 1184 1095 1242 1159; x_wconf 91' lang='lat' dir='ltr'>per</span> 
     </span>
    </p>
   </div>
   <div class='ocr_carea' id='block_1_3' title="bbox 13 1177 1240 1266">
    <p class='ocr_par' dir='ltr' id='par_1_3' title="bbox 13 1177 1240 1266">
     <span class='ocr_line' id='line_1_8' title="bbox 13 1177 1240 1266; baseline 0.002 -24"><span class='ocrx_word' id='word_1_60' title='bbox 13 1207 14 1216; x_wconf 19' lang='grc' dir='ltr'><strong>κ</strong></span> <span class='ocrx_word' id='word_1_61' title='bbox 116 1179 197 1247; x_wconf 83' lang='lat' dir='ltr'>viam</span> <span class='ocrx_word' id='word_1_62' title='bbox 230 1178 323 1245; x_wconf 85' lang='lat' dir='ltr'>vadit</span> <span class='ocrx_word' id='word_1_63' title='bbox 355 1178 398 1244; x_wconf 88' lang='lat' dir='ltr'>ad</span> <span class='ocrx_word' id='word_1_64' title='bbox 431 1177 521 1264; x_wconf 86' lang='lat' dir='ltr'>lulla,</span> <span class='ocrx_word' id='word_1_65' title='bbox 553 1178 629 1245; x_wconf 91' lang='lat' dir='ltr'>iude</span> <span class='ocrx_word' id='word_1_66' title='bbox 661 1179 694 1245; x_wconf 94' lang='lat' dir='ltr'>in</span> <span class='ocrx_word' id='word_1_67' title='bbox 726 1179 922 1262; x_wconf 77' lang='lat' dir='ltr'>Oruuawelg</span> <span class='ocrx_word' id='word_1_68' title='bbox 951 1178 1088 1258; x_wconf 84' lang='lat' dir='ltr'>hincin</span> <span class='ocrx_word' id='word_1_69' title='bbox 1113 1179 1240 1266; x_wconf 89' lang='lat' dir='ltr'>Hodnd,</span> 
     </span>
    </p>
   </div>
   <div class='ocr_carea' id='block_1_4' title="bbox 116 1286 1243 2340">
    <p class='ocr_par' dir='ltr' id='par_1_4' title="bbox 116 1286 1243 2340">
     <span class='ocr_line' id='line_1_9' title="bbox 116 1286 1243 1372; baseline 0.003 -22"><span class='ocrx_word' id='word_1_70' title='bbox 116 1286 155 1352; x_wconf 94' lang='lat' dir='ltr'>ibi</span> <span class='ocrx_word' id='word_1_71' title='bbox 182 1288 435 1356; x_wconf 68' lang='lat' dir='ltr'>conterminantur</span> <span class='ocrx_word' id='word_1_72' title='bbox 460 1287 559 1370; x_wconf 87' lang='lat' dir='ltr'>priori</span> <span class='ocrx_word' id='word_1_73' title='bbox 578 1293 662 1354; x_wconf 86' lang='lat' dir='ltr'>terre</span> <span class='ocrx_word' id='word_1_74' title='bbox 688 1287 831 1354; x_wconf 89' lang='lat' dir='ltr'>eiusdem</span> <span class='ocrx_word' id='word_1_75' title='bbox 849 1286 1005 1372; x_wconf 77' lang='lat' dir='ltr'>Ecclesia,</span> <span class='ocrx_word' id='word_1_76' title='bbox 1022 1288 1064 1352; x_wconf 92' lang='lat' dir='ltr'>ab</span> <span class='ocrx_word' id='word_1_77' title='bbox 1081 1286 1156 1356; x_wconf 88' lang='lat' dir='ltr'>inde</span> <span class='ocrx_word' id='word_1_78' title='bbox 1185 1307 1243 1372; x_wconf 90' lang='lat' dir='ltr'>per</span> 
     </span>
     <span class='ocr_line' id='line_1_10' title="bbox 117 1394 1240 1481; baseline 0.005 -25"><span class='ocrx_word' id='word_1_79' title='bbox 117 1401 238 1460; x_wconf 88' lang='lat' dir='ltr'>montes</span> <span class='ocrx_word' id='word_1_80' title='bbox 263 1401 296 1460; x_wconf 88' lang='lat' dir='ltr'>et</span> <span class='ocrx_word' id='word_1_81' title='bbox 321 1395 425 1461; x_wconf 90' lang='lat' dir='ltr'>colles</span> <span class='ocrx_word' id='word_1_82' title='bbox 445 1401 477 1461; x_wconf 88' lang='lat' dir='ltr'>et</span> <span class='ocrx_word' id='word_1_83' title='bbox 501 1415 559 1481; x_wconf 89' lang='lat' dir='ltr'>per</span> <span class='ocrx_word' id='word_1_84' title='bbox 585 1401 693 1461; x_wconf 87' lang='lat' dir='ltr'>cetera</span> <span class='ocrx_word' id='word_1_85' title='bbox 719 1396 793 1462; x_wconf 88' lang='lat' dir='ltr'>loca</span> <span class='ocrx_word' id='word_1_86' title='bbox 819 1394 1019 1461; x_wconf 87' lang='lat' dir='ltr'>transeundo</span> <span class='ocrx_word' id='word_1_87' title='bbox 1046 1414 1119 1460; x_wconf 92' lang='lat' dir='ltr'>cnm</span> <span class='ocrx_word' id='word_1_88' title='bbox 1145 1394 1240 1462; x_wconf 87' lang='lat' dir='ltr'>metis</span> 
     </span>
     <span class='ocr_line' id='line_1_11' title="bbox 117 1498 1242 1588; baseline -0.001 -20"><span class='ocrx_word' id='word_1_89' title='bbox 117 1498 261 1568; x_wconf 84' lang='lat' dir='ltr'>aseendit</span> <span class='ocrx_word' id='word_1_90' title='bbox 276 1501 320 1566; x_wconf 87' lang='lat' dir='ltr'>ad</span> <span class='ocrx_word' id='word_1_91' title='bbox 334 1501 444 1568; x_wconf 92' lang='lat' dir='ltr'>locum</span> <span class='ocrx_word' id='word_1_92' title='bbox 460 1502 546 1568; x_wconf 89' lang='lat' dir='ltr'>unde</span> <span class='ocrx_word' id='word_1_93' title='bbox 563 1501 655 1586; x_wconf 86' lang='lat' dir='ltr'>prius</span> <span class='ocrx_word' id='word_1_94' title='bbox 680 1508 907 1586; x_wconf 72' lang='lat' dir='ltr'>proccesseratv</span> <span class='ocrx_word' id='word_1_95' title='bbox 937 1507 1033 1586; x_wconf 85' lang='lat' dir='ltr'>meta,</span> <span class='ocrx_word' id='word_1_96' title='bbox 1066 1519 1194 1588; x_wconf 82' lang='lat' dir='ltr'>semper</span> <span class='ocrx_word' id='word_1_97' title='bbox 1220 1521 1242 1566; x_wconf 86' lang='lat' dir='ltr'>a</span> 
     </span>
     <span class='ocr_line' id='line_1_12' title="bbox 117 1607 1239 1677; baseline 0.002 -3"><span class='ocrx_word' id='word_1_98' title='bbox 117 1609 234 1676; x_wconf 82' lang='lat' dir='ltr'>dextris</span> <span class='ocrx_word' id='word_1_99' title='bbox 250 1608 397 1675; x_wconf 77' lang='lat' dir='ltr'>Ecclesia</span> <span class='ocrx_word' id='word_1_100' title='bbox 414 1609 508 1676; x_wconf 87' lang='lat' dir='ltr'>metis</span> <span class='ocrx_word' id='word_1_101' title='bbox 523 1609 776 1677; x_wconf 75' lang='lat' dir='ltr'>remanentibus.</span> <span class='ocrx_word' id='word_1_102' title='bbox 809 1609 851 1676; x_wconf 90' lang='lat' dir='ltr'>Ut</span> <span class='ocrx_word' id='word_1_103' title='bbox 877 1617 985 1674; x_wconf 83' lang='lat' dir='ltr'>autem</span> <span class='ocrx_word' id='word_1_104' title='bbox 1017 1607 1078 1674; x_wconf 87' lang='lat' dir='ltr'>hcc</span> <span class='ocrx_word' id='word_1_105' title='bbox 1109 1611 1239 1676; x_wconf 87' lang='lat' dir='ltr'>anobis</span> 
     </span>
     <span class='ocr_line' id='line_1_13' title="bbox 118 1715 1242 1784; baseline 0 -1"><span class='ocrx_word' id='word_1_106' title='bbox 118 1717 223 1784; x_wconf 80' lang='lat' dir='ltr'>Ochus</span> <span class='ocrx_word' id='word_1_107' title='bbox 238 1717 331 1782; x_wconf 85' lang='lat' dir='ltr'>Buno</span> <span class='ocrx_word' id='word_1_108' title='bbox 347 1715 435 1784; x_wconf 83' lang='lat' dir='ltr'>facta</span> <span class='ocrx_word' id='word_1_109' title='bbox 451 1717 615 1784; x_wconf 78' lang='lat' dir='ltr'>restitucio</span> <span class='ocrx_word' id='word_1_110' title='bbox 641 1725 674 1784; x_wconf 89' lang='lat' dir='ltr'>et</span> <span class='ocrx_word' id='word_1_111' title='bbox 693 1717 781 1783; x_wconf 85' lang='lat' dir='ltr'>laeta</span> <span class='ocrx_word' id='word_1_112' title='bbox 797 1717 829 1783; x_wconf 93' lang='lat' dir='ltr'>in</span> <span class='ocrx_word' id='word_1_113' title='bbox 847 1716 1030 1784; x_wconf 83' lang='lat' dir='ltr'>Ecclesiam</span> <span class='ocrx_word' id='word_1_114' title='bbox 1045 1718 1079 1782; x_wconf 92' lang='lat' dir='ltr'>in</span> <span class='ocrx_word' id='word_1_115' title='bbox 1095 1737 1242 1783; x_wconf 82' lang='lat' dir='ltr'>concam·</span> 
     </span>
     <span class='ocr_line' id='line_1_14' title="bbox 118 1823 1236 1908; baseline 0.001 -18"><span class='ocrx_word' id='word_1_116' title='bbox 118 1823 198 1890; x_wconf 90' lang='lat' dir='ltr'>bium</span> <span class='ocrx_word' id='word_1_117' title='bbox 214 1823 436 1890; x_wconf 88' lang='lat' dir='ltr'>restitucionis</span> <span class='ocrx_word' id='word_1_118' title='bbox 453 1824 591 1891; x_wconf 89' lang='lat' dir='ltr'>collacio</span> <span class='ocrx_word' id='word_1_119' title='bbox 608 1843 667 1890; x_wconf 89' lang='lat' dir='ltr'>nec</span> <span class='ocrx_word' id='word_1_120' title='bbox 682 1824 813 1908; x_wconf 86' lang='lat' dir='ltr'>nostris,</span> <span class='ocrx_word' id='word_1_121' title='bbox 831 1843 890 1889; x_wconf 87' lang='lat' dir='ltr'>nec</span> <span class='ocrx_word' id='word_1_122' title='bbox 915 1829 1095 1891; x_wconf 88' lang='lat' dir='ltr'>nostrorum</span> <span class='ocrx_word' id='word_1_123' title='bbox 1112 1843 1236 1892; x_wconf 77' lang='lat' dir='ltr'>srrcces·</span> 
     </span>
     <span class='ocr_line' id='line_1_15' title="bbox 120 1931 1243 2016; baseline 0.001 -19"><span class='ocrx_word' id='word_1_124' title='bbox 120 1951 221 1997; x_wconf 85' lang='lat' dir='ltr'>sorum</span> <span class='ocrx_word' id='word_1_125' title='bbox 254 1931 454 2016; x_wconf 86' lang='lat' dir='ltr'>temporibus</span> <span class='ocrx_word' id='word_1_126' title='bbox 485 1933 535 1996; x_wconf 87' lang='lat' dir='ltr'>vel</span> <span class='ocrx_word' id='word_1_127' title='bbox 567 1951 625 2015; x_wconf 92' lang='lat' dir='ltr'>per</span> <span class='ocrx_word' id='word_1_128' title='bbox 650 1933 776 1997; x_wconf 88' lang='lat' dir='ltr'>Banum</span> <span class='ocrx_word' id='word_1_129' title='bbox 808 1931 951 2016; x_wconf 85' lang='lat' dir='ltr'>siveper</span> <span class='ocrx_word' id='word_1_130' title='bbox 981 1931 1123 2015; x_wconf 87' lang='lat' dir='ltr'>aliquem</span> <span class='ocrx_word' id='word_1_131' title='bbox 1142 1933 1243 1998; x_wconf 89' lang='lat' dir='ltr'>alium</span> 
     </span>
     <span class='ocr_line' id='line_1_16' title="bbox 116 2038 1243 2126; baseline 0 -22"><span class='ocrx_word' id='word_1_132' title='bbox 116 2039 281 2105; x_wconf 83' lang='lat' dir='ltr'>retractari</span> <span class='ocrx_word' id='word_1_133' title='bbox 312 2038 435 2126; x_wconf 84' lang='lat' dir='ltr'>valeat,</span> <span class='ocrx_word' id='word_1_134' title='bbox 469 2047 653 2124; x_wconf 88' lang='lat' dir='ltr'>presentem</span> <span class='ocrx_word' id='word_1_135' title='bbox 695 2039 914 2105; x_wconf 85' lang='lat' dir='ltr'>concessimus</span> <span class='ocrx_word' id='word_1_136' title='bbox 945 2039 1099 2122; x_wconf 80' lang='lat' dir='ltr'>peginam</span> <span class='ocrx_word' id='word_1_137' title='bbox 1143 2039 1243 2123; x_wconf 82' lang='lat' dir='ltr'>sigilli</span> 
     </span>
     <span class='ocr_line' id='line_1_17' title="bbox 119 2147 1243 2232; baseline -0.001 -20"><span class='ocrx_word' id='word_1_138' title='bbox 119 2148 216 2214; x_wconf 85' lang='lat' dir='ltr'>nostri</span> <span class='ocrx_word' id='word_1_139' title='bbox 233 2147 412 2212; x_wconf 89' lang='lat' dir='ltr'>munimine</span> <span class='ocrx_word' id='word_1_140' title='bbox 428 2147 463 2211; x_wconf 93' lang='lat' dir='ltr'>in</span> <span class='ocrx_word' id='word_1_141' title='bbox 489 2154 678 2232; x_wconf 87' lang='lat' dir='ltr'>perpetuum</span> <span class='ocrx_word' id='word_1_142' title='bbox 706 2148 897 2213; x_wconf 84' lang='lat' dir='ltr'>roboratam.</span> <span class='ocrx_word' id='word_1_143' title='bbox 916 2148 1037 2210; x_wconf 84' lang='lat' dir='ltr'>Datum</span> <span class='ocrx_word' id='word_1_144' title='bbox 1054 2165 1243 2230; x_wconf 84' lang='lat' dir='ltr'>parmenus</span> 
     </span>
     <span class='ocr_line' id='line_1_18' title="bbox 120 2251 1243 2340; baseline 0.001 -22"><span class='ocrx_word' id='word_1_145' title='bbox 120 2251 199 2320; x_wconf 82' lang='lat' dir='ltr'>Gleti</span> <span class='ocrx_word' id='word_1_146' title='bbox 231 2253 316 2321; x_wconf 86' lang='lat' dir='ltr'>Aule</span> <span class='ocrx_word' id='word_1_147' title='bbox 348 2254 450 2338; x_wconf 84' lang='lat' dir='ltr'>Regio</span> <span class='ocrx_word' id='word_1_148' title='bbox 483 2253 677 2322; x_wconf 79' lang='lat' dir='ltr'>Cancellarii</span> <span class='ocrx_word' id='word_1_149' title='bbox 704 2262 735 2320; x_wconf 90' lang='lat' dir='ltr'>et</span> <span class='ocrx_word' id='word_1_150' title='bbox 767 2254 936 2338; x_wconf 81' lang='lat' dir='ltr'>Agriensis</span> <span class='ocrx_word' id='word_1_151' title='bbox 968 2253 1139 2340; x_wconf 90' lang='lat' dir='ltr'>Prcpositi,</span> <span class='ocrx_word' id='word_1_152' title='bbox 1157 2274 1243 2320; x_wconf 89' lang='lat' dir='ltr'>anno</span> 
     </span>
    </p>
   </div>
   <div class='ocr_carea' id='block_1_5' title="bbox 13 2357 1244 2554">
    <p class='ocr_par' dir='ltr' id='par_1_5' title="bbox 13 2357 1244 2554">
     <span class='ocr_line' id='line_1_19' title="bbox 13 2357 1243 2455; baseline 0.002 -31"><span class='ocrx_word' id='word_1_153' title='bbox 13 2363 14 2366; x_wconf 74' lang='grc'>’</span> <span class='ocrx_word' id='word_1_154' title='bbox 119 2360 287 2426; x_wconf 89' lang='lat' dir='ltr'>Dominice</span> <span class='ocrx_word' id='word_1_155' title='bbox 344 2357 586 2428; x_wconf 86' lang='lat' dir='ltr'>Incarnacionis</span> <span class='ocrx_word' id='word_1_156' title='bbox 638 2359 818 2455; x_wconf 80' lang='lat' dir='ltr'>MCOXXI.</span> <span class='ocrx_word' id='word_1_157' title='bbox 859 2359 1042 2426; x_wconf 84' lang='lat' dir='ltr'>Venerabili</span> <span class='ocrx_word' id='word_1_158' title='bbox 1093 2359 1243 2426; x_wconf 86' lang='lat' dir='ltr'>Johanne</span> 
     </span>
     <span class='ocr_line' id='line_1_20' title="bbox 13 2467 1244 2554; baseline 0.002 -22"><span class='ocrx_word' id='word_1_159' title='bbox 13 2505 14 2508; x_wconf 61' lang='lat'><em>=</em></span> <span class='ocrx_word' id='word_1_160' title='bbox 119 2467 354 2554; x_wconf 76' lang='lat' dir='ltr'>strigoniensi,</span> <span class='ocrx_word' id='word_1_161' title='bbox 395 2467 582 2537; x_wconf 83' lang='lat' dir='ltr'>Reverendo</span> <span class='ocrx_word' id='word_1_162' title='bbox 617 2469 736 2554; x_wconf 84' lang='lat' dir='ltr'>Vgrino</span> <span class='ocrx_word' id='word_1_163' title='bbox 775 2469 941 2535; x_wconf 89' lang='lat' dir='ltr'>Colocensi</span> <span class='ocrx_word' id='word_1_164' title='bbox 982 2467 1244 2554; x_wconf 63' lang='lat' dir='ltr'>archiepiscopis</span> 
     </span>
    </p>
   </div>
   <div class='ocr_carea' id='block_1_6' title="bbox 119 2575 1245 2662">
    <p class='ocr_par' dir='ltr' id='par_1_6' title="bbox 119 2575 1245 2662">
     <span class='ocr_line' id='line_1_21' title="bbox 119 2575 1245 2662; baseline 0.002 -22"><span class='ocrx_word' id='word_1_165' title='bbox 119 2577 343 2661; x_wconf 85' lang='lat' dir='ltr'>existentibus,</span> <span class='ocrx_word' id='word_1_166' title='bbox 387 2578 558 2646; x_wconf 88' lang='lat' dir='ltr'>Desiderio</span> <span class='ocrx_word' id='word_1_167' title='bbox 587 2578 771 2662; x_wconf 81' lang='lat' dir='ltr'>Cenadinsi,</span> <span class='ocrx_word' id='word_1_168' title='bbox 809 2575 970 2644; x_wconf 89' lang='lat' dir='ltr'>Willelmo</span> <span class='ocrx_word' id='word_1_169' title='bbox 1013 2577 1245 2658; x_wconf 81' lang='lat' dir='ltr'>Transilvano,</span> 
     </span>
    </p>
   </div>
   <div class='ocr_carea' id='block_1_7' title="bbox 13 2685 1244 2773">
    <p class='ocr_par' dir='ltr' id='par_1_7' title="bbox 13 2685 1244 2773">
     <span class='ocr_line' id='line_1_22' title="bbox 13 2685 1244 2773; baseline -0.001 -24"><span class='ocrx_word' id='word_1_170' title='bbox 13 2729 14 2732; x_wconf 19' lang='grc' dir='ltr'><strong>κ</strong></span> <span class='ocrx_word' id='word_1_171' title='bbox 119 2685 659 2773; x_wconf 84' lang='lat' dir='ltr'>RobertoWesprimiensi,Thoma</span> <span class='ocrx_word' id='word_1_172' title='bbox 674 2687 834 2770; x_wconf 81' lang='lat' dir='ltr'>Agriensi,</span> <span class='ocrx_word' id='word_1_173' title='bbox 845 2685 1011 2769; x_wconf 83' lang='lat' dir='ltr'>Stephano</span> <span class='ocrx_word' id='word_1_174' title='bbox 1022 2685 1244 2770; x_wconf 85' lang='lat' dir='ltr'>Zagrabiensi,</span> 
     </span>
    </p>
   </div>
   <div class='ocr_carea' id='block_1_8' title="bbox 120 2791 1244 2985">
    <p class='ocr_par' dir='ltr' id='par_1_8' title="bbox 120 2791 1244 2985">
     <span class='ocr_line' id='line_1_23' title="bbox 120 2791 1244 2877; baseline -0.003 -17"><span class='ocrx_word' id='word_1_175' title='bbox 120 2793 306 2860; x_wconf 81' lang='lat' dir='ltr'>Alexandro</span> <span class='ocrx_word' id='word_1_176' title='bbox 332 2793 550 2877; x_wconf 87' lang='lat' dir='ltr'>Waradiensi,</span> <span class='ocrx_word' id='word_1_177' title='bbox 595 2793 821 2860; x_wconf 88' lang='lat' dir='ltr'>Bartholomeo</span> <span class='ocrx_word' id='word_1_178' title='bbox 846 2791 1186 2876; x_wconf 76' lang='lat' dir='ltr'>Quinqucecclesiensi</span> <span class='ocrx_word' id='word_1_179' title='bbox 1212 2799 1244 2858; x_wconf 89' lang='lat' dir='ltr'>et</span> 
     </span>
     <span class='ocr_line' id='line_1_24' title="bbox 120 2899 1241 2985; baseline 0.002 -21"><span class='ocrx_word' id='word_1_180' title='bbox 120 2900 191 2966; x_wconf 81' lang='lat' dir='ltr'>aliis</span> <span class='ocrx_word' id='word_1_181' title='bbox 221 2899 395 2985; x_wconf 77' lang='lat' dir='ltr'>Episcopis</span> <span class='ocrx_word' id='word_1_182' title='bbox 429 2901 591 2967; x_wconf 78' lang='lat' dir='ltr'>Ecclesiae</span> <span class='ocrx_word' id='word_1_183' title='bbox 624 2900 764 2966; x_wconf 78' lang='lat' dir='ltr'>feliciter</span> <span class='ocrx_word' id='word_1_184' title='bbox 796 2900 1062 2985; x_wconf 84' lang='lat' dir='ltr'>gubernantibus.</span> <span class='ocrx_word' id='word_1_185' title='bbox 1105 2900 1241 2966; x_wconf 88' lang='lat' dir='ltr'>Nieoloo</span> 
     </span>
    </p>
   </div>
   <div class='ocr_carea' id='block_1_9' title="bbox 13 3003 1247 3200">
    <p class='ocr_par' dir='ltr' id='par_1_9' title="bbox 13 3003 1247 3200">
     <span class='ocr_line' id='line_1_25' title="bbox 13 3003 1243 3093; baseline -0.001 -21"><span class='ocrx_word' id='word_1_186' title='bbox 13 3027 14 3052; x_wconf 78' lang='lat'>³</span> <span class='ocrx_word' id='word_1_187' title='bbox 120 3007 271 3074; x_wconf 83' lang='lat' dir='ltr'>Palatino</span> <span class='ocrx_word' id='word_1_188' title='bbox 289 3012 320 3073; x_wconf 89' lang='lat' dir='ltr'>et</span> <span class='ocrx_word' id='word_1_189' title='bbox 331 3003 455 3072; x_wconf 83' lang='lat' dir='ltr'>(lomite</span> <span class='ocrx_word' id='word_1_190' title='bbox 466 3007 690 3092; x_wconf 84' lang='lat' dir='ltr'>Supruniensi,</span> <span class='ocrx_word' id='word_1_191' title='bbox 702 3005 814 3072; x_wconf 87' lang='lat' dir='ltr'>Ochuz</span> <span class='ocrx_word' id='word_1_192' title='bbox 832 3007 932 3092; x_wconf 82' lang='lat' dir='ltr'>Reno,</span> <span class='ocrx_word' id='word_1_193' title='bbox 949 3005 1052 3072; x_wconf 87' lang='lat' dir='ltr'>Paulo</span> <span class='ocrx_word' id='word_1_194' title='bbox 1063 3005 1243 3093; x_wconf 80' lang='lat' dir='ltr'>Voywoda,</span> 
     </span>
     <span class='ocr_line' id='line_1_26' title="bbox 13 3111 1247 3200; baseline -0.002 -19"><span class='ocrx_word' id='word_1_195' title='bbox 13 3121 14 3148; x_wconf 67' lang='lat'>³</span> <span class='ocrx_word' id='word_1_196' title='bbox 120 3115 193 3182; x_wconf 87' lang='lat' dir='ltr'>Jula</span> <span class='ocrx_word' id='word_1_197' title='bbox 211 3114 338 3180; x_wconf 79' lang='lat' dir='ltr'>Ceriali</span> <span class='ocrx_word' id='word_1_198' title='bbox 354 3111 479 3182; x_wconf 79' lang='lat' dir='ltr'>(lomite</span> <span class='ocrx_word' id='word_1_199' title='bbox 505 3116 629 3200; x_wconf 81' lang='lat' dir='ltr'>Regiae</span> <span class='ocrx_word' id='word_1_200' title='bbox 646 3121 679 3182; x_wconf 89' lang='lat' dir='ltr'>et</span> <span class='ocrx_word' id='word_1_201' title='bbox 695 3115 817 3182; x_wconf 85' lang='lat' dir='ltr'>Comite</span> <span class='ocrx_word' id='word_1_202' title='bbox 835 3113 1062 3199; x_wconf 84' lang='lat' dir='ltr'>Budrugiensi,</span> <span class='ocrx_word' id='word_1_203' title='bbox 1089 3114 1247 3198; x_wconf 83' lang='lat' dir='ltr'>Dyonisio</span> 
     </span>
    </p>
   </div>
   <div class='ocr_carea' id='block_1_10' title="bbox 121 3221 1245 3306">
    <p class='ocr_par' dir='ltr' id='par_1_10' title="bbox 121 3221 1245 3306">
     <span class='ocr_line' id='line_1_27' title="bbox 121 3221 1245 3306; baseline 0.001 -20"><span class='ocrx_word' id='word_1_204' title='bbox 121 3223 273 3306; x_wconf 84' lang='lat' dir='ltr'>Magistro</span> <span class='ocrx_word' id='word_1_205' title='bbox 290 3221 557 3288; x_wconf 83' lang='lat' dir='ltr'>Tawcrnicornm</span> <span class='ocrx_word' id='word_1_206' title='bbox 574 3231 606 3288; x_wconf 88' lang='lat' dir='ltr'>et</span> <span class='ocrx_word' id='word_1_207' title='bbox 636 3222 758 3290; x_wconf 80' lang='lat' dir='ltr'>Comite</span> <span class='ocrx_word' id='word_1_208' title='bbox 784 3222 970 3302; x_wconf 87' lang='lat' dir='ltr'>Bachiensi,</span> <span class='ocrx_word' id='word_1_209' title='bbox 997 3221 1153 3286; x_wconf 84' lang='lat' dir='ltr'>Bankone</span> <span class='ocrx_word' id='word_1_210' title='bbox 1185 3222 1245 3287; x_wconf 81' lang='lat' dir='ltr'>Cn-</span> 
     </span>
    </p>
   </div>
   <div class='ocr_carea' id='block_1_11' title="bbox 13 3315 1244 3414">
    <p class='ocr_par' dir='ltr' id='par_1_11' title="bbox 13 3315 1244 3414">
     <span class='ocr_line' id='line_1_28' title="bbox 13 3315 1244 3414; baseline -0.001 -19"><span class='ocrx_word' id='word_1_211' title='bbox 13 3315 14 3342; x_wconf 79' lang='lat'>³</span> <span class='ocrx_word' id='word_1_212' title='bbox 121 3329 190 3395; x_wconf 84' lang='lat' dir='ltr'>riali</span> <span class='ocrx_word' id='word_1_213' title='bbox 216 3329 341 3396; x_wconf 84' lang='lat' dir='ltr'>Comite</span> <span class='ocrx_word' id='word_1_214' title='bbox 366 3328 465 3412; x_wconf 81' lang='lat' dir='ltr'>Regis</span> <span class='ocrx_word' id='word_1_215' title='bbox 482 3335 514 3394; x_wconf 86' lang='lat' dir='ltr'>et</span> <span class='ocrx_word' id='word_1_216' title='bbox 540 3330 661 3396; x_wconf 82' lang='lat' dir='ltr'>Comite</span> <span class='ocrx_word' id='word_1_217' title='bbox 686 3329 832 3414; x_wconf 81' lang='lat' dir='ltr'>Albensi,</span> <span class='ocrx_word' id='word_1_218' title='bbox 861 3331 1025 3395; x_wconf 86' lang='lat' dir='ltr'>Demetrio</span> <span class='ocrx_word' id='word_1_219' title='bbox 1052 3329 1244 3394; x_wconf 84' lang='lat' dir='ltr'>Senescalco</span> 
     </span>
    </p>
   </div>
   <div class='ocr_carea' id='block_1_12' title="bbox 122 3435 1247 3523">
    <p class='ocr_par' dir='ltr' id='par_1_12' title="bbox 122 3435 1247 3523">
     <span class='ocr_line' id='line_1_29' title="bbox 122 3435 1247 3523; baseline -0.002 -21"><span class='ocrx_word' id='word_1_220' title='bbox 122 3443 152 3502; x_wconf 88' lang='lat' dir='ltr'>et</span> <span class='ocrx_word' id='word_1_221' title='bbox 181 3437 303 3504; x_wconf 85' lang='lat' dir='ltr'>Comite</span> <span class='ocrx_word' id='word_1_222' title='bbox 336 3436 578 3523; x_wconf 86' lang='lat' dir='ltr'>Woswarieusi,</span> <span class='ocrx_word' id='word_1_223' title='bbox 626 3438 804 3505; x_wconf 83' lang='lat' dir='ltr'>Laurenoio</span> <span class='ocrx_word' id='word_1_224' title='bbox 836 3435 902 3502; x_wconf 88' lang='lat' dir='ltr'>lilio</span> <span class='ocrx_word' id='word_1_225' title='bbox 935 3435 1045 3502; x_wconf 87' lang='lat' dir='ltr'>Ochun</span> <span class='ocrx_word' id='word_1_226' title='bbox 1092 3437 1247 3519; x_wconf 79' lang='lat' dir='ltr'>Magistro</span> 
     </span>
    </p>
   </div>
   <div class='ocr_carea' id='block_1_13' title="bbox 13 3543 1246 3632">
    <p class='ocr_par' dir='ltr' id='par_1_13' title="bbox 13 3543 1246 3632">
     <span class='ocr_line' id='line_1_30' title="bbox 13 3543 1246 3632; baseline 0 -24"><span class='ocrx_word' id='word_1_227' title='bbox 13 3565 14 3632; x_wconf 78' lang='lat'><em>}</em></span> <span class='ocrx_word' id='word_1_228' title='bbox 122 3543 350 3612; x_wconf 85' lang='lat' dir='ltr'>Pincernarnm</span> <span class='ocrx_word' id='word_1_229' title='bbox 384 3551 416 3610; x_wconf 90' lang='lat' dir='ltr'>et</span> <span class='ocrx_word' id='word_1_230' title='bbox 432 3545 555 3612; x_wconf 81' lang='lat' dir='ltr'>Gemite</span> <span class='ocrx_word' id='word_1_231' title='bbox 572 3545 756 3612; x_wconf 82' lang='lat' dir='ltr'>Keweiensi</span> <span class='ocrx_word' id='word_1_232' title='bbox 773 3545 999 3611; x_wconf 82' lang='lat' dir='ltr'>existentibus.</span> <span class='ocrx_word' id='word_1_233' title='bbox 1026 3545 1131 3628; x_wconf 84' lang='lat' dir='ltr'>Regni</span> <span class='ocrx_word' id='word_1_234' title='bbox 1147 3544 1246 3611; x_wconf 89' lang='lat' dir='ltr'>nostri</span> 
     </span>
    </p>
   </div>
   <div class='ocr_carea' id='block_1_14' title="bbox 13 3647 343 3718">
    <p class='ocr_par' dir='ltr' id='par_1_14' title="bbox 13 3647 343 3718">
     <span class='ocr_line' id='line_1_31' title="bbox 13 3647 343 3718; baseline 0 0"><span class='ocrx_word' id='word_1_235' title='bbox 13 3647 15 3672; x_wconf 45' lang='lat' dir='ltr'>l</span> <span class='ocrx_word' id='word_1_236' title='bbox 123 3670 204 3718; x_wconf 82' lang='lat' dir='ltr'>auno</span> <span class='ocrx_word' id='word_1_237' title='bbox 219 3653 343 3718; x_wconf 82' lang='lat' dir='ltr'>XVlll.</span> 
     </span>
    </p>
   </div>
   <div class='ocr_carea' id='block_1_15' title="bbox 13 3845 1247 3917">
    <p class='ocr_par' dir='ltr' id='par_1_15' title="bbox 13 3845 1247 3917">
     <span class='ocr_line' id='line_1_32' title="bbox 13 3845 1247 3917; baseline -0.001 -15"><span class='ocrx_word' id='word_1_238' title='bbox 13 3845 14 3916; x_wconf 71' lang='lat' dir='ltr'>l</span> <span class='ocrx_word' id='word_1_239' title='bbox 122 3847 278 3916; x_wconf 70' lang='lat' dir='ltr'>(Tkslcsics,</span> <span class='ocrx_word' id='word_1_240' title='bbox 299 3853 426 3902; x_wconf 73' lang='lat' dir='ltr'>bionum.</span> <span class='ocrx_word' id='word_1_241' title='bbox 446 3853 582 3903; x_wconf 87' lang='lat' dir='ltr'>historica</span> <span class='ocrx_word' id='word_1_242' title='bbox 601 3852 788 3916; x_wconf 84' lang='lat' dir='ltr'>Episcopatus</span> <span class='ocrx_word' id='word_1_243' title='bbox 808 3851 1007 3917; x_wconf 83' lang='lat' dir='ltr'>Zagrabiensis</span> <span class='ocrx_word' id='word_1_244' title='bbox 1030 3851 1052 3900; x_wconf 93' lang='lat'>1.</span> <span class='ocrx_word' id='word_1_245' title='bbox 1076 3852 1135 3902; x_wconf 76' lang='lat' dir='ltr'>rot.</span> <span class='ocrx_word' id='word_1_246' title='bbox 1160 3856 1202 3902; x_wconf 77' lang='lat'>49.</span> <span class='ocrx_word' id='word_1_247' title='bbox 1218 3853 1247 3916; x_wconf 86' lang='lat' dir='ltr'>l.)</span> 
     </span>
    </p>
   </div>
   <div class='ocr_carea' id='block_1_16' title="bbox 555 4140 821 4150">
    <p class='ocr_par' dir='ltr' id='par_1_16' title="bbox 555 4140 821 4150">
     <span class='ocr_line' id='line_1_33' title="bbox 555 4140 821 4150; baseline 0 0"><span class='ocrx_word' id='word_1_248' title='bbox 555 4140 821 4150; x_wconf 73' lang='lat'><strong>—-—--·-·--</strong></span> 
     </span>
    </p>
   </div>
   <div class='ocr_carea' id='block_1_17' title="bbox 0 0 1566 5132">
    <p class='ocr_par' dir='ltr' id='par_1_17' title="bbox 0 0 1566 5132">
     <span class='ocr_line' id='line_1_34' title="bbox 0 0 1566 5132; baseline 0 0"><span class='ocrx_word' id='word_1_249' title='bbox 0 0 1566 5132; x_wconf 95' lang='lat' dir='ltr'> </span> 
     </span>
    </p>
   </div>
  </div>
 </body>
</html>
