3120 5148
825 335 986 447 Q

342 537 467 630 cipalus
486 539 605 628 (lepue,
623 559 708 607 anno
724 546 815 608 sexto
831 539 935 625 Regni
953 541 1033 625 eius,
1052 539 1147 607 tertio
1164 536 1217 608 die
1233 541 1344 608 stante
1359 559 1473 608 mense

340 651 453 735 Medii,
470 649 658 717 indictionis
673 656 776 716 sexte.
816 649 884 715 Nos
899 647 1088 715 Mainardus
1104 649 1266 733 Rogerius
1284 657 1316 717 et
1332 648 1471 716 Guillel-

342 779 412 826 mus
428 757 641 842 Lombardus,
660 755 850 842 Imperiales
867 755 1000 823 Judices
1017 755 1166 824 Civitatis
1183 757 1346 844 'Permane
1361 763 1393 822 et
1409 777 1472 841 ego

343 865 578 950 Trasmundus‚
592 864 688 932 Miles
704 863 922 952 Camerarius,
939 883 1006 930 una
1037 885 1108 930 cum
1140 864 1292 932 universo
1325 863 1473 932 eiusdem

341 973 492 1042 Civitatis
507 973 638 1060 populo,
653 972 802 1038 volentes
820 969 1053 1038 fraternitatem
1085 992 1196 1039 veram
1228 979 1260 1038 et
1290 971 1471 1038 amicitiam

342 1081 532 1148 inviolatam
549 1101 620 1147 conr
636 1078 796 1162 Raguseis
813 1098 941 1162 semper
958 1079 1193 1146 communicare
1206 1087 1238 1146 et
1249 1087 1472 1163 manutenere,

341 1189 413 1275 pari
430 1207 592 1257 consensu
608 1195 640 1253 et
656 1187 784 1252 comuni
802 1188 970 1254 voluntate
986 1189 1157 1270 Raguseos
1173 1207 1285 1256 omnes
1302 1188 1343 1256 de
1360 1195 1470 1256 cetero

341 1298 374 1363 in
391 1297 480 1364 cives
494 1303 621 1363 nostros
636 1293 821 1380 recipimus,
840 1301 871 1360 et
888 1295 977 1378 ipsos
993 1315 1187 1363 conservare
1203 1304 1237 1362 et
1263 1315 1395 1363 securos
1424 1295 1471 1360 ic·

341 1425 416 1472 cere
432 1405 466 1470 in
483 1403 616 1470 ciuitate
633 1409 745 1469 nostra
761 1402 911 1470 volumus
929 1409 961 1468 et
977 1401 1134 1469 obtamus.
1175 1402 1331 1471 Preterea
1362 1405 1471 1472 remit-

340 1520 449 1579 tamus
465 1512 695 1596 etquietamus
712 1510 875 1578 universis
892 1509 1019 1578 civibus
1034 1510 1159 1594 Ragusi
1186 1510 1376 1596 plebaticum
1402 1511 1471 1577 rrni·

341 1641 469 1690 versum
487 1627 518 1689 et
533 1621 749 1689 arboraticum
765 1621 799 1686 in
815 1619 948 1688 civitate
975 1627 1094 1710 nostra,
1123 1629 1159 1686 ut
1190 1620 1231 1687 de
1260 1627 1371 1688 cetero
1402 1619 1471 1686 sint

343 1731 432 1814 apud
448 1729 545 1797 dictis
560 1727 691 1795 tributis
723 1729 818 1795 liberi
835 1735 866 1796 et
882 1729 1033 1813 absoluti,
1067 1735 1100 1796 et
1131 1749 1225 1796 nemo
1251 1729 1294 1797 ab
1320 1729 1369 1793 eis
1400 1727 1467 1794 exi-

347 1857 424 1922 gere
439 1838 548 1906 valeat
564 1842 620 1903 aut
636 1843 814 1922 presumat,
832 1843 864 1902 et
880 1838 929 1903 sic
945 1857 1007 1903 non
1025 1841 1195 1906 teneantur
1220 1836 1260 1904 de
1286 1835 1338 1904 his
1369 1835 1469 1902 alicui

343 1941 549 2032 respondere.
566 1943 720 2012 Habeant
736 1946 836 2011 etiam
853 1945 886 2011 in
905 1945 1046 2012 civitate
1062 1952 1174 2012 nostra
1190 1945 1270 2013 illud
1287 1945 1339 2011 ius
1355 1951 1389 2012 et
1405 1947 1469 2032 pri·

342 2055 505 2141 vilegium,
521 2053 607 2142 quod
622 2072 683 2120 nos
708 2051 830 2119 babere
855 2054 944 2120 soliti
973 2072 1093 2122 sumus.
1133 2052 1227 2132 Quod
1257 2053 1470 2139 privilegium

340 2162 457 2248 scripsi
473 2183 532 2247 ego
549 2149 801 2230 W.'Julianldes
820 2160 912 2228 miles
928 2169 958 2226 et
979 2160 1132 2246 notarius,
1148 2161 1204 2244 qui
1221 2159 1351 2229 interlui
1379 2181 1469 2230 man-

340 2271 416 2338 dato
431 2271 648 2357 predictorum
664 2267 828 2356 Judioum‚
855 2275 888 2334 et
918 2268 1064 2335 iamdicti
1081 2269 1271 2355 camerarii,
1303 2277 1336 2336 et
1367 2272 1469 2338 totius

340 2377 463 2465 populi.
487 2377 603 2444 Actum
619 2377 652 2442 in
668 2376 832 2446 Termetis
848 2377 996 2444 feliciter.
1019 2376 1040 2456 †
1058 2377 1127 2464 Ego
1143 2377 1347 2466 Mainardus,
1364 2379 1469 2465 Impe-

342 2484 434 2552 rielis
450 2484 559 2554 ludex.

467 2683 599 2750 (Ljubics,
618 2683 740 2740 Monum-
760 2701 801 2751 ap.
821 2685 887 2740 hist.
910 2686 985 2740 slav.
1004 2687 1103 2742 Merid.
1123 2689 1145 2739 1.
1165 2689 1223 2740 kat.
1245 2695 1287 2741 20.
1309 2689 1339 2754 l.)

769 2971 1036 2990 —uu--urh—-u

873 3511 926 3582 ot.

339 3709 366 3776 I.
383 3701 533 3777 Ricbord
547 3711 644 3798 capot
659 3711 768 3796 kirtly
783 3713 864 3777 mint
879 3714 1018 3800 Rapum
1033 3717 1130 3780 caros
1145 3735 1177 3780 ec
1193 3715 1355 3783 Lacronra
1370 3717 1467 3804 sriyet

577 3820 962 3907 eqybciaac‘oolcjottcllje.
995 3821 1226 3888 neo-1203.

445 4011 562 4080 Rector
572 4022 604 4082 et
617 4014 798 4082 consiliarii
811 4017 1023 4102 Reipublicae
1035 4019 1222 4104 Rugusinae
1232 4027 1293 4090 etc.
1305 4019 1467 4098 Quoniam

332 4119 458 4204 justum
474 4127 507 4188 et
522 4123 639 4190 rationi
655 4143 832 4190 consonum
850 4131 909 4212 ost,
933 4128 1079 4193 veritatis
1110 4129 1328 4197 testimonium
1359 4131 1467 4215 perbi-

338 4231 435 4312 bere;
459 4231 619 4299 universis
637 4239 669 4298 et
686 4233 832 4315 singulis,
850 4234 891 4299 co
908 4256 988 4319 qrros
1005 4241 1141 4324 spectat,
1159 4242 1191 4302 et
1223 4238 1469 4321 quomodolibet

340 4343 489 4420 spectare
505 4341 625 4424 poterit
642 4341 675 4405 in
694 4339 845 4426 loturum,
865 4341 927 4408 lide
944 4349 1101 4410 testamur
1127 4344 1264 4411 indubia
1290 4354 1323 4412 et
1354 4354 1467 4414 notum

336 4443 474 4530 iacimus
490 4473 498 4511 :
514 4446 672 4532 Qualiter,
698 4451 871 4530 postquem
900 4449 1060 4517 Hernicus
1090 4451 1253 4520 secundus
1285 4453 1467 4536 Anglorum

335 4551 414 4638 Rex,
432 4551 491 4617 sub
507 4553 696 4620 Alexandro
712 4556 807 4621 tertio
823 4555 926 4624 felicis
942 4557 1180 4626 reeordationis
1212 4559 1368 4627 Pontifice
1402 4561 1469 4629 bla-

335 4657 431 4746 ximo,
446 4677 559 4735 ¹cortun
578 4661 808 4730 lllnsttissimis
828 4662 967 4733 dominis
994 4666 1223 4736 Cardinulibus
1256 4669 1393 4754 Legalie
1424 4670 1469 4737 ad
