3078 5128
294 489 554 578 indignationem
572 491 813 576 Omnipotentis
830 491 901 574 Dei,
917 496 950 556 et
966 491 1137 557 Beatomm
1157 490 1244 554 Petri
1269 493 1302 554 et
1326 489 1415 556 Pauli

295 602 525 689 Apostolorum
544 602 613 668 eius
639 621 676 668 sa
709 600 835 668 nouerit
869 599 1081 666 incursurum.
1119 597 1239 663 Datum
1271 595 1416 663 Laterani

294 717 387 778 sexto
404 709 477 776 idus
494 709 629 797 Aprilis,
647 709 858 776 Pontificatus
875 709 976 775 nostri
993 725 1080 774 anno
1097 705 1192 772 tertio
1209 704 1344 772 decimo.

510 910 637 971 (sarraca,
656 891 803 973 illyricum
822 907 937 960 sacrum
955 907 1004 960 v1.
1024 907 1083 958 nuc.
1106 911 1163 956 101.
1177 905 1208 968 r)

728 1197 993 1208 -u-——oe-——u-n-

822 1741 898 1808 205.

296 1941 779 2007 Denaoodornakitltttcale
805 1965 826 2005 a
845 1943 1084 2029 punnecholmi
1115 1946 1256 2026 apcitaaeip
1289 1944 1322 2007 aa
1354 1944 1418 2009 coba

627 2046 769 2134 azotpctt
783 2047 876 2137 acpct'
891 2049 972 2113 lciizt.
992 2049 1089 2115 1237.

403 2249 471 2314 Nos
492 2247 605 2312 Comes
622 2245 780 2310 Nicolaus
796 2244 836 2310 de
854 2243 960 2310 Zeeeh
976 2244 1081 2312 Judcx
1098 2243 1196 2310 Gurie
1213 2244 1422 2314 Serenissimi

299 2355 460 2440 Principis
477 2353 600 2418 domini
617 2352 771 2419 Lodouici
788 2351 849 2417 Dei
867 2354 978 2434 gracia
994 2353 1105 2418 Incliti
1132 2353 1231 2436 Regis
1257 2352 1423 2437 Hungarie

298 2464 361 2531 stb.
377 2462 465 2548 quod
481 2460 657 2544 Gregorius
676 2460 782 2524 dictus
798 2460 916 2545 Woryu
934 2459 1018 2525 filius
1035 2459 1120 2524 Petri
1137 2460 1177 2524 de
1192 2460 1423 2544 Megcrperso·
1531 2459 1532 2480 ¹

297 2571 416 2638 naliter
433 2571 526 2637 iuxta
542 2568 778 2635 continenciam
794 2567 935 2651 priorum
953 2565 1132 2633 litterarum
1151 2573 1333 2634 nostrarum
1352 2589 1422 2654 pro

296 2679 530 2762 rogatoriarum
548 2677 582 2741 in
599 2677 724 2743 octauis
741 2675 815 2744 festi
833 2675 925 2741 Beati
953 2675 1087 2759 Georgij
1120 2675 1263 2741 martiris
1294 2673 1338 2740 ad
1368 2699 1422 2744 no·
1531 2739 1532 2746 ,

297 2793 398 2852 stram
420 2783 629 2870 Juuiiciariam
663 2783 826 2849 ueniendo
858 2781 1061 2866 presenciam
1093 2789 1204 2848 eontra
1236 2781 1422 2866 religiosum
1531 2807 1532 2836 r

297 2897 401 2960 virum
420 2893 583 2958 dominum
601 2889 773 2959 Seffridum
794 2889 953 2956 Abbatem
971 2889 1082 2955 Sancti
1099 2891 1231 2957 Martini
1257 2891 1297 2956 de
1323 2891 1424 2958 Sacro
1531 2935 1532 2978 ,

296 3003 403 3070 Monte
419 3003 589 3068 Pannonio
604 2999 638 3064 in
655 2999 760 3082 figura
775 2999 874 3065 nostri
892 2997 1011 3080 lullicij
1039 3001 1210 3084 proposuit
1235 3017 1272 3064 ro
1306 3001 1423 3068 morlo:
1531 2985 1532 3014 ἢ

296 3109 381 3196 quod
396 3109 466 3195 ipse
483 3107 630 3174 dominus
647 3106 803 3172 Seffridus
820 3104 932 3170 Abbas
950 3104 1112 3188 quandam
1132 3108 1325 3190 particulam
1339 3115 1426 3176 terre
1531 3179 1532 3186 χ

296 3218 430 3286 arabilis
448 3215 631 3299 Saagteluk
647 3220 794 3280 vocatam
811 3214 843 3277 in
862 3213 1022 3280 comitatu
1039 3211 1206 3280 Jauriensi
1232 3214 1423 3282 existentem

298 3329 382 3392 iuter
400 3326 497 3392 villas
515 3324 605 3404 Saag
635 3323 763 3388 domine
796 3321 907 3388 relicte
938 3321 1102 3404 quondam
1136 3321 1285 3407 Magistri
1316 3323 1425 3390 Deseu
1531 3321 1532 3386 l

295 3435 365 3500 Rufi
392 3433 589 3520 etliyssolw
616 3439 748 3497 uocatas
779 3431 915 3496 Abbatis
946 3431 1058 3496 Sancti
1091 3431 1222 3496 Martini
1254 3430 1294 3498 de
1324 3432 1426 3501 Sacro
1531 3455 1532 3510 r

296 3541 405 3608 Monte
420 3540 589 3607 Pannonia
604 3540 701 3606 sitam
718 3547 750 3606 et
765 3537 967 3622 existentem,
985 3539 1089 3604 eidem
1107 3559 1165 3622 per
1175 3539 1311 3624 Regiam
1321 3541 1425 3608 Maie—
1531 3613 1532 3634 ,

296 3655 413 3716 statem
430 3647 583 3714 collatam
602 3648 788 3732 occupando
818 3647 973 3734 detincat,
1007 3647 1098 3714 cuius
1130 3648 1359 3730 occupaoionis
1393 3658 1426 3715 et

296 3755 497 3824 detencionis
516 3755 676 3820 racionem
694 3755 777 3820 scire
793 3755 892 3820 vellet
909 3755 950 3820 ab
967 3753 1076 3820 eodem
1095 3753 1156 3820 stb.
1191 3753 1316 3832 Quibus
1333 3755 1425 3822 aucli—
1531 3739 1532 3824 ζ

297 3865 339 3932 tis
356 3871 386 3930 et
412 3865 573 3949 perceptis
604 3863 759 3946 Magister
789 3861 973 3947 Stephanus
1006 3862 1185 3928 Litteratus
1217 3882 1275 3945 pro
1307 3864 1422 3932 ecdem

294 3972 425 4038 domino
443 3971 581 4036 Sotirido
607 3970 735 4038 Abbatc
760 3991 830 4036 cum
864 3971 1100 4056 procuratorijs
1134 3969 1246 4036 litteris
1280 3971 1426 4040 eiusdem
1531 3977 1532 4044 l

295 4079 482 4163 exurgendo
499 4077 665 4162 respondit
682 4079 740 4144 tali
773 4076 893 4144 modo:
912 4079 996 4162 quod
1028 4080 1103 4162 ipsa
1135 4077 1297 4163 particula
1329 4087 1426 4164 terre,

295 4208 391 4271 quam
409 4189 480 4271 ipse
497 4185 674 4268 Gregorius
691 4187 731 4252 ab
749 4187 820 4271 ipso
838 4184 967 4253 domino
984 4189 1073 4269 Rege
1091 4207 1161 4253 cum
1179 4186 1335 4254 tratribus
1355 4191 1427 4256 suis
1531 4183 1532 4268 J

295 4299 356 4363 sub
373 4297 433 4362 hoc
449 4295 578 4361 nomine
595 4291 797 4376 Saaghteluk
813 4295 943 4362 nomina
958 4303 1043 4361 terre
1060 4293 1193 4378 Regalis
1204 4295 1425 4381 impetrasset,
1531 4359 1532 4388 ,

295 4413 328 4472 et
344 4423 435 4470 suam
452 4402 519 4468 lore
536 4399 664 4488 diceret,
683 4421 747 4466 uon
765 4401 955 4488 Saagtelulr,
973 4403 1030 4470 sed
1046 4401 1158 4486 Saagh
1176 4407 1365 4488 vocaretur,
1392 4415 1425 4473 et
1531 4397 1532 4434 r

293 4515 368 4596 ipsa
383 4518 466 4575 terra
486 4508 718 4589 anagnostes
737 4511 932 4575 Monastcrlo
950 4511 1060 4576 Sancti
1087 4508 1218 4576 Martini
1251 4511 1291 4576 de
1324 4511 1429 4578 Sacro

294 4621 403 4684 Monte
414 4618 580 4682 Paratonio
591 4620 813 4698 vigorosorum
827 4620 1109 4686 instrumentorum
1122 4619 1224 4686 titulis
1234 4619 1276 4686 ab
1288 4621 1427 4705 antiquo
1531 4639 1532 4708 i
