3150 5162
657 295 720 365 481

122 513 184 576 qne
199 492 387 558 firmitatem
403 497 571 577 presentes
587 495 807 558 concessimus
823 491 950 558 litteras
975 491 1115 580 duplicis
1149 489 1250 575 sigilli

121 603 224 666 nostri
240 600 418 668 munimine
434 602 614 668 roboratas.
654 601 774 666 Datum
792 619 852 685 per
868 619 984 667 manua
1000 599 1148 682 Magistri
1173 597 1250 664 Far-

121 709 199 794 casij
217 708 297 776 aule
313 717 423 776 nostre
438 707 734 794 llice-Cancellarij,
761 708 923 792 Propositi
939 705 1105 792 Aliensis,
1137 705 1250 772 dilecti

121 824 151 884 et
166 817 275 883 fidelis
291 815 403 904 nocui,
417 837 504 883 anno
521 814 652 884 Domini
669 814 772 905 MlOO
779 814 848 882 ⁰LX
855 826 873 880 ⁰.

120 1013 264 1077 (Ilredetie
294 1014 486 1078 borhtrtytn,
511 1013 642 1078 melynsk
673 1012 850 1078 targa-vituts
870 1011 1106 1077 selyemzsindron
1136 1013 1251 1079 fdggdtt

268 1104 390 1190 pecsttje
410 1103 551 1166 elveszett,
570 1117 588 1154 a
606 1102 692 1154 budai
711 1102 764 1154 tir.
783 1101 911 1154 kamarai
929 1101 1112 1152 levelttrbsn.

653 1923 729 1992 336.

122 2127 182 2192 IV.
200 2124 284 2190 Bora
300 2125 410 2210 kirrily
427 2123 567 2190 Marsaci
584 2124 616 2188 ts
631 2121 834 2186 testatrcinele
866 2143 949 2187 caere
973 2119 1104 2208 scjcbec
1135 2122 1253 2186 Kalena

437 2229 546 2315 fdldct
561 2229 808 2313 cdomdmycaaa.
833 2228 930 2293 1260.

233 2426 315 2493 Bela
330 2426 393 2492 Dei
411 2426 526 2510 gracia
541 2423 716 2508 Hungarie‚
741 2422 920 2507 Dalmacic,
951 2420 1116 2506 Grouacie,
1141 2427 1252 2510 Rame,

123 2532 249 2618 Seruio,
267 2530 415 2612 Gallicis,
433 2531 623 2598 Lodomerie
655 2531 875 2613 (inmaniaque
905 2530 974 2598 Rex
1005 2531 1154 2598 omnibus
1185 2537 1252 2598 tam

124 2639 332 2724 presentibus
350 2658 448 2722 quarn
464 2639 581 2705 futuris
597 2644 763 2722 presentes
787 2637 916 2703 litteras
940 2637 1137 2724 inspecturis
1169 2642 1254 2707 salu·

123 2755 187 2814 tem
206 2747 244 2812 in
259 2748 402 2812 omnium
418 2747 590 2813 saluatore.
615 2745 791 2810 Consueuit
807 2745 1014 2812 Excellcucia
1030 2747 1144 2830 Regia,
1176 2755 1212 2814 nt
1227 2749 1254 2812 si

123 2853 254 2938 aliquid
270 2874 291 2918 a
307 2855 375 2919 suis
391 2851 540 2920 fidelibus
555 2851 682 2936 recipit,
700 2852 821 2917 eisdem
839 2853 1046 2938 postmodum
1059 2855 1256 2939 respondeat

124 2963 155 3027 in
172 2961 338 3029 consimili
354 2961 407 3026 uel
423 2959 549 3026 maiori.
573 2959 714 3025 Proinde
731 2959 773 3026 ad
790 2961 1012 3027 uniuersorum
1029 2962 1183 3026 noticiam
1201 2983 1254 3029 uc·

123 3071 233 3136 lumus
250 3067 432 3154 peruenire,
449 3065 534 3150 quod
552 3087 622 3132 curn
640 3066 868 3134 hereditariam
885 3073 1005 3134 terram
1021 3068 1177 3155 Marcelli,
1193 3069 1255 3134 Ba-

123 3187 182 3264 ter,
199 3177 295 3263 Supk
324 3184 355 3243 et
384 3175 516 3242 Hrubur
546 3175 683 3241 filiorum
715 3175 843 3262 Wacik,
877 3183 1086 3261 cognatorum
1119 3176 1255 3242 Comitis

123 3285 275 3366 Dubuch,
293 3283 443 3351 Herncch
460 3292 690 3371 nuncupatam,
709 3285 750 3350 ab
768 3285 849 3370 ipsis
865 3283 1052 3368 auferendo,
1077 3284 1196 3350 dilecto
1223 3290 1255 3349 et

125 3394 213 3462 fideli
228 3400 343 3461 nostro
359 3393 489 3460 Matheo
506 3393 667 3475 quondam
686 3393 841 3478 Magistro
857 3393 1120 3460 Tawarniccrum
1131 3400 1255 3460 nostro·

123 3523 191 3570 rum
210 3503 330 3570 Gomiti
342 3501 536 3570 Posnniensi
546 3503 799 3586 contulissemus,
818 3507 850 3566 et
860 3502 982 3568 eisdem
992 3509 1113 3569 terram
1124 3502 1255 3570 nominc

124 3609 272 3695 Strogar,
304 3628 367 3692 quc
383 3607 641 3676 wduomicorum
675 3615 855 3675 nostrorum
889 3608 1004 3696 fuerat,
1035 3608 1255 3690 dedissemus;

125 3717 262 3784 eundern
280 3717 498 3803 postmodum,
522 3735 595 3780 cum
611 3713 793 3782 wduoruioi
826 3715 926 3780 nostri
958 3714 1168 3800 multiplicati
1197 3736 1257 3782 seu

125 3823 252 3906 reducti
268 3821 420 3907 luissent,
436 3822 478 3888 ab
495 3821 617 3888 eisdem
635 3822 798 3904 Marcello,
814 3820 915 3908 Suplr,
950 3822 1050 3888 Buter
1067 3831 1098 3888 et
1128 3822 1257 3889 Hrabur

124 3929 323 4018 recipiendo,
356 3929 586 3997 restituendum
603 3929 754 3996 duximus
770 3929 966 3998 wduomicis
983 3931 1166 3998 antedictis.
1206 3931 1257 3996 Ne

125 4045 233 4105 tamen
250 4037 350 4123 ijdem
369 4039 555 4120 Marcellus,
573 4037 677 4122 Snplr,
693 4037 792 4103 Bater
808 4043 839 4106 et
855 4037 984 4104 Hrabur
1001 4039 1065 4104 uim
1082 4058 1139 4106 seu
1157 4041 1252 4106 mole-

123 4147 220 4212 stiam
239 4145 284 4210 ab
301 4144 512 4212 Excellencia
526 4145 630 4229 Regia
645 4153 846 4228 paterentur,
879 4145 919 4211 de
936 4165 1002 4228 qua
1018 4146 1168 4212 omnibns
1185 4167 1257 4230 gra·

124 4253 173 4318 cia
189 4251 364 4319 consueuit
381 4251 574 4335 prestolari,
599 4251 763 4336 quandam
782 4259 902 4320 terram
936 4253 1062 4320 Kelena
1094 4273 1257 4338 nuncupa-

123 4367 200 4446 tam,
228 4359 322 4425 cuius
339 4357 469 4440 quidem
486 4358 641 4424 medietas
657 4379 678 4423 a
695 4369 788 4444 parte
804 4366 888 4427 terre
904 4361 1006 4427 Jacou
1023 4359 1064 4426 ds
1098 4361 1257 4428 Fudemus

124 4465 165 4554 ad
181 4466 338 4532 Castrum
353 4453 524 4532 Huntense
541 4467 735 4552 pertinebat,
769 4467 822 4532 ubi
854 4467 940 4533 circa
972 4467 1107 4534 eandem
1140 4475 1258 4534 terram

125 4573 231 4640 Castri
250 4571 354 4638 nostri
368 4572 562 4657 iobagicnes
581 4569 687 4642 Castri
704 4576 819 4656 nostri,
836 4574 963 4641 scilicet
978 4576 1132 4659 Magister
1141 4575 1258 4644 Mieael

231 4707 338 4748 nomn.
353 4707 435 4749 nimo.
450 4708 521 4748 man.
539 4719 583 4734 -·
599 4711 670 4751 nisu.
686 4709 731 4750 nx.
1108 4687 1149 4754 31
