3120 5148
791 268 949 364 Q

304 460 428 527 Matlrei
444 459 608 545 videlieet,
624 459 713 526 Petri
730 469 761 526 et
778 459 937 543 umentem
969 460 1047 526 iude
1062 461 1227 530 inuenitur
1243 462 1352 547 vallis,
1379 483 1441 547 per
1544 478 1545 486 ¹

301 588 402 651 quam
418 570 536 638 transit
552 570 667 637 eadem
683 569 748 654 via,
765 569 799 635 in
816 569 906 637 ouius
940 568 1047 636 medio
1078 577 1127 638 est
1159 569 1300 655 quedam
1332 573 1437 659 pirus,

305 697 405 761 super
421 677 510 744 euius
527 676 670 762 stipitem
687 680 774 742 terra
790 681 992 760 congregata
1008 684 1058 743 est
1074 696 1132 761 pro
1143 683 1250 760 meta,
1267 680 1321 745 vbi
1333 679 1438 746 eoiam

304 791 394 854 tenet
410 791 527 852 metam
545 806 618 852 oum
634 784 709 866 filijs
725 783 863 868 Herehe,
880 783 1027 868 Stepano
1043 783 1195 851 videlieet
1210 791 1243 850 et
1256 786 1437 872 Zobozlov3

306 897 340 959 et
355 890 429 959 inde
445 911 564 976 aquam
580 889 751 976 Dwdwag,
768 897 801 955 et
816 909 934 972 aquam
953 891 1131 976 Bysturus3
1172 900 1287 978 postea
1303 903 1335 960 et
1360 894 1440 963 inde

304 1003 468 1070 transiens
483 1020 542 1086 per
558 999 698 1068 medium
715 997 801 1085 prati
815 998 904 1065 venit
921 998 964 1066 ad
980 1019 1078 1066 vnum
1094 1001 1209 1087 locum,
1226 1004 1283 1086 qui
1296 1015 1439 1073 vocatur

304 1109 493 1196 Felretesar,
509 1108 564 1174 vbi
580 1115 667 1174 tenet
682 1112 799 1174 metam
817 1109 888 1173 oum
904 1106 984 1172 villa
1000 1107 1079 1194 Bey,
1091 1109 1186 1176 terris
1199 1110 1347 1178 eiusdem
1357 1113 1439 1179 ville

305 1219 376 1305 Bey
390 1215 651 1304 pertingentibus
666 1234 767 1298 vsque
784 1211 827 1278 ad
843 1213 964 1280 dietum
980 1214 1178 1298 Febotesar3
1196 1223 1228 1284 et
1242 1215 1440 1286 indeeundo

305 1326 441 1393 inferius
458 1323 550 1390 vadit
565 1323 609 1391 ad
625 1329 752 1408 pratum
767 1319 822 1386 vbi
838 1327 888 1386 est
904 1321 1004 1408 pirus,
1033 1341 1129 1408 super
1161 1324 1254 1390 euius
1287 1323 1435 1410 stipitem

304 1445 392 1500 terra
408 1436 603 1516 oongregata
620 1437 670 1496 est
686 1429 835 1497 simililer
852 1449 911 1514 pro
928 1437 1034 1514 meta;
1059 1436 1092 1495 et
1117 1429 1162 1495 ibi
1195 1438 1285 1498 tenet
1316 1441 1436 1500 metam

306 1563 379 1608 oum
395 1539 475 1608 villa
491 1541 707 1626 Byssenorum
725 1545 758 1604 et
773 1537 852 1604 villa
869 1537 959 1623 Bey5
985 1547 1017 1604 et
1033 1537 1110 1605 inde
1134 1540 1297 1607 transiens
1329 1542 1438 1625 predi·

307 1658 392 1718 otum
409 1648 540 1716 fluuium
558 1645 720 1730 Dwdwag
735 1646 907 1714 reuertitur
924 1646 968 1712 ad
985 1647 1123 1732 primam
1151 1654 1279 1714 metam.
1316 1649 1438 1716 Verum

301 1757 382 1842 pala
398 1752 559 1842 presentis
575 1752 734 1840 priuilegij
754 1753 855 1822 series
871 1752 989 1838 prioris
1006 1753 1108 1838 sigilli
1124 1754 1226 1820 nostri
1243 1757 1434 1844 munimine,

305 1863 393 1950 quod
408 1863 443 1928 iu
459 1859 617 1928 oooisione
632 1861 756 1944 Regine
772 1859 944 1928 Gertrudis
969 1869 1077 1927 nostre
1092 1859 1301 1929 dileetissime
1326 1865 1440 1930 eoniu-

305 1973 358 2058 gis
373 1969 434 2037 luit
450 1967 663 2056 deperditum,
681 1968 876 2053 consignata
906 1967 1012 2034 luerat
1030 1993 1037 2032 :
1063 1975 1247 2054 presentem
1280 1970 1437 2055 paginam

304 2075 525 2148 renouandam
542 2075 610 2144 lore
626 2075 760 2161 dignum
778 2075 941 2161 duximus,
958 2085 990 2144 et
1007 2076 1075 2144 alio
1091 2077 1210 2164 sigillo,
1226 2079 1313 2160 quod
1323 2089 1440 2148 eontra

303 2189 389 2256 false
405 2183 630 2253 oauillaoionis
655 2181 843 2251 dolositates
871 2203 933 2268 que
965 2191 1098 2269 possent
1128 2184 1294 2270 aooidere,
1326 2190 1438 2272 parari

304 2297 450 2380 fecimus,
469 2300 504 2360 ut
519 2291 609 2358 laeta
633 2309 691 2376 per
716 2311 775 2358 nos
806 2293 872 2357 iam
904 2290 988 2358 dicte
1017 2296 1101 2356 terre
1124 2289 1281 2358 (lostulan
1304 2295 1440 2364 nomine

305 2403 433 2490 prelato
451 2401 555 2467 Sebus
571 2397 739 2484 Magistro,
757 2405 789 2466 et
804 2419 863 2483 per
880 2417 953 2464 eum
970 2399 1039 2464 suis
1062 2399 1215 2482 legitimis
1241 2403 1440 2469 suecessori-

308 2516 366 2578 bus
382 2509 521 2576 douaoio
537 2513 603 2573 tam
620 2509 740 2574 nostris
757 2525 853 2590 quam
870 2513 1052 2574 nostrorum
1068 2525 1294 2576 suooessorum
1310 2517 1438 2596 tempo-

305 2621 395 2687 ribus
412 2619 504 2685 firma
520 2635 646 2702 semper
661 2619 694 2681 ot
709 2613 963 2682 irretractabilis
979 2623 1182 2703 permaneat,
1199 2617 1439 2704 inperpetuum

304 2725 539 2795 roborabimus.
564 2724 764 2790 Renouatum
780 2741 840 2808 per
855 2742 970 2789 manus
987 2721 1112 2789 Thome
1137 2722 1290 2791 Albensis
1315 2725 1439 2814 Prepo-

308 2834 361 2902 siti
377 2841 410 2899 et
426 2834 501 2898 aule
516 2831 619 2914 Regia
644 2829 838 2914 Oanoellarij
872 2850 957 2896 auno
988 2829 1160 2897 Dominlee
1192 2831 1440 2904 Iueamaoiouis

306 2941 408 3010 ottob
417 2937 532 3006 ⁰XV10.
572 2937 761 3006 Venerabili
798 2935 950 3006 Johaune
980 2937 1207 3024 strigoniensi,
1246 2939 1440 3010 Reuerendo

306 3047 457 3118 Bertoldo
474 3044 664 3112 Cholooeusi
674 3045 934 3130 Arobiepisoopis
946 3044 1159 3112 existentibus
1172 3071 1179 3130 ;
1194 3046 1324 3114 Kalano
1335 3046 1441 3126 Quin-

307 3153 569 3246 qoeeoolesiensi‚
609 3151 806 3238 Katbapano
822 3152 984 3239 Agriensi,
1015 3152 1181 3219 Willelmo
1208 3153 1440 3224 Vltrasiluani-

307 3267 385 3348 ensi,
402 3261 575 3332 Desiderio
591 3259 798 3347 (lenadiensi,
827 3261 922 3328 Petro
940 3259 1124 3347 (lauriensi,
1150 3261 1291 3328 Roberlo
1309 3263 1440 3351 Vespri-

307 3373 430 3459 ariensi,
448 3367 583 3437 Stesano
599 3365 823 3456 Zagrabiensi,
854 3367 978 3435 Jaoobs
994 3365 1148 3434 Vaoieusi
1175 3367 1349 3455 Episcopis
1375 3373 1441 3440 lle·

248 3553 251 3560 ,
307 3481 423 3548 etesias
439 3476 576 3546 lelioiter
591 3475 853 3559 gubernantibus.
894 3475 971 3542 Jula
985 3473 1146 3562 Palatino,
1177 3475 1309 3564 Pousay
1333 3479 1440 3569 Banu,

306 3585 453 3654 Dionisio
470 3583 626 3667 Magistro
642 3581 896 3648 Tauamieorum
913 3589 946 3647 et
961 3579 1086 3650 (lomite
1102 3583 1189 3650 Noui
1207 3580 1324 3670 (lustri,
1358 3585 1441 3673 Ipoo

307 3689 487 3778 Wayuoda,
515 3689 602 3756 Ooua
635 3688 756 3756 Curiati
788 3686 912 3756 Gemite
943 3690 1165 3776 existentibus,
1195 3691 1301 3776 Regni
1333 3697 1442 3763 nostri

305 3817 393 3864 anno
409 3795 608 3862 duodecimo.

306 3995 344 4056 (A
372 3994 455 4059 gybri
484 3991 679 4058 lrtptalannalr
709 3997 786 4044 1307.
818 3994 1047 4056 »quartodecimo
1078 3997 1210 4049 kalendas
1242 3999 1438 4064 Nouembria,‹

306 4082 448 4134 »comites
465 4083 560 4134 Temel
578 4086 607 4134 et
625 4084 726 4135 Petrus
745 4083 796 4148 filij
815 4083 911 4150 Petrl;
944 4099 977 4136 ao
996 4084 1118 4136 Thomas
1137 4087 1211 4137 filius
1232 4087 1372 4138 lobannis
1403 4089 1441 4142 de

304 4173 508 4241 Zentbgytrr33
528 4173 598 4224 item
616 4173 753 4239 Georgius
773 4176 802 4225 et
819 4173 952 4224 Nicolaus
971 4175 1021 4239 filij
1041 4175 1153 4226 Nioolai
1172 4176 1206 4228 de
1224 4177 1337 4242 Boayn«
1358 4179 1442 4230 kere-

377 4260 437 4310 sere
455 4259 601 4312 kladstott
620 4261 791 4326 stirattbbl;
811 4277 828 4314 a
846 4261 933 4314 budai
952 4264 1006 4316 kir.
1026 4265 1154 4316 kamarai
1173 4265 1369 4332 levelttrban.)

733 4547 1001 4562 m
