3150 5162
633 265 795 368 ..Q

150 469 257 539 tocius
294 469 347 538 ani
400 466 578 536 Comitatus
624 464 783 550 predictis
822 463 986 537 nobilibus
1029 468 1105 538 liliis
1143 469 1275 538 Comitis

151 578 311 646 (luidonis
350 595 409 662 pro
448 594 485 642 se
507 579 539 642 et
562 573 746 642 hominibus
770 573 951 644 Comitatus
974 576 1077 661 Vegle
1109 585 1141 644 et
1179 578 1274 647 Vino·

150 684 226 770 doli,
267 691 300 752 et
337 683 412 751 aliis
454 683 602 752 omnibus
641 683 688 751 eis
725 683 879 752 subiectis
917 684 1156 772 recipientibus,
1182 689 1276 754 remi·

151 795 200 862 sit·
224 795 325 862 libere
356 799 387 860 et
403 793 552 862 absolute
582 790 701 879 omnia,
717 790 869 879 dampna,
887 791 1033 879 iniurias,
1051 795 1228 865 violencias
1244 800 1277 862 et

149 905 358 988 offensiones,
390 923 471 987 quas
503 899 644 970 Comites
669 901 722 968 rel
741 901 885 986 ipsorum
901 899 1120 970 Comitatuum
1136 923 1175 970 ae
1190 901 1273 972 alios

151 1015 198 1080 eis
215 1011 378 1080 subiectos
393 1010 547 1078 fecissent
566 1008 644 1076 olim
670 1008 755 1076 dicto
787 1005 904 1074 Comiti
935 1007 1100 1076 Johunnni
1131 1009 1276 1097 ‘Poupolo
1377 1037 1378 1040 ¹

149 1141 205 1187 seu
239 1117 422 1187 hominibus
453 1116 506 1184 vel
536 1115 684 1202 personis
715 1117 766 1182 sui
797 1115 975 1184 Comitatus
1005 1116 1039 1182 in
1055 1117 1204 1204 personis
1221 1119 1274 1186 rel

149 1229 247 1294 rebus
278 1245 378 1312 nsque
411 1224 455 1292 ad
485 1231 670 1311 presentem
702 1225 799 1312 diem,
831 1227 928 1292 finem
945 1233 977 1293 et
992 1227 1215 1295 remissionem
1232 1225 1274 1292 de
1382 1261 1383 1264 ι

149 1337 230 1420 ipsis
247 1333 399 1420 dampnis
416 1338 448 1401 et
461 1332 589 1400 iniuriis
606 1339 639 1399 et
663 1334 896 1402 offensionibus
928 1334 1073 1402 totaliter
1102 1334 1268 1403 facientes.

148 1445 301 1510 Preterea
333 1441 545 1528 promiserunt
561 1440 758 1510 adinvicem
776 1441 919 1509 Comites
935 1443 1089 1510 antedicti
1108 1461 1165 1528 pro
1182 1462 1218 1508 so
1236 1446 1268 1508 et

150 1551 337 1620 hominibus
354 1569 393 1616 ao
408 1549 554 1636 personis
569 1569 699 1617 suorum
718 1549 930 1618 comitatuum
948 1569 1059 1637 paoem
1078 1558 1109 1617 et
1142 1567 1272 1617 eoncor-

149 1659 236 1724 diam
268 1663 379 1724 mutuo
411 1657 591 1739 observare,
623 1656 775 1723 habendo
801 1676 873 1724 sese
890 1657 1033 1725 homines
1051 1658 1270 1744 predictorum

149 1766 368 1831 Comitatuum
386 1771 418 1831 et
433 1761 515 1848 ipsis
532 1762 710 1830 Comitibus
726 1763 888 1832 subiectos
913 1765 1020 1832 salvos
1039 1770 1071 1831 et
1087 1784 1217 1832 securos
1234 1765 1269 1830 iu

84 1891 90 1902 ·
151 1871 300 1957 persenis
334 1877 367 1938 et
395 1871 513 1954 rebus;
538 1877 571 1936 et
583 1870 613 1937 si
629 1869 743 1954 aliqua
759 1889 899 1955 persona
914 1869 1128 1956 predictarum
1145 1872 1269 1938 Insula·

150 2001 217 2046 rum
235 1981 288 2045 vel
306 1979 463 2045 dictorum
497 1975 713 2044 Comitatuum
745 1977 862 2045 Abseri
895 1985 927 2045 et
958 1979 1072 2045 Chersi
1104 1987 1136 2046 et
1167 1979 1270 2064 Vegle

152 2085 331 2172 aliqnando
348 2087 615 2172 contrafacerent,
630 2084 738 2171 puniri
754 2084 873 2152 debeat
889 2084 1063 2154 seeundum
1079 2086 1271 2168 qualitatem

149 2198 290 2278 offense;
325 2193 373 2258 ita
402 2197 513 2258 tamen
543 2191 626 2276 quod
657 2192 717 2259 ille
748 2192 881 2276 Comes,
914 2192 947 2258 in
987 2192 1079 2259 cuius
1110 2191 1271 2260 Comitatu

152 2305 274 2371 fautum
309 2301 403 2368 fuerit
435 2300 620 2387 dampnum,
652 2301 682 2366 si
713 2319 834 2386 eapere
864 2302 915 2368 vel
941 2302 1016 2387 oapi
1031 2301 1140 2369 faeere
1156 2299 1274 2383 poterit

148 2410 392 2479 malelaotorem
423 2408 456 2476 in
489 2408 600 2474 eodem
634 2406 804 2494 Comitatu,
833 2411 886 2476 obi
903 2417 1016 2495 eaptus
1034 2408 1140 2496 fuerit,
1159 2407 1272 2493 puniat
1324 2489 1325 2492 Ἴ

149 2541 219 2587 eum
252 2519 288 2584 in
304 2535 444 2603 persona
469 2517 520 2582 vel
537 2515 632 2582 rebus
648 2515 742 2584 iuxta
757 2515 947 2599 qualitatem
965 2517 1077 2585 delicti
1094 2513 1267 2586 seu-male·

148 2627 213 2693 ficii
229 2623 418 2711 perpetrati,
435 2621 610 2692 auferendo
627 2622 761 2708 iusuper
791 2624 902 2690 banna
933 2625 1109 2693 seeundum
1141 2623 1272 2692 ordinu-

148 2741 291 2800 mentum
308 2731 463 2798 Comitum
490 2731 726 2816 predictorum
744 2739 776 2799 et
791 2732 819 2800 si
836 2733 911 2819 oapi
926 2753 991 2800 uon
1006 2734 1135 2820 poterit,
1153 2731 1270 2797 Comes
1341 2787 1344 2794 .

151 2841 201 2908 vel
217 2839 360 2907 Comites
375 2839 445 2907 sive
461 2839 658 2926 Dominium‚
687 2840 729 2906 de
754 2841 846 2908 euius
862 2841 1017 2908 Districtu
1043 2840 1142 2906 fuerit
1173 2838 1272 2903 male·

148 2951 262 3034 secter,
294 2948 409 3032 puniat
439 2948 577 3013 eundem
609 2947 851 3016 malefactorem
883 2947 917 3014 in
948 2966 1088 3033 persona
1105 2947 1154 3012 vel
1171 2947 1268 3012 rebus

148 3060 242 3123 iuxta
276 3055 466 3138 qualitatem
498 3054 609 3120 delicti
641 3057 795 3140 temporis
828 3054 985 3121 dilatione
1015 3057 1148 3136 remota,
1182 3049 1270 3133 quod

151 3163 344 3232 maleficium
376 3162 529 3247 puniatur
561 3181 617 3247 per
648 3162 816 3243 Comitem,
850 3162 904 3246 qni
920 3162 954 3227 in
969 3166 1056 3228 terra
1071 3159 1176 3226 fuerit.
1192 3159 1273 3224 Item

148 3269 306 3338 antedioti
338 3269 397 3336 filii
430 3269 564 3336 Comitis
596 3269 758 3337 Cuidonis
774 3269 860 3337 filios
877 3269 959 3352 Cagi
975 3269 1063 3336 Berti
1081 3267 1122 3333 de
1137 3265 1271 3351 Absero,

148 3401 229 3464 quos
263 3386 376 3464 oaptos
411 3377 557 3446 detinent
588 3377 631 3443 ad
662 3397 807 3466 presens,
837 3377 938 3443 libere
968 3375 1171 3444 relaxabunt.
1188 3374 1268 3438 Item

148 3489 292 3573 dampna
309 3488 387 3555 data
403 3509 462 3573 per
478 3487 625 3554 homines
643 3485 822 3555 Comitatus
852 3485 957 3570 Vegle
986 3483 1109 3551 Ranasi
1139 3490 1172 3550 et
1203 3483 1272 3550 eius

148 3597 246 3664 sociis
278 3616 319 3662 ao
348 3595 422 3662 aliis
447 3597 704 3681 quibusonmque
720 3595 866 3682 personis
883 3593 1063 3663 Comitatus
1078 3588 1270 3658 Abserensis

148 3725 167 3770 a
183 3712 338 3790 tempore,
372 3725 435 3787 quo
467 3705 631 3770 emanarit
646 3709 831 3789 preceptum
850 3701 1013 3770 adomiuo
1030 3703 1120 3768 Duce
1136 3707 1169 3766 et
1184 3695 1265 3764 Con·

147 3813 220 3880 silio
231 3811 273 3879 de
284 3811 435 3896 dampnis
449 3809 671 3899 restituendis,
688 3811 829 3878 debeant
844 3809 991 3878 satisfieri
1009 3809 1131 3877 eisdem
1146 3805 1272 3874 Rauasi

147 3925 179 3986 et
194 3917 378 3985 hominibus
411 3919 591 3985 Comitatus
607 3918 800 3986 Abserensia
815 3938 874 4004 per
890 3918 1034 3985 homines
1049 3913 1152 3998 Vegle
1169 3931 1271 3995 usque

146 4025 188 4094 ad
219 4026 338 4093 testum
369 4025 480 4092 Sancti
513 4027 599 4092 Petri
630 4026 777 4112 proximi,
809 4025 855 4092 ita
884 4033 995 4094 tamen
1027 4020 1113 4107 quod
1145 4023 1173 4088 si
1198 4019 1270 4103 ipsa

146 4135 290 4219 dampna
321 4140 452 4217 reperta
479 4131 598 4201 furerint
629 4133 806 4201 assendere
831 4135 917 4200 ultra
942 4151 1099 4200 summam
1115 4129 1267 4196 librarum

147 4242 358 4312 ducentarum
391 4239 609 4308 Veneeialium
637 4263 822 4330 parvorum,
850 4241 913 4328 ipsi
929 4239 1075 4308 homines
1091 4235 1273 4304 Comitatus

146 4351 246 4435 Vegle
278 4371 342 4416 nou
360 4357 532 4415 teneantur
547 4349 721 4416 emendare
736 4350 799 4416 nisi
816 4349 915 4418 libras
933 4349 1150 4428 ducentarum
1170 4361 1267 4428 super

147 4457 300 4545 predictis
317 4455 467 4542 dampnis
484 4455 571 4524 datis
587 4455 683 4524 debet
697 4455 785 4524 credi
803 4463 834 4524 et
850 4456 928 4524 stari
953 4455 1050 4523 debet
1079 4449 1267 4520 iuramentis

147 4570 272 4637 illorum
285 4567 328 4634 de
343 4563 502 4634 Comitatu
520 4565 703 4654 Abserensi,
721 4567 837 4656 quibus
854 4565 931 4638 data
946 4571 1021 4633 sunt
1037 4563 1179 4651 dampna
1194 4560 1268 4649 ipse
