3120 5148
864 273 927 336 112

806 359 967 372 ufi——n———n

330 490 382 538 res
400 469 469 536 eins
488 467 631 533 detinere
648 474 824 551 presumat,
842 465 1014 534 dummodo
1031 464 1073 532 de
1088 462 1273 532 recessione
1289 463 1362 530 eins
1389 467 1461 531 nnl-

329 579 395 644 lum
413 575 553 656 domino,
570 572 610 638 de
628 573 718 640 cuius
750 579 836 638 terra
867 572 1015 656 recessit,
1048 571 1260 658 preiudicium
1291 569 1462 638 inferatur.

328 683 418 750 Sicut
434 689 541 748 autem
559 680 641 746 liber
658 680 802 763 intravit,
819 681 866 744 ita
882 678 1012 761 quando
1029 679 1170 746 voluerit
1202 677 1285 743 liber
1301 677 1461 745 discedat.

329 791 419 857 Sicut
434 793 545 872 itaque
563 785 665 870 Regni
682 787 783 853 nostri
800 785 1003 851 consuetudo
1021 785 1183 870 legittima
1209 785 1374 870 exigebat,
1403 807 1461 853 nos

328 902 522 962 memoratos
539 895 658 960 fratres
675 895 796 960 Domus
814 890 1094 960 Oblarsuallensis
1110 891 1144 958 in
1176 894 1307 978 prelata
1341 895 1459 960 elemo-

254 1043 257 1046 -
332 1001 784 1085 sinenostrepossessionem
811 997 1080 1083 perpristaldum
1112 1009 1269 1083 nostrum,
1304 998 1459 1068 videlicet

329 1111 504 1176 blartinum
521 1107 621 1174 filium
638 1108 744 1190 Woya
762 1106 920 1174 Comitem
936 1105 1084 1188 legitime
1116 1105 1252 1173 fecimus
1284 1109 1461 1176 introduci.

329 1215 392 1292 Qui
409 1215 631 1301 pertinencias
649 1215 795 1280 eiusdem
811 1213 1001 1279 Menanterii
1026 1233 1098 1278 cum
1128 1213 1277 1296 diligenti
1309 1217 1462 1282 examine

331 1325 364 1389 in
382 1323 510 1407 scriptis
526 1321 687 1404 redactas,
704 1329 800 1407 prout
816 1320 847 1386 in
865 1319 1007 1403 presenti
1018 1321 1140 1404 pagina
1155 1323 1305 1406 superius
1321 1325 1458 1389 suntde·

330 1432 461 1515 scripte,
477 1430 537 1496 sub
553 1427 655 1512 sigilli
673 1427 722 1494 sui
740 1427 926 1494 testimonio
944 1427 1117 1493 roboravit.
1143 1426 1326 1494 Statnimus
1353 1433 1457 1496 eciam

331 1545 363 1604 et
377 1537 494 1620 Regali
511 1538 702 1602 auctoritate
719 1536 907 1613 sanctimus,
924 1533 1012 1614 quod
1045 1533 1107 1600 boc
1142 1536 1374 1602 Monasterinnr
1408 1558 1462 1602 no·

330 1653 432 1712 strum
448 1644 489 1710 de
505 1642 642 1729 Topliea
658 1643 780 1726 Regale
796 1643 850 1726 sit,
867 1642 999 1706 inmune
1016 1649 1049 1706 et
1065 1641 1204 1706 liberum
1223 1651 1256 1708 et
1281 1663 1303 1707 a
1328 1643 1461 1709 iurisdi-

331 1753 423 1818 cione
440 1751 611 1817 cuiuslibet
627 1750 744 1816 iudicis
762 1755 870 1833 preter
885 1747 985 1831 Regis
1002 1755 1195 1833 exemptum.
1214 1750 1335 1816 Nullus
1347 1751 1461 1816 Banus

332 1879 389 1926 seu
404 1859 528 1940 Comes,
543 1877 602 1924 sen
618 1858 702 1924 alius
719 1856 818 1922 iudex
834 1855 919 1922 intra
934 1857 1087 1922 terminos
1103 1865 1213 1922 nostre
1224 1857 1376 1940 potencie
1387 1877 1460 1923 con-

336 1967 469 2034 stitutus
486 1985 582 2051 super
598 1951 753 2050 populum
770 1963 871 2048 ipsius
890 1963 1075 2028 Monasterii
1091 1963 1245 2049 iudicare,
1261 1965 1314 2031 vel
1332 1966 1366 2030 in
1391 1985 1453 2048 per

332 2073 492 2140 tinencias
510 2073 580 2139 eius
597 2071 838 2138 iurisdiciouem
855 2071 976 2136 audeat
991 2079 1268 2155 exercerc,preter
1286 2091 1463 2155 personam

330 2181 439 2267 Regis,
454 2181 505 2246 vel
523 2201 595 2247 eum
621 2178 773 2261 iudicem,
809 2177 864 2260 qui
895 2177 938 2244 ad
968 2177 1164 2262 peticionem
1190 2178 1329 2245 Abbatis
1361 2178 1464 2246 fuerit

332 2287 440 2356 Judex
458 2287 650 2354 constitutus
668 2283 773 2352 eidem
790 2283 990 2352 Monasterio
1008 2285 1178 2367 delegatus
1194 2305 1215 2352 a
1230 2287 1329 2369 Rege.
1347 2287 1465 2354 Abbas

332 2417 406 2464 vero
424 2396 606 2481 plenariam
623 2399 654 2460 et
669 2393 925 2474 irrefragabilem
954 2391 1075 2458 babeat
1106 2398 1301 2477 potestatem
1333 2395 1467 2460 nniver-

331 2522 402 2569 snm
420 2501 575 2586 populum
592 2518 684 2566 suum
701 2499 754 2564 vel
769 2517 827 2582 per
843 2517 879 2564 so
895 2497 944 2562 vel
964 2517 1020 2584 per
1036 2517 1129 2564 sunm
1158 2497 1314 2564 Comitem
1348 2499 1463 2566 Curia·

334 2615 395 2676 lem
413 2607 566 2690 iudicare,
583 2606 642 2673 sub
659 2608 730 2672 eius
746 2603 906 2674 libertatis
923 2613 954 2671 et
971 2607 1143 2688 potestatis
1161 2605 1380 2694 plenitudine,
1399 2629 1467 2692 qua

332 2715 475 2782 Comites
492 2713 532 2780 de
550 2713 653 2779 Gerra
670 2713 806 2778 eundem
824 2711 980 2796 populum
996 2717 1097 2777 antea
1113 2713 1312 2779 iudicabant.
1357 2715 1399 2780 Et
1433 2721 1470 2780 ut

332 2823 474 2890 breviter
491 2821 716 2888 concludemus
735 2845 742 2885 :
760 2819 880 2887 dictum
899 2820 1131 2886 Monasterium
1149 2821 1190 2886 de
1206 2821 1345 2907 Topliea
1371 2831 1470 2888 tanta

332 2911 505 3016 libertatis,
520 2929 733 2995 immunitatis
765 2937 797 2993 et
828 2927 1034 2994 auctoritatis
1064 2926 1206 3010 gaudeat
1236 2933 1470 3017 prerogativa,

332 3053 456 3124 quanta
465 3045 575 3104 cetera
586 3035 788 3102 Monastaria
797 3033 935 3120 Regalis
948 3055 988 3100 ex
999 3036 1210 3101 concessione
1219 3043 1471 3105 antecessorum

332 3155 513 3212 nostrorum
531 3145 732 3228 praeminere
748 3150 933 3209 noscuntur.
965 3141 1124 3206 Predictis
1158 3142 1315 3210 fratribus
1342 3150 1472 3213 nostris

333 3255 374 3322 de
389 3253 527 3341 'Poplica
544 3254 585 3318 de
602 3249 765 3318 solucione
782 3248 894 3316 tributi
913 3256 979 3314 tam
996 3249 1029 3313 in
1046 3248 1135 3314 exitu
1152 3256 1184 3314 et
1200 3247 1336 3316 introitu
1355 3265 1469 3337 porta·

331 3383 411 3447 rum,
428 3381 524 3445 quam
541 3361 576 3425 in
592 3359 707 3424 ceteris
725 3357 803 3424 locis
819 3357 999 3442 Hungarie‚
1016 3357 1050 3420 in
1068 3355 1185 3439 quibus
1201 3367 1407 3425 mercaturas
1426 3363 1473 3428 ud

332 3469 480 3553 proprios
498 3487 574 3533 usus
592 3465 795 3544 exercebunt,
823 3483 894 3529 eam
928 3462 1135 3529 concedimus
1168 3463 1367 3548 libertatem,
1401 3491 1482 3553 qua

330 3574 501 3661 Agriensis
528 3582 559 3640 et
583 3571 773 3639 Pelisiensis
806 3569 952 3636 Ecclesia
983 3591 1024 3636 ex
1055 3571 1171 3654 Regali
1203 3570 1288 3639 dono
1319 3581 1476 3642 utuntur.

333 3683 436 3750 Huius
454 3682 563 3762 itaque
579 3677 753 3746 elemosine
769 3684 877 3744 nostre
894 3685 1041 3744 tenorem
1058 3685 1216 3762 perpetuo
1233 3685 1340 3743 ratum
1363 3681 1478 3750 invio·

332 3790 531 3872 labilemque
547 3786 616 3852 sore
631 3788 813 3871 statuimus,
831 3804 969 3868 eumque
987 3783 1182 3852 anctoritate
1207 3785 1311 3867 Regia
1326 3789 1480 3870 perben-

333 3899 416 3963 niter
433 3893 657 3962 confirmamus
673 3913 731 3977 per
747 3899 930 3978 presentem
948 3891 1104 3976 paginam
1122 3889 1234 3975 sigillo
1251 3900 1363 3959 nostro
1398 3918 1479 3964 mu·

333 4006 445 4072 nitam.
469 4003 589 4090 Datum
606 4021 793 4086 permanes
811 3999 959 4084 Magistri
975 3997 1108 4086 Tbome,
1134 3999 1218 4066 Aule
1243 3999 1347 4084 Regis
1382 4005 1480 4072 Can·

333 4112 458 4181 cellarii
484 4119 516 4175 et
548 4107 797 4195 Bezprimiensis
828 4105 1000 4192 Prepositi,
1035 4127 1121 4173 anno
1152 4107 1194 4173 ab
1225 4108 1480 4180 lucarnacione

337 4219 465 4287 Domini
481 4215 626 4284 MOCXI.
651 4213 839 4282 Venerabili
864 4214 1014 4281 iohanne
1045 4212 1262 4296 strigoniensi
1294 4217 1483 4307 Archiepi-

331 4347 440 4413 scopo,
458 4322 648 4392 Reverendo
665 4321 820 4388 Bertoldo
838 4321 1008 4388 Colocenci
1025 4321 1137 4388 Eleoto
1154 4327 1186 4386 et
1203 4322 1295 4387 Bano
1324 4326 1428 4392 existi
1445 4353 1484 4397 n.

332 4436 429 4519 tibus,
454 4432 584 4498 Kalano
601 4428 955 4513 Quinqneecclesiensi,
986 4427 1140 4495 Bolezlao
1157 4425 1337 4517 Waciensi,
1373 4431 1485 4507 Cata.

333 4563 418 4628 pano
436 4539 596 4624 Agriensi,
630 4537 771 4622 Symone
787 4536 1006 4624 Waradiensi‚
1038 4537 1213 4604 Desiderio
1230 4536 1488 4634 chanadiensr,
