3150 5162
655 913 657 921 r
689 853 768 932 305„
852 845 869 861 “’

152 1055 174 1118 1
183 1054 220 1120 V.
244 1052 329 1119 Belo
339 1017 455 1138 'tiron
472 1049 543 1120 tdbb
559 981 1056 1142 aprotmeppdi'oo’rjffttdpyor
1082 1053 1137 1123 tit
1152 1078 1174 1120 a
1189 1053 1285 1122 Stant

149 1163 216 1230 So·
232 1159 518 1250 Glopoonielrdboo
535 1161 603 1227 ldoo'
618 1162 770 1250 ldadaalr
786 1160 844 1227 ald
860 1162 985 1228 oetatto'k
1001 1163 1161 1250 mapakot,
1191 1165 1285 1232 simet

434 1291 455 1333 a
471 1269 609 1356 adqrcidi
623 1267 743 1352 adnisos
757 1268 904 1356 eoatolja.
929 1271 1025 1338 1257.

267 1463 349 1530 Bela
379 1463 442 1530 Dei
471 1463 567 1550 gaola
597 1463 778 1550 Hungarie,
810 1463 989 1554 Dalmaoie,
1019 1465 1132 1552 Rama,
1153 1466 1281 1555 Seruio,

151 1571 308 1657 Gallioie,
341 1568 542 1655 Lodomerie,
577 1567 798 1656 Cumanieque
828 1573 898 1640 Rex
928 1571 1076 1639 omnibus
1109 1580 1279 1660 presentes

148 1679 280 1746 litteras
309 1677 503 1765 inspueturis
529 1675 666 1746 salutem
694 1679 729 1744 in
746 1699 795 1766 eo,
812 1679 867 1762 qui
883 1685 933 1746 est
948 1681 1037 1746 salus
1054 1680 1208 1748 omnium.
1224 1679 1276 1748 Ad

149 1787 377 1854 universorum
407 1784 561 1854 noticiam
586 1784 701 1852 harum
718 1787 803 1852 serie
818 1785 967 1854 volumus
982 1787 1152 1872 pervenire
1167 1811 1177 1856 z
1194 1784 1280 1872 quod

149 1913 226 1961 oum
242 1892 329 1958 Hala
344 1891 430 1960 filius
447 1891 573 1978 Cosme,
599 1890 844 1977 Maladeehwet,
864 1893 1023 1980 Wolooyn
1054 1892 1114 1960 filii
1143 1893 1279 1982 Bodieh,

149 2001 208 2084 qui
241 1997 282 2067 de
312 1999 542 2084 iobagionibus
573 1999 680 2066 Oastri
706 1999 807 2068 nostri
823 1999 1054 2084 Zagrabiensis
1070 2000 1199 2068 fuerant
1214 2000 1302 2069 ori·¹

147 2106 241 2193 undi,
273 2105 358 2172 mole
388 2105 591 2192 paupertatis
622 2107 780 2192 oppressi,
812 2124 849 2172 se
865 2125 936 2174 eum
962 2105 1056 2174 terris
1071 2108 1139 2174 suis
1154 2105 1277 2174 Domui

147 2214 264 2280 Sancti
280 2213 450 2300 Sepulohri
465 2213 507 2282 de
523 2212 727 2299 Golgonieha
742 2212 960 2282 reddidissent
983 2214 1168 2302 servituros,
1192 2215 1277 2282 siout

148 2321 340 2391 eorumdem
370 2320 464 2388 nobis
494 2324 636 2388 asseroio
653 2321 915 2404 demonstrabat3
929 2309 1070 2391 ‘tandem
1095 2341 1155 2390 nos
1169 2321 1274 2408 ipsam

147 2449 285 2498 oausam
315 2418 506 2514 eognioioni
529 2433 562 2496 et
592 2429 799 2514 inquisitioni
831 2429 943 2498 dileoti
973 2437 1008 2498 et
1037 2429 1142 2498 fidelis
1171 2431 1274 2498 nostri

146 2536 308 2624 Stephani
322 2536 406 2604 Bani
421 2535 524 2604 tooius
540 2536 715 2605 Solanonie
732 2543 764 2605 et
783 2536 966 2626 Oapetanei
983 2537 1091 2626 Styrie
1121 2537 1273 2606 duximus

146 2642 419 2714 oommittendam.
451 2643 526 2730 Qui,
551 2645 636 2713 siout
663 2645 758 2713 nobis
788 2647 823 2712 in
854 2645 922 2713 suis
936 2645 1054 2714 litteris
1070 2643 1273 2732 postmodnm

146 2750 322 2838 intimarit,
338 2749 431 2820 seivit
446 2750 535 2836 ipsos
551 2769 625 2820 esse
639 2757 672 2818 et
687 2751 789 2820 fuisse
808 2743 996 2836 iobagiones
1016 2751 1123 2820 Oestri
1153 2773 1275 2821 memo·

146 2860 222 2946 rati,
237 2865 271 2928 ot
286 2877 462 2946 oppressos
479 2858 681 2945 paupertatis
697 2858 877 2926 moledicte
893 2859 1011 2927 Domui
1026 2859 1142 2940 Sanoti
1157 2859 1271 2946 Sepnl·
1393 2871 1395 2875 ·

146 2967 218 3036 olnri
250 2987 324 3035 oum
354 2965 422 3034 suis
455 2966 549 3034 terris
573 2965 752 3034 adhesisse.
772 2966 842 3034 Nos
858 2965 959 3050 igitur
973 2966 1120 3033 volentes
1135 2966 1222 3052 ipsos
1238 2967 1274 3032 in

146 3073 246 3162 priori
263 3080 351 3142 statu
367 3077 401 3138 et
415 3072 567 3141 libertato
599 3063 804 3156 conseruare,
834 3093 876 3140 ne
907 3092 948 3140 ex
978 3071 1039 3140 hoe
1070 3069 1142 3139 iuna
1166 3071 1273 3140 castri

146 3181 247 3248 nostri
279 3179 446 3247 memorati
460 3180 654 3264 alienentur,
673 3199 728 3247 eos
745 3199 817 3247 oum
832 3179 926 3248 terris
941 3179 1019 3264 suis,
1036 3198 1136 3264 super
1151 3179 1269 3263 quibus

146 3287 303 3374 llagistor
316 3287 435 3355 Maoha
451 3287 651 3355 stabularius
662 3306 764 3355 novas
780 3292 885 3354 metas
902 3287 1005 3353 erexit
1019 3285 1113 3352 iuxta
1128 3292 1267 3372 veteres,

144 3393 360 3463 restituendos
391 3394 541 3462 duximus
556 3393 599 3460 ad
614 3395 726 3464 debita
742 3400 774 3462 et
789 3395 928 3463 servioia
943 3393 1032 3462 dioto
1048 3395 1163 3464 Castro
1178 3412 1271 3461 exer·

147 3503 262 3589 aenda,
292 3503 538 3586 nonobstante
570 3502 749 3589 privilegio,
780 3501 899 3570 litteris
914 3521 974 3570 seu
991 3501 1226 3586 instrumentis,
1241 3500 1270 3568 si

144 3630 207 3695 qua
223 3610 315 3677 diota
329 3609 453 3679 Domus
471 3629 570 3696 super
593 3607 657 3676 hoo
687 3608 774 3676 laeto
807 3615 920 3676 eontra
950 3606 1041 3693 ipsos
1072 3608 1269 3694 impetrarat.

144 3713 181 3780 In
197 3715 291 3782 onius
306 3715 354 3782 rei
370 3705 557 3782 memoriam
574 3721 607 3782 et
622 3719 814 3800 perpetuam
828 3713 1013 3781 firmitatem
1029 3720 1198 3801 presentes
1208 3715 1268 3782 eis-

144 3821 217 3888 dem
244 3819 392 3888 dedimus
412 3820 550 3906 litteras,
568 3819 733 3908 dnpplieis
749 3819 852 3905 sigilli
866 3820 970 3888 nostri
985 3820 1162 3889 munimine
1176 3821 1268 3888 robo-

145 3935 245 3996 ratas.
272 3928 394 3996 Datum
421 3948 481 4014 per
499 3947 616 3995 manus
641 3926 791 4011 Magistri
821 3927 996 4012 Smaragdi
1027 3927 1179 3996 Albensis
1209 3929 1268 3995 Eo·

145 4034 245 4102 olenio
270 4033 443 4120 Propositi,
466 4035 545 4102 aule
559 4040 670 4102 nostre
685 4032 968 4120 Vieeoanoellarii,
986 4033 1091 4100 llleoti
1105 4033 1140 4101 in
1154 4034 1270 4102 Arolri-

148 4141 333 4226 episeopum
365 4139 585 4228 Oolooensem,
610 4139 723 4208 dileoti
740 4147 772 4208 et
785 4139 890 4208 fidelis
905 4137 1018 4226 nostri,
1033 4160 1121 4209 anno
1134 4141 1266 4212 Domini

145 4245 314 4316 millesimo
355 4247 575 4318 ducentesimo
624 4247 892 4334 quinquagesimo
946 4245 1117 4334 soptimo;
1165 4247 1264 4318 teroio

145 4351 305 4424 kalendas
320 4353 418 4443 lunii,
433 4354 539 4444 Regni
555 4359 664 4425 autem
678 4354 780 4423 nostri
795 4372 883 4422 anno
896 4353 1050 4424 vicesimo
1071 4345 1236 4432 seeundo„

214 4481 380 4550 (Thaletica,
398 4483 522 4538 Menum.
540 4483 607 4538 hist.
626 4481 719 4549 spiro.
738 4482 933 4552 zagrabtsnsis
951 4483 975 4538 1.
993 4483 1053 4537 ktt.
1074 4488 1132 4536 117.
1150 4481 1182 4550 l.)
