3080 5146
625 287 787 386 Α,

131 483 242 566 potins
260 481 440 566 profanare
455 487 650 566 presumunt
667 483 700 548 in
717 483 899 548 animarum
923 501 1054 548 suarum
1080 481 1286 569 periculum..

131 588 350 672 plurimorum
365 587 566 674 scandalum,
582 587 685 674 ipsius
700 587 858 674 Episcopi
873 585 1099 676 preludicium,
1116 595 1149 656 et
1164 593 1270 660 eccle·

132 693 272 765 siastice
288 693 462 781 discipline
479 701 706 781 contemptum.
731 693 840 772 Quare
871 715 929 781 pro
961 703 1054 782 parte
1085 694 1163 764 dicti
1195 697 1272 783 Epi·

132 803 224 889 scopi
242 803 416 872 humiliter
446 803 616 890 petebatur
642 823 663 868 a
693 803 798 885 nobis,
831 810 864 870 et
895 801 1041 872 camdem
1074 803 1285 872 sententiam*

133 911 233 980 robur
249 911 418 980 firmitatis
434 912 580 979 debitum
597 911 754 997 obtinere,
778 909 932 996 ipsosque
958 909 999 980 dc
1024 911 1274 999 presumptione

133 1018 327 1088 huiusmodi
343 1017 454 1104 puniri
470 1038 556 1104 pena
572 1019 732 1085 canonica
746 1018 940 1098 faceremus.
982 1015 1140 1095 Quocirca
1157 1017 1275 1086 fratcr-
1387 1025 1392 1035 '

131 1125 229 1194 nitati
246 1131 306 1192 tue
321 1146 378 1214 per
393 1125 586 1211 Apostolica
600 1124 725 1209 scripta
741 1124 943 1206 nicodemus,
962 1133 1123 1210 quatenus
1141 1133 1273 1194 senten·

134 1234 215 1300 tiam
229 1233 353 1319 ipsam,
370 1232 453 1301 sicut
466 1232 711 1299 rationabiliter
722 1236 770 1298 est
791 1233 930 1317 prolata,
947 1233 1051 1300 facias
1077 1233 1274 1302 auctoritate

136 1347 248 1408 nostra
265 1339 430 1424 usquead
446 1338 706 1406 satisfactionem
733 1337 939 1426 condignam,
972 1339 1194 1424 appellatione
1226 1361 1274 1409 re-

137 1452 235 1531 mota,
252 1446 492 1514 inviolabiliter
509 1443 697 1528 observari;
722 1437 877 1530 supereo
908 1465 996 1532 vcro,
1030 1445 1116 1530 quod
1149 1466 1275 1514 excom·

138 1556 297 1623 munioati
313 1553 473 1622 dicuntur
490 1553 654 1621 celebrare
671 1551 800 1637 Divina,
832 1552 918 1636 quod
950 1553 1068 1620 rationi
1101 1561 1274 1622 consenta-

139 1682 236 1730 neum
270 1659 395 1748 fueriti,
417 1661 640 1748 appellatione
671 1667 797 1726 remota
827 1659 998 1746 decernas,
1030 1661 1153 1728 faciens
1186 1661 1275 1746 quod

141 1767 329 1836 decreveris
352 1787 412 1854 per
443 1786 613 1836 censuram
644 1765 903 1834 ecclesiasticam
934 1767 1067 1835 firmiter
1098 1767 1275 1836 obseruari.

141 1883 263 1947 Datum
284 1875 442 1942 Laterani
457 1873 517 1942 XI.
535 1871 1207 1944 kalendasblaiiPontificatusncstrlanno
1218 1877 1277 1943 XI.

242 1983 415 2051 Prefatum
431 1981 757 2067 Archiprcsbyterum
774 1989 806 2046 et
823 1981 981 2064 quosdam
1012 1981 1095 2049 alios
1124 1981 1271 2050 Ecclesia

138 2093 250 2162 Sancti
268 2089 386 2158 Jacobi
403 2089 444 2157 de
460 2088 627 2175 Sybinico,
659 2089 784 2155 scilicet
799 2089 945 2174 Tolcum,
975 2095 1008 2155 ct
1040 2088 1209 2167 Rodinem,
1244 2107 1263 2155 c

143 2202 329 2270 Johannem
347 2197 388 2264 dc
402 2196 504 2263 Viaco
522 2196 741 2281 presbyteros,
756 2203 789 2264 et
805 2197 944 2263 Strioum
962 2195 1144 2276 diaconum,
1166 2214 1228 2262 sno
1245 2201 1277 2262 et

141 2307 287 2376 Ecclesia
304 2324 363 2371 sue
380 2303 510 2372 nomine
527 2301 620 2369 iuxta
637 2303 792 2370 traditam
807 2303 903 2371 nobis
919 2303 1056 2372 formam
1074 2302 1217 2388 legitime
1243 2307 1289 2368 ct·

145 2411 364 2502 peremptorie
381 2411 554 2479 citavimus
571 2429 679 2476 coram
710 2411 830 2478 nobis:
862 2413 950 2496 quod
982 2415 1209 2496 comparentes
1240 2407 1276 2473 in

146 2521 275 2590 dedicio
291 2518 509 2606 personaliter
524 2519 558 2585 in
583 2517 721 2584 termino
754 2516 940 2606 constituto,
973 2527 1005 2585 et
1036 2517 1184 2604 petitioni
1216 2537 1276 2584 seu

147 2629 254 2697 libello
272 2627 411 2696 adverse
426 2625 531 2711 partis
547 2627 613 2692 iam
631 2623 754 2692 dudum
770 2625 817 2693 eis
834 2627 1028 2696 transmisse
1058 2645 1117 2711 per
1149 2625 1276 2692 litteras

145 2743 271 2804 nostras
289 2735 456 2802 citatorias
471 2741 618 2817 perrecto
634 2731 841 2819 postmodum
856 2739 888 2799 et
905 2739 1048 2819 accepto,
1080 2733 1114 2798 in
1146 2731 1277 2800 Jndicio

149 2861 254 2910 coram
271 2841 366 2910 nobis
381 2840 579 2907 advocatum
599 2860 691 2906 suum
708 2839 749 2906 de
766 2857 902 2908 assensu
919 2839 1096 2908 eorundem
1111 2859 1277 2926 expresso,

148 2948 266 3018 directe
283 2958 317 3016 ct
331 2948 491 3032 legittime
506 2945 747 3034 respondentes,
764 2946 958 3032 quibusdam
975 2945 1100 3014 frivolis
1113 2947 1277 3032 exceptic-

151 3058 244 3124 nibus
260 3055 450 3139 interiectis,
466 3074 548 3140 quas
565 3054 606 3122 de
625 3055 761 3121 consilio
777 3053 970 3140 Sapientum
987 3073 1053 3121 non
1072 3051 1289 3138 admisimus,.

152 3171 182 3230 et
197 3161 543 3232 excommunicationis
560 3161 751 3248 exceptione
768 3169 882 3230 contra
897 3161 1093 3247 Episcopum
1122 3159 1279 3244 Traguri-

151 3293 259 3340 cnsem
274 3278 401 3340 tantum
419 3271 617 3338 verbotenus
634 3269 792 3358 opposita,
810 3270 869 3336 sed
884 3291 947 3338 non
958 3268 1105 3354 probata,
1122 3265 1280 3334 adonius·

154 3379 225 3448 dam
242 3378 478 3467 appellationis
493 3377 695 3446 frustratorie
711 3376 881 3461 diffugium
905 3373 1137 3445 contumaciter
1164 3393 1280 3442 convo-

156 3488 270 3554 larunt
294 3488 405 3556 'Pcnor
420 3495 531 3554 autem
546 3485 650 3571 ipsius
666 3484 834 3570 petitionis
851 3485 928 3553 talis
949 3493 1017 3553 est:

259 3597 330 3680 Ego
346 3594 502 3680 Magister
517 3591 696 3678 Gregorius
714 3594 955 3678 Tragurieneis‚
972 3591 1128 3678 sindicus,
1145 3597 1279 3674 actcrct

162 3710 345 3786 procurator
361 3701 483 3770 domini
498 3699 663 3787 Treguani
677 3700 740 3768 Dei
754 3701 862 3785 gratia
876 3701 1031 3788 Episcopi
1040 3699 1292 3784 Traguriensis,.

157 3809 340 3896 dedicatio,
356 3809 488 3894 actorio,
506 3808 727 3894 procuratorio
743 3809 874 3876 nomine
890 3809 994 3896 ipsius
1027 3815 1101 3893 pete
1132 3827 1154 3872 a
1186 3807 1280 3875 vobis

151 3915 284 3986 domino
300 3918 336 3984 L.
353 3917 560 3986 miseratione
576 3917 699 3984 Divina
718 3914 1147 4002 ledrensiArchiepiscopo,
1159 3912 1282 3981 domini

157 4022 244 4111 Papo
260 4023 377 4092 Judice
392 4024 566 4110 Delegato,
598 4023 683 4108 quod
699 4021 907 4108 compellatis
922 4021 1135 4089 Stanimirum
1167 4021 1280 4089 Archi·

161 4133 394 4220 presbyterum,
410 4130 556 4216 Tclcum,
572 4129 741 4216 Rodinem,
757 4127 941 4196 Johannem
958 4127 999 4198 dc
1016 4129 1119 4198 Viaco
1146 4129 1282 4216 presby·

162 4243 252 4324 teres,
283 4243 316 4306 et
330 4237 471 4308 Stricom
486 4236 668 4319 diaconum,
700 4245 732 4305 et
747 4241 872 4304 ceteros
888 4234 1021 4304 clericos
1046 4235 1088 4302 de
1118 4235 1283 4322 Sybinico,

162 4341 392 4412 inviolabiliter
408 4343 583 4414 observare
598 4345 793 4412 sententiam
809 4335 1160 4430 excommunicationis,
1188 4363 1295 4426 quam.

162 4451 260 4522 dictum
276 4453 458 4540 Episcopus
473 4455 626 4540 Tragurii
643 4454 678 4520 in
709 4473 763 4520 cos
794 4452 988 4522 anctoritate
1018 4449 1185 4518 ordinaria
1216 4450 1283 4518 eri-

163 4567 256 4644 gente
267 4561 402 4648 justicia
417 4565 647 4652 promulgavit,
677 4582 735 4649 pro
754 4581 793 4631 eo
809 4560 896 4650 qnod
912 4559 1054 4630 decimas
1070 4568 1102 4630 ct
1112 4561 1189 4648 jura
1215 4560 1294 4648 epi·-
