3120 5148
636 1005 689 1071 91.

109 1203 151 1266 Il.
165 1200 268 1264 Eudre
283 1199 396 1284 leiru'ly
415 1198 506 1262 Sedes
521 1193 855 1281 comcetfeljoyoeo'tjo,
871 1195 954 1279 kopp
973 1189 1135 1258 Ceb'tdrtb'lc
1145 1199 1226 1255 acolt

304 1303 492 1391 belpadpben
512 1305 713 1368 udodrnu'mot
728 1300 914 1366 szedbeooeu.
932 1299 1029 1364 1217.

210 1503 244 1568 Iu
284 1502 415 1568 nominc
454 1500 574 1566 Sancte
604 1497 774 1564 Trinitatis
806 1500 838 1561 ct
870 1494 1041 1562 Indiuidua
1073 1493 1228 1563 Unitatis.

112 1611 251 1678 Andreas
275 1611 340 1678 Dei
371 1609 485 1694 gracia
516 1607 695 1692 Hungarie,
728 1603 908 1685 Dalmacie,
940 1604 1083 1686 Oroacic,
1115 1605 1227 1690 Rome,

113 1718 225 1805 Seruis,
241 1717 367 1784 Gelicie
384 1713 641 1798 Lodomerieque
658 1715 728 1780 Rex
744 1715 777 1780 iu
793 1721 995 1798 perpetuum.
1017 1713 1229 1781 Excellentis-

114 1829 188 1892 eima
204 1827 328 1909 Regum
345 1823 519 1910 dapsilitas
535 1819 620 1909 (tgy)
637 1822 714 1889 licet
742 1823 845 1888 eciam
874 1819 916 1886 ad
943 1829 1111 1888 extraneos
1147 1823 1228 1886 boue

113 1935 400 2001 commendaciouis
416 1931 605 2016 fragrancia
620 1931 756 1998 dilatari
772 1929 911 2012 debeat;
937 1928 979 1994 ad
1012 1931 1086 1996 illos
1117 1935 1228 1996 tamen

112 2042 265 2126 copiosius
281 2040 473 2124 largicionis
489 2058 547 2106 sue
563 2038 650 2106 dona
666 2039 761 2104 debet
777 2035 961 2122 extendere,
995 2035 1050 2119 qui
1076 2055 1138 2102 sua
1168 2037 1226 2102 Rc·

116 2150 162 2233 gie
182 2149 347 2216 Maiestati
371 2167 436 2214 uon
476 2153 600 2214 tantum
640 2147 789 2231 fideliter,
830 2165 942 2213 uerum
984 2143 1086 2210 eciam
1113 2140 1230 2210 indesi-

114 2265 220 2323 nenter
255 2253 450 2342 inpedcruut
488 2255 647 2344 seruicia,
688 2275 747 2320 uec
773 2254 937 2338 condigna
967 2253 1036 2318 suis
1067 2249 1232 2317 laboribus

117 2372 300 2449 receperunt
317 2363 484 2431 beneficia.
509 2363 590 2430 Cum
617 2364 728 2446 itaque
754 2367 862 2430 noster
893 2361 999 2427 fidelis
1031 2365 1063 2427 et
1095 2359 1234 2428 dilectus

115 2469 211 2538 Sabus
226 2471 343 2537 Comes
376 2491 435 2556 per
458 2471 578 2537 eximia
603 2471 802 2556 probitatum
829 2489 940 2554 opera,
972 2487 1030 2558 per
1061 2466 1235 2534 indecidue

116 2577 276 2646 fidelitatis
293 2579 452 2663 obsequia
467 2598 575 2646 coram
600 2578 703 2646 oculis
729 2577 849 2645 uostris
865 2573 1085 2644 indesinenter
1100 2575 1234 2644 claruis-

116 2693 169 2770 set,
185 2685 221 2750 iu
237 2706 366 2753 suorum
383 2686 721 2772 recompensacionem
737 2685 933 2773 meritorum,
960 2683 1037 2752 licet
1053 2682 1141 2767 quod
1156 2681 1236 2748 laci·

117 2814 182 2861 uus
197 2815 256 2880 pro
271 2795 405 2861 minimo
422 2801 621 2882 reputemus,
638 2794 792 2860 tributum
809 2793 870 2860 fori
889 2793 1087 2860 Oheturtbuc
1103 2793 1137 2858 in
1155 2790 1235 2858 uilla

117 2921 171 2967 sua
188 2901 363 2986 constituti,
395 2908 428 2968 et
444 2901 593 2969 similiter
622 2902 798 2988 pedagium
824 2923 897 2970 cum
923 2903 1008 2970 tribu
1043 2900 1238 2990 (biiavttva3

118 3011 206 3080 elbbb
224 3011 290 3077 uolt
307 3007 387 3096 pon)
404 3009 446 3076 tis
463 3009 505 3077 de
520 3007 651 3095 Diduag
665 3029 766 3095 super
790 3030 883 3078 suam
917 3020 1035 3078 terram
1068 3008 1239 3078 existentis

116 3121 241 3188 racione
256 3127 366 3188 nostre
381 3119 556 3208 porcionis,
573 3118 667 3186 seluo
682 3119 753 3185 iure
768 3119 914 3202 aliorum,
931 3123 996 3184 tam
1013 3119 1042 3186 ei
1060 3135 1157 3202 quam
1168 3118 1238 3186 suis

117 3227 288 3295 heredibus
305 3225 501 3294 contulimus
518 3227 553 3291 iu
571 3233 760 3312 perpetuum
787 3227 996 3314 possidenda,
1025 3247 1082 3312 per
1108 3245 1239 3312 presen-

117 3335 197 3400 cium
214 3335 338 3420 scripta
353 3340 418 3400 tam
437 3333 553 3401 Comiti
569 3334 610 3403 dc
626 3335 743 3422 Posou,
770 3357 867 3421 quam
900 3336 1047 3404 omnibus
1079 3335 1164 3420 aliis,
1197 3333 1241 3402 ad

117 3463 191 3526 quos
207 3461 342 3529 presens
359 3443 481 3528 pagina
496 3442 692 3529 peruenerit,
709 3443 902 3512 auctoritate
936 3443 1039 3528 Regia
1071 3441 1243 3509 districtis·

115 3555 191 3616 sime
206 3549 432 3636 precipientes,
451 3557 609 3636 quatenus
635 3559 845 3620 memoratum
873 3561 1017 3621 nostrum
1044 3551 1172 3620 fidelem
1208 3559 1240 3619 ct

117 3659 182 3726 eius
197 3658 335 3726 heredes
351 3661 527 3746 superbae
543 3664 655 3730 nostra
672 3660 852 3728 donacione
867 3659 1057 3728 nullatcnus
1074 3659 1244 3746 impedire,

117 3785 172 3834 uec
188 3767 395 3851 aliquatenus
412 3774 658 3854 presumpmaut
674 3772 855 3838 molestare.
881 3767 999 3836 Verum
1016 3767 1093 3852 quia
1105 3766 1242 3837 mordax

118 3881 146 3939 et
160 3875 307 3960 insopita
321 3876 481 3944 malcrum
498 3877 665 3963 pernicies,
694 3877 850 3946 bonorum
876 3878 1003 3946 actibus
1029 3875 1181 3946 inuideus
1213 3882 1245 3946 ot

116 3983 227 4069 quieti,
244 3983 334 4066 quod
350 3983 536 4054 ordinatum
553 3991 601 4052 est
617 3987 770 4072 legitime,
788 3989 920 4054 molitor
931 3993 1124 4072 retractarc;
1143 3989 1247 4055 vtbec

118 4091 245 4159 anobis
261 4111 321 4176 pro
347 4093 519 4178 multiplici
545 4096 698 4164 contiuuo
730 4093 895 4162 fidelitatis
929 4095 1101 4180 exigeucia
1132 4101 1243 4160 nostro

118 4197 202 4266 fideli
221 4199 310 4270 lacta
327 4201 465 4268 donacio
481 4223 540 4288 per
565 4203 672 4270 omnia
696 4223 846 4272 successo
856 4225 925 4271 rum
951 4213 1134 4272 nostrorum
1168 4211 1246 4268 tem·

118 4328 195 4394 pora
212 4310 310 4376 salua
326 4329 456 4394 semper
469 4319 501 4378 et
520 4311 712 4380 inconcussa
728 4319 929 4398 permaneat,
962 4317 1144 4396 presentem
1173 4329 1247 4374 cou-

23 4495 24 4500 ἵ
119 4416 274 4485 cessimus
292 4418 449 4504 pagiuam
465 4417 566 4504 sigilli
582 4421 685 4486 nostri
702 4421 878 4488 munimine
893 4423 927 4488 iu
944 4427 1136 4510 perpetuum
1154 4421 1246 4488 robo-

121 4524 379 4604 ratam.,Datum
397 4545 454 4612 per
470 4546 582 4594 manus
601 4528 760 4613 Huugriui
776 4531 923 4614 Magistri
939 4531 1012 4598 aule
1029 4537 1138 4598 nostre
1166 4531 1250 4596 Cau·

23 4713 24 4716 ¹
119 4632 248 4720 cellarij
266 4653 350 4701 anuo
367 4639 410 4703 ab
427 4637 663 4704 lucarnecioue
680 4637 809 4706 Domini
827 4641 999 4710 millesimo
1025 4641 1249 4710 ducentesimo
