3164 5154
800 269 958 369 A)...

319 469 434 534 iterato
450 463 552 531 firmis
569 463 713 529 dedisset
729 462 764 528 in
780 463 965 548 mandatis5
990 469 1151 546 quatenus
1183 464 1226 530 ad
1251 463 1454 550 vigesimum
1536 523 1537 532 ,

316 571 465 656 quintum
481 569 566 636 diem
584 571 649 635 diei
667 568 881 636 exhibicionis
897 568 1081 636 litterarum
1096 589 1228 637 suarum
1245 590 1317 637 eum
1344 571 1444 638 omni·

316 681 374 748 bus
384 677 515 764 juribus
531 683 564 742 et
579 674 761 761 priuilegijs
778 695 899 759 eorum,
915 675 944 741 si
960 695 1022 760 que
1038 676 1072 742 in
1088 677 1286 745 eontrarium
1312 677 1447 763 priuile-

316 784 442 870 giorum
458 789 490 850 et
501 783 624 869 jurium
641 781 729 848 diete
751 781 900 852 Beelesie
926 781 1104 850 Nitriensis
1135 783 1302 869 haberent,
1333 801 1446 850 eoram

315 895 381 961 Sue
396 889 554 960 lliestatis
569 887 739 956 Personali
753 888 927 955 Preseneia
943 908 1131 976 eomparere
1158 891 1334 972 tenebitur,
1366 891 1454 958 Sue·

315 1019 379 1084 que
394 996 575 1065 Maiestatis
591 994 779 1062 Personalis
796 993 970 1063 Preseneia
985 997 1067 1065 visis
1082 1003 1114 1064 et
1139 996 1335 1065 examinatis
1359 998 1443 1082 juri·

315 1108 377 1174 bus
392 1112 424 1173 et
439 1101 624 1191 priuilegijs
639 1108 846 1186 utrarumque
862 1103 1008 1188 pareinm
1024 1102 1059 1170 id
1086 1105 1171 1174 inter
1182 1105 1316 1172 easdem
1332 1114 1447 1191 partes

311 1211 513 1300 judieialiter
528 1209 726 1292 decerneret,
742 1208 828 1292 quod
839 1209 909 1294 juri
926 1209 1091 1276 videretur
1107 1210 1260 1296 expedire
1276 1211 1338 1277 stb.
1372 1211 1444 1299 (ke-
1556 1203 1557 1214 ³

317 1320 482 1390 vetkezett
498 1335 576 1386 enen
592 1315 826 1398 hattrnapnak
842 1313 1061 1384 elhalasztasa
1078 1317 1142 1384 »ad
1173 1315 1297 1386 dietam
1322 1321 1445 1386 testum
1557 1335 1558 1428 p

314 1423 510 1498 Natiuitatis
525 1422 619 1489 Beati
633 1421 795 1489 Johannis
811 1420 954 1506 Baptisti
969 1423 1004 1488 in
1036 1443 1123 1490 anno
1154 1425 1304 1509 proxime
1334 1433 1444 1492 trans·
1557 1437 1558 1450 ¹

314 1543 388 1604 aeto
404 1531 632 1620 preteritam‹;
671 1527 776 1594 ekkor
806 1526 906 1614 pedig
936 1527 1145 1596 asdorninus
1163 1539 1272 1602 nester
1286 1533 1358 1600 Rex
1387 1533 1445 1599 hu·
1558 1580 1559 1672 1

315 1639 456 1710 iusmodi
471 1650 604 1704 eausam
620 1639 765 1701 nostram
781 1635 815 1700 in
831 1635 1033 1720 presentiam
1050 1639 1234 1705 transmisit
1259 1637 1445 1706 diseueien-
1558 1673 1559 1696 u

316 1750 393 1818 darn
410 1754 443 1813 et
458 1737 811 1827 terminandam‹,‘tgy
838 1741 928 1827 hogy
955 1743 1178 1830 >presentibus
1210 1744 1336 1812 eeteuis
1370 1743 1445 1813 sesti

316 1856 411 1922 Beati
428 1852 560 1938 Georgij
578 1852 739 1919 martiris«
759 1871 798 1918 an
814 1851 1052 1938 targyattatott.
1077 1851 1122 1917 ΕΖ
1139 1851 1355 1921 alkalomnral
1374 1855 1445 1921 »lit-

205 2025 208 2034 .
317 1971 387 2032 tere
404 1981 519 2029 nouem
534 1981 593 2045 pro
609 1964 702 2045 parte
718 1957 864 2027 eiusdem
881 1957 1004 2028 domini
1034 1957 1189 2044 Episcopi
1221 1961 1352 2048 aetoris,
1384 1982 1446 2048 pro
1559 1945 1560 1948 ¹

316 2075 410 2158 parte
426 2087 502 2136 vero
516 2065 642 2136 Judieis
668 2085 708 2134 ae
732 2067 917 2134 Juratorum
949 2065 1077 2133 Giuium
1110 2065 1261 2134 Ciuitatis
1291 2065 1446 2136 Albensis
1560 2070 1561 2162 l

317 2184 466 2263 quotuor,
482 2195 541 2262 pro
558 2179 649 2260 parte
664 2178 773 2240 antem
789 2170 967 2240 ciuitatum
983 2171 1143 2241 Budensis
1175 2181 1207 2241 et
1238 2175 1451 2244 Pesthiensis

315 2289 378 2354 sib.
395 2285 505 2352 littere
522 2289 554 2350 et
568 2283 784 2350 instrumenta
799 2280 962 2348 litteralia
977 2287 1111 2368 septem,
1128 2299 1189 2368 pro
1206 2287 1300 2367 parte
1316 2281 1448 2350 Jndiois
1561 2314 1562 2392 p

316 2401 348 2460 et
364 2393 483 2460 eiuium
499 2389 652 2456 cirinus
668 2386 900 2473 strigoniensis
917 2387 989 2471 dne,
1006 2407 1065 2472 pro
1080 2395 1175 2471 parte
1190 2387 1320 2458 Judieis
1337 2398 1370 2457 et
1394 2394 1445 2460 ci·
1561 2393 1562 2396 ’

316 2500 405 2567 uium
420 2495 606 2565 iuratorum
622 2493 832 2564 Posoniensis
848 2491 997 2562 Ciuitatis
1013 2493 1162 2562 similiter
1178 2494 1241 2562 due
1256 2498 1371 2567 littere
1386 2517 1448 2585 per

317 2625 428 2674 omnes
444 2605 535 2691 ipsas
551 2607 662 2688 partes
678 2600 822 2670 exhibite
837 2605 870 2669 et
884 2621 993 2668 eoram
1010 2601 1106 2668 nobis
1122 2609 1312 2686 presentato
1328 2609 1444 2676 extite-

316 2721 412 2782 runt«
429 2713 492 2780 stb.
514 2709 707 2777 Nevszerint
721 2731 742 2777 a
757 2709 877 2794 nyitrai
893 2705 1032 2794 pttspttlx,
1047 2708 1136 2776 sebbi
1162 2708 1248 2795 kent,
1276 2711 1321 2775 ΙΙ.
1354 2713 1445 2780 Gtaa

193 2808 196 2817 ’
315 2820 429 2906 kirtly
447 2815 584 2888 stes-ki
598 2815 867 2904 privilegiumtra
898 2814 1102 2882 hivatkonott
1124 2817 1158 2894 (l.
1190 2815 1300 2902 Fejer,
1332 2817 1445 2886 Codex

300 2927 405 3014 -Dipl
421 2925 463 2993 ΙΙ.
479 2925 545 2992 ket.
565 2923 706 3010 152.1.);
724 2921 1040 3008 Satires-Feltrrtr,
1056 2921 1161 3004 Bada,
1177 2921 1254 2991 Pest
1270 2925 1444 2993 esBszter·

314 3057 390 3124 garn
407 3034 547 3102 udrosok
564 3031 664 3117 pedig
678 3034 733 3101 IV.
747 3033 831 3100 Bela
847 3029 1024 3116 kirtlynak
1042 3031 1151 3114 1237„
1171 3033 1267 3100 1244.
1286 3035 1322 3100 es
1341 3036 1445 3102 1243-

314 3145 385 3213 diki
401 3137 657 3230 privilegiumait
671 3138 833 3208 mutatttlx
848 3137 903 3224 iel,
919 3135 1052 3222 melyelr
1066 3157 1107 3204 aa
1134 3138 1270 3204 emittett
1300 3140 1446 3209 vtrosok

313 3254 428 3338 region
438 3247 703 3336 jogosttvtnyait
719 3244 992 3333 megereartettek,
1010 3266 1025 3313 s
1041 3243 1174 3332 melyek
1190 3242 1232 3312 Il.
1250 3245 1362 3314 Budre
1393 3247 1445 3314 ki·

313 3358 455 3448 rtlynak
472 3356 592 3424 Geram
608 3355 743 3422 melletti
760 3353 979 3422 Sn-Benedelx
995 3354 1186 3421 rneztutros
1202 3351 1442 3440 sxabadstgait

314 3467 474 3554 ttrgyazd
492 3460 628 3530 lettki
644 3460 874 3548 priuilegiuma
889 3481 970 3529 anon
987 3459 1085 3528 tetele
1100 3458 1183 3526 strar
1196 3467 1370 3528 nerenetes
1385 3461 1453 3529 iel·-

313 3570 523 3655 viltgostttst
538 3567 677 3654 nyertek
703 3574 884 3654 >quatenus
917 3569 1137 3652 euiuseunque
1157 3565 1309 3635 -naeionis
1340 3555 1445 3636 homiss

313 3699 385 3766 nes,
399 3678 547 3745 Saxones
564 3673 727 3757 videlieet,
742 3674 903 3764 Hungari,
921 3675 1042 3762 Seiani,
1058 3691 1116 3742 seu
1131 3671 1202 3760 alii,
1220 3671 1274 3758 qui
1309 3673 1353 3741 ed
1382 3683 1445 3744 ter·

313 3807 384 3855 uam
399 3779 587 3865 Monasterij
605 3779 718 3848 Saneti
734 3781 905 3848 Benedicti
922 3780 963 3850 de
979 3777 1068 3849 Gran
1085 3779 1308 3848 commorandi
1340 3799 1447 3850 eausa

315 3894 382 3962 iam
399 3893 628 3975 conuenerunt,
645 3889 696 3956 vel
714 3885 887 3957 eonuenire
917 3885 1088 3975 voluerint,
1117 3887 1331 3974 prerogatiua
1362 3890 1458 3957 eius--

314 4002 388 4068 dern
404 3995 564 4064 libertatis
582 3995 653 4062 iure
668 4002 824 4081 perpetuo
842 3995 1018 4084 gaudeant,
1036 4013 1101 4080 qua
1116 3993 1264 4080 hospites
1281 3995 1383 4064 nostri
1407 3998 1445 4064 in

313 4109 401 4188 Pest,
418 4103 502 4171 Albe
517 4110 549 4172 et
565 4103 656 4171 Bude
672 4109 909 4194 eommorantes
924 4101 1124 4171 auctoritatis
1139 4102 1239 4185 Regis
1266 4102 1446 4188 priuilegio

313 4211 546 4300 tranquillitate
560 4215 720 4296 perpetua
736 4210 960 4295 perfruuntur«
977 4211 1038 4278 stb.
1054 4208 1092 4296 (1.
1108 4211 1205 4298 Fejer
1220 4229 1250 4276 u.
1267 4229 1296 4279 o.
1312 4211 1354 4277 ΙΙ.
1371 4210 1459 4278 tot..

314 4325 389 4392 196.
406 4321 451 4398 l.).
474 4318 662 4385 Ktilttno'sen
679 4318 785 4386 lentos
801 4318 870 4385 volt
885 4317 985 4384 elrhen
1001 4318 1118 4402 kepest
1150 4305 1352 4386 »litterarum
1384 4335 1447 4401 per

312 4435 556 4518 proeuratorem
572 4425 697 4492 luditis
716 4435 749 4493 et
764 4425 950 4493 Juratorum
967 4443 1007 4492 ae
1022 4431 1202 4492 ceterorum
1220 4424 1341 4492 oinium
1358 4423 1448 4492 Ciui-

311 4538 390 4607 tatis
407 4535 561 4603 Albensis
578 4532 799 4600 exhibitarum
826 4531 934 4617 prirna
949 4531 1063 4602 littera
1091 4531 1169 4598 olim
1199 4529 1310 4600 Iueliti
1341 4531 1449 4618 Regis
