3150 5162
89 1220 207 1287 Iatodn
225 1217 408 1286 sclavonici
421 1217 549 1282 bannale
564 1215 746 1302 sittacene,
762 1217 908 1302 metytyet
923 1218 1060 1285 lciiidob's
1077 1217 1228 1302 meodian·

90 1327 379 1415 tdadruokfolytdn
395 1325 465 1409 tb'bb
482 1348 503 1389 a
519 1329 700 1411 tatdrjdrda
711 1332 763 1391 o'tc
775 1325 919 1413 Zaparia
930 1309 1098 1413 mepydberi
1106 1326 1225 1392 torrent

259 1433 534 1501 btrtotrttbortccr
549 1431 732 1518 tdrgyddca
752 1431 942 1500 icidzkcdilc.
969 1431 1066 1502 1258.

206 1631 276 1698 Nos
309 1627 493 1715 Stephanus
523 1625 635 1692 Bonus
665 1627 769 1695 tocius
785 1627 959 1694 Solanonio
975 1634 1006 1694 et
1023 1627 1222 1714 Capitonem

97 1737 198 1805 Stirie
230 1736 450 1821 significamus
482 1735 629 1802 omnibus
660 1753 796 1820 presens
828 1735 984 1820 scriptum
1001 1734 1218 1822 inspecturis:

99 1843 186 1928 qnod
204 1864 276 1910 eum
294 1842 441 1910 dominus
457 1849 567 1910 nostor
584 1841 674 1925 Belo,
693 1841 828 1909 illustris
843 1841 913 1909 Rex
930 1841 1084 1928 Vagarie,
1115 1850 1223 1908 terras

100 1950 207 2018 Castri
233 1958 415 2038 atempore
435 1947 604 2016 Colomani
622 1948 733 2036 Regis,
750 1948 854 2016 salicis
870 1949 1038 2032 memorie,
1055 1949 1228 2032 alienatas,

103 2057 249 2125 iudicare
258 2077 317 2144 per
326 2061 426 2124 totam
437 2055 644 2124 Solanoniam
655 2056 748 2124 nobis
768 2055 986 2141 precepisset;
1010 2055 1142 2121 tandem
1155 2075 1227 2140 per·

101 2167 246 2232 venimus
262 2165 305 2232 ad
322 2163 506 2250 Zagoriam,
523 2170 555 2231 et
570 2163 616 2230 ibi
631 2162 812 2248 incepimus
831 2167 932 2230 terras
949 2161 1054 2228 (lastri
1071 2161 1224 2228 iudicare.

103 2269 782 2356 Andreasigitur,GomesVorosdicnsis,et
793 2289 902 2337 secum
913 2288 1025 2338 omnes
1037 2267 1227 2352 iobagioncs

104 2378 211 2448 (lustri
221 2379 262 2446 de
273 2378 425 2467 Zagoria,
441 2377 568 2447 scilicet
584 2403 591 2444 ε
608 2377 765 2445 Salamon
784 2376 934 2463 Volpoth,
952 2375 1137 2461 Stephanus
1150 2377 1224 2442 Vol-

103 2487 191 2573 poth,
208 2485 375 2555 lohannes
392 2485 475 2552 lilius
491 2484 660 2570 Johannis,
674 2483 790 2552 Petrus
807 2485 893 2552 filius
909 2483 1074 2571 Voycben,
1090 2482 1223 2550 Ladizlo

103 2595 189 2661 lilius
199 2593 328 2680 Vrazlo,
339 2595 466 2661 Mortun
475 2593 559 2660 filins
570 2594 702 2679 Jordan,
712 2592 864 2660 Beneduc
874 2591 1026 2680 Volpoth,
1036 2591 1229 2659 Benklilius

104 2700 280 2788 Benedicti,
297 2701 413 2768 Petrus
439 2701 524 2768 tilius
555 2698 710 2786 Turdina,
742 2699 943 2766 Laurancins
975 2700 1060 2767 iilius
1091 2699 1226 2781 Nezbor,

106 2807 187 2874 lvau
218 2807 304 2875 lilius
324 2809 441 2896 lruzlo,
459 2809 550 2877 Endc
567 2809 652 2874 lilius
667 2807 846 2894 Michaelis,
865 2815 897 2874 et
912 2828 1022 2876 omncs
1038 2807 1228 2893 icbagiones

108 2911 211 2980 Castri
228 2914 270 2982 de
286 2915 438 3000 Zagoria,
463 2919 597 3000 accepto
630 2913 761 2981 anobis
777 2913 917 2998 homine,
943 2922 1061 2994 terram
1093 2915 1135 2982 ad
1166 2917 1231 2984 duo

109 3027 218 3087 aratra
234 3021 459 3104 sufficientem,
491 3042 533 3090 ex
555 3029 643 3088 terra
664 3021 775 3088 Sancti
791 3021 924 3104 Georgii
941 3042 962 3086 a
978 3021 1144 3087 Vratizlao'
1161 3027 1193 3088 et
1210 3041 1232 3087 a

109 3129 229 3196 Noreia
243 3127 319 3196 filiis
335 3129 426 3212 Jaco,
443 3129 725 3197 reambulaverunt
740 3129 871 3197 nominc
887 3128 1004 3214 Casiri,
1022 3129 1111 3214 ipsos
1144 3127 1229 3194 filios

110 3233 189 3304 Jaco
220 3237 262 3304 ad
293 3241 437 3303 nostram
470 3235 600 3302 cit-ando
619 3235 833 3323 presenciam.
854 3238 895 3304 Et
909 3257 982 3305 corn
999 3243 1135 3319 utraque
1152 3255 1239 3324 pars⁴

112 3361 219 3412 coram
234 3342 329 3410 nobis
347 3343 461 3411 fuisset
491 3343 676 3425 constituta,
709 3343 852 3430 prefatus
884 3342 1033 3409 Andreas
1064 3341 1179 3408 Comes
1196 3346 1242 3429 et,

113 3469 221 3517 omnes
250 3449 442 3534 iobagionas
474 3449 582 3519 (lastri
613 3457 850 3538 proposuerunt
867 3477 874 3518 :
890 3449 977 3536 quod
996 3451 1054 3517 illa
1069 3447 1245 3536 particula,

113 3565 196 3628 terre
210 3559 325 3627 fuisset
340 3559 457 3646 Casiri,
474 3565 506 3626 et
524 3579 595 3628 eam
620 3557 739 3646 prefati
759 3559 818 3626 lilii
836 3559 918 3626 Jaco
949 3559 1109 3627 violenter
1140 3543 1231 3624 occul

113 3673 251 3748 pussant.
283 3667 478 3736 liconverso
496 3674 606 3736 autem
621 3665 764 3734 Vratislo
782 3673 813 3734 et
828 3668 953 3734 Noreia
967 3663 1204 3752 responderunt

116 3774 197 3855 quod
213 3775 273 3842 illa
290 3773 455 3860 particula
470 3780 556 3842 terra
573 3781 658 3842 esset
674 3794 786 3843 eornm
817 3771 1022 3869 hereditaria,
1053 3759 1137 3841 sicut
1167 3772 1240 3852 alic,

113 3883 194 3947 terre
222 3901 281 3949 sua
310 3870 352 3949 ab
384 3881 554 3950 avunculis
584 3887 616 3947 et
645 3881 752 3950 atavis
768 3881 865 3948 acab
882 3881 1142 3968 antecessoribus
1159 3876 1229 3947 suis'

116 3987 159 4056 eis
176 3987 337 4058 devoluta.
377 3988 507 4074 Auditis
524 3989 622 4073 igitur
637 3990 777 4074 partium
794 3973 1042 4084 assercionibns,
1070 4009 1137 4056 una
1159 3973 1231 4054 oum

114 4093 278 4163 Nobilibus
310 4089 415 4180 Regni
432 4095 660 4189 iudicavimus,
678 4098 784 4184 ipsum
802 4097 965 4164 Andream
983 4095 1139 4166 Comitem
1157 4114 1230 4162 cunr

115 4210 245 4282 quatuor
261 4203 487 4289 iobagion'ibus
504 4202 609 4270 Casiri
627 4205 669 4271 ad
685 4203 871 4290 iurandum,
892 4203 1015 4272 scilicet
1032 4224 1104 4270 cum
1136 4203 1229 4270 Sala·

114 4328 202 4377 roone
227 4311 382 4399 Volpoth,
398 4331 470 4380 cum
486 4311 659 4381 Benedicto
676 4312 828 4401 Volpoth,
845 4333 916 4379 com
934 4313 1025 4378 Bonk
1041 4311 1106 4406 filio
1124 4311 1225 4379 Bene·

114 4415 198 4503 dicti,
216 4423 336 4486 etcum
352 4419 492 4486 Martino
508 4419 578 4487 filio
591 4416 725 4503 Jordan,
743 4438 919 4506 supereo:
937 4417 1022 4504 qnod
1050 4419 1108 4485 illa
1132 4417 1231 4502 parti·

119 4525 185 4592 cula
213 4530 300 4594 terre
329 4527 374 4594 sit
403 4509 519 4622 Casiri,
534 4561 537 4568 ,
551 4529 724 4596 torminum
751 4527 794 4594 ad
810 4527 870 4592 hoc
886 4526 1105 4610 assignantes.
1123 4524 1231 4592 Adve-

117 4631 218 4702 nieutc
234 4653 312 4722 ergo
329 4633 464 4702 termino
481 4619 664 4726 iuramenti,
696 4633 780 4702 idem
811 4633 959 4702 Andreas
991 4631 1104 4703 Comes
1137 4637 1169 4700 et
1185 4631 1233 4704 itti
