3080 5146
750 199 910 300 Q

267 400 487 470 universorum
527 397 682 466 noticiam
722 407 787 464 tam
821 397 1031 482 presencium
1063 413 1157 478 quam
1189 400 1397 481 posterorum
1513 411 1531 489 J,

267 508 380 576 burum
398 507 482 575 serie
498 507 645 574 volumus
662 505 852 593 pervenire:
870 503 957 590 quod
966 503 1185 570 accendentes
1195 493 1238 570 ari
1249 510 1397 570 nostram
1515 510 1521 603 t

267 615 466 702 presenciam
485 613 616 682 Hodina
632 615 748 682 (lomes
767 633 838 680 curn
855 612 1005 697 cognatis
1020 610 1100 699 suis,
1128 610 1283 684 vinetnet
1317 612 1400 678 Gur·
1518 650 1531 694 ·,

266 725 324 806 ka,
342 725 447 808 Peter,
463 721 602 806 Bogdau
618 728 649 788 et
664 720 856 805 Botbcchiu,
874 710 967 786 nobis
984 739 1044 786 sua
1062 717 1223 804 peticione
1237 727 1398 788 monstra·

267 840 353 919 runt,
370 830 455 915 quod
472 851 529 918 pro
546 837 633 898 terre
649 830 789 915 quadam
808 827 984 916 Wyschust
999 825 1140 914 nomine,
1163 827 1230 894 sita
1242 825 1279 894 in
1293 828 1400 896 comt-

268 944 337 1006 tatu
353 937 551 1024 Simigieusi,
569 957 667 1022 quam
683 937 731 1004 eis
746 943 855 1004 nostro
867 935 1039 1022 privilegio
1050 936 1090 1003 ob
1102 933 1295 1002 fidelitatem
1306 957 1402 1004 suam
1530 981 1531 986 =

269 1053 301 1113 ct
315 1046 456 1119 servicia
474 1046 664 1114 multimoda
680 1045 775 1112 nobis
791 1051 823 1112 et
838 1044 966 1112 Corone
981 1041 1082 1128 Regio
1097 1042 1237 1112 fideliter
1247 1045 1401 1132 impensa

270 1154 521 1242 contuleramus,
538 1155 651 1222 Bonus
666 1171 927 1238 unumquemque
937 1152 1080 1239 ipsorum
1091 1151 1307 1235 singulariter
1316 1175 1401 1224 ccm-

271 1263 418 1348 pelleret,
452 1268 517 1328 tum
534 1281 595 1330 suo
612 1261 769 1330 exercitui
786 1281 883 1346 quam
909 1267 1029 1346 nostro,
1062 1261 1202 1328 officium
1236 1261 1401 1330 exercitus

271 1368 431 1438 exhibere.
456 1370 610 1438 Sericum
626 1377 710 1436 terre
727 1370 812 1438 dicte
828 1368 952 1436 utilitas
968 1368 1050 1434 tanti
1074 1369 1202 1438 servicii
1228 1370 1402 1438 laboribus

271 1485 304 1546 et
319 1478 472 1564 expensis
490 1499 556 1545 uon
571 1478 734 1564 subpetat,
766 1477 867 1542 talem
893 1475 1015 1544 eisdem
1042 1476 1186 1558 graciam
1217 1482 1251 1544 et
1283 1477 1401 1545 merito

274 1583 426 1653 duximus
444 1585 628 1654 faciendam
644 1611 652 1652 :
669 1583 753 1668 quod
770 1585 810 1652 de
827 1584 966 1668 qrrioque
991 1583 1217 1666 iobagiouibue
1247 1584 1400 1671 supradi-

272 1690 345 1772 ctis,
363 1697 471 1758 nostro
489 1697 522 1760 et
538 1693 619 1758 Baui
636 1691 792 1758 exercitui
823 1711 905 1758 uuus
922 1711 1032 1757 eorum
1049 1710 1123 1757 cum
1139 1692 1231 1775 equis
1248 1696 1282 1759 et
1300 1693 1403 1760 armis
1530 1709 1531 1712 ’

273 1798 464 1866 decentibus
481 1797 603 1867 servire
618 1803 779 1866 teneatur.
803 1800 855 1865 lta
871 1799 985 1884 eciam,
1011 1797 1097 1884 quod
1128 1805 1202 1884 post
1232 1797 1401 1868 decessum

275 1929 384 1976 eorum
402 1908 539 1976 heredes
555 1929 612 1976 seu
628 1928 831 1977 successores
856 1907 1031 1975 eorundem
1062 1907 1291 1994 prenominata
1322 1928 1403 1992 gau-

273 2017 372 2084 deant
387 2015 547 2103 libertate,
558 2037 616 2084 uec
633 2037 702 2102 uos,
718 2035 777 2084 seu
794 2035 998 2084 successores
1015 2017 1068 2084 vel
1085 2015 1278 2101 iobagioues
1294 2015 1404 2100 Regni

273 2123 359 2191 hanc
375 2125 559 2193 libertatem
576 2124 777 2209 infringendi
804 2124 949 2191 habeant
979 2129 1184 2211 potestatem.
1225 2122 1270 2190 Ut
1301 2125 1405 2209 igitur

274 2234 335 2318 hec
349 2240 459 2302 nostre
474 2234 641 2302 concessio
658 2242 811 2322 perpetue
827 2233 993 2300 firmitatis
1021 2235 1118 2301 robur
1153 2232 1310 2315 obtineat,
1342 2251 1404 2300 uec

274 2342 379 2427 possit
394 2341 427 2408 in
445 2350 608 2429 posterum
625 2362 684 2430 per
701 2342 886 2427 quempiam
902 2325 1084 2428 retractari,
1099 2347 1266 2428 presentes
1276 2339 1405 2406 litteras

271 2451 494 2520 concessimus
510 2451 553 2517 ed
570 2450 724 2517 maiorum
744 2449 792 2516 rci
809 2447 1004 2535 firmitatem,
1022 2447 1161 2534 duplicis
1176 2447 1278 2532 sigilli
1299 2449 1405 2516 nostri

275 2557 453 2623 munimine
492 2556 698 2644 perhenniter
736 2556 920 2624 roboratas.
970 2557 1089 2623 Datum
1138 2575 1223 2623 anuo
1271 2555 1405 2622 Domini

278 2663 492 2750 Mooxtvl,
509 2665 621 2750 quinto
639 2665 725 2751 ydus
749 2665 878 2751 Aprilis,
904 2663 1010 2747 Regni
1042 2669 1151 2732 autem
1182 2663 1283 2732 nostri
1316 2685 1405 2731 auno

277 2771 457 2840 undecimo.

278 2971 439 3035 (Thaletica,
459 2973 642 3027 Monumeuts
660 2974 727 3024 hist.
741 2973 928 3038 Episcopatus
953 2972 1151 3039 Zagrabisusis
1175 2973 1197 3024 1.
1223 2973 1284 3024 ker.
1310 2976 1351 3024 87.
1375 2974 1406 3036 l.)

706 3260 973 3274 ffl-

806 3796 883 3864 248.

280 3992 392 4065 Istodn
408 3997 543 4083 euprobi
555 3999 683 4084 pitspblr
700 3997 822 4063 lucceia
837 3997 1018 4084 belyeepben
1028 3997 1273 4084 apricaoadrddt
1283 3999 1410 4086 clepit·
1530 4097 1531 4102 γ

588 4129 590 4133 ’
794 4106 811 4168 1
816 4107 890 4172 2116.

388 4301 574 4387 Stephanus
590 4300 651 4368 Dei
669 4301 782 4384 gracia
798 4303 979 4390 Episcopus
995 4302 1229 4388 Zagrabiensis
1256 4303 1406 4370 omnibus

281 4417 450 4494 presentes
466 4409 593 4476 litteras
611 4409 806 4494 inspecturis
831 4410 967 4478 salutem
1000 4411 1033 4476 in
1067 4429 1118 4496 eo,
1149 4411 1204 4494 qui
1234 4416 1286 4478 est
1316 4413 1406 4478 salus
1530 4423 1531 4432 ¹

282 4515 435 4586 omnium.
460 4513 618 4594 Quoniam
635 4521 768 4603 propter
783 4517 920 4585 labilem*
932 4515 1096 4585 homiuum
1115 4516 1303 4585 memoriam
1320 4515 1406 4586 racio
1530 4553 1531 4580 2
