3150 5162
816 311 976 415 *eso

339 506 403 591 gile
419 505 523 591 ipsius
538 503 626 572 Petri
642 509 674 570 et
704 511 914 589 cognatorum
947 525 1077 572 snorum
1103 509 1341 590 succumbente,
1375 510 1463 594 ipsas

337 615 421 681 duas
436 619 544 701 partes
560 621 643 680 terre
673 612 819 697 legitime
849 609 1067 698 optinuissent
1099 625 1131 683 ot
1161 617 1400 705 iustilioassent,
1431 625 1462 683 et

334 727 413 789 tunc
429 720 619 791 habuissent
634 739 692 788 eas
708 721 742 784 in
758 720 908 805 plenaria
924 727 1085 805 potestate
1101 743 1162 790 sua
1177 733 1331 811 acceptas
1344 725 1385 791 ab
1397 745 1463 790 uns

335 836 430 916 parte
445 849 517 896 cum
533 828 713 897 redditibus
730 828 826 894 trium
842 828 1099 897 molendinorum
1116 831 1247 900 sitorum
1266 854 1365 919 super
1377 853 1463 916 aqua

336 938 519 1023 Homorow,
536 937 597 1004 sed
612 935 755 1002 nundum
772 933 857 1024 (lgy)
876 937 1005 1004 litteras
1015 940 1271 1008 confirmatorias
1284 939 1462 1008 aRolando

336 1044 485 1112 Palatino
500 1063 596 1129 super
613 1041 735 1110 eisdem
753 1044 956 1129 accepissent
983 1055 1014 1111 et
1044 1046 1275 1135 inpetrassent,
1307 1068 1345 1116 eo
1378 1045 1462 1131 quod

336 1152 506 1220 Rolandus
521 1150 692 1216 Palatinus
709 1149 817 1217 medio
834 1157 979 1236 tompore
994 1151 1038 1218 ad
1055 1151 1156 1220 aliam
1181 1153 1295 1220 fuisset
1326 1153 1462 1237 dignita-

337 1267 399 1328 tem
415 1263 667 1343 transmutatns3
690 1264 723 1325 et
739 1277 835 1342 super
852 1258 1000 1325 omnibus
1016 1259 1077 1343 hys
1093 1259 1219 1327 litteras
1236 1261 1378 1330 Rolandi
1403 1261 1462 1326 Pa·

336 1367 431 1436 latini
447 1366 650 1435 memoriales
665 1365 925 1452 quamplurimas
941 1366 1046 1434 eidem
1061 1367 1195 1436 Herrioo
1212 1369 1365 1435 Palatino
1392 1391 1462 1455 pre·

336 1483 529 1562 mutassent,
554 1475 587 1540 in
603 1476 719 1559 quibus
736 1473 915 1542 inuenisset
929 1482 1031 1542 totum
1064 1495 1249 1558 processum
1283 1496 1386 1544 cause
1416 1476 1461 1544 sic

337 1607 418 1670 esse,
435 1587 518 1652 sicut
533 1581 642 1671 Syncb
659 1589 691 1649 et
708 1581 904 1668 cognationi
920 1583 1038 1668 prefati
1054 1585 1288 1669 asseruissent;
1314 1585 1356 1650 ad
1373 1583 1459 1666 quod

335 1694 452 1760 Petrus
467 1711 506 1758 ac
522 1690 578 1775 filij
597 1695 630 1758 et
646 1689 762 1756 iratres
780 1689 848 1756 eius
866 1691 1103 1777 respondentes
1119 1691 1301 1758 assercioni
1332 1690 1460 1758 illorum

338 1807 369 1866 et
384 1797 502 1865 litteris
519 1797 659 1864 Rolandi
678 1797 819 1864 Palatini
845 1799 878 1864 in
910 1799 1001 1865 nullo
1033 1796 1318 1883 contradixissent,
1349 1799 1461 1886 pocius

336 1913 445 1974 autem
461 1904 567 1972 verbis
584 1903 712 1971 illorum
728 1923 896 1972 assensum
914 1905 1120 1989 prebuissent
1135 1911 1169 1972 et
1183 1905 1341 1990 fauorem,
1358 1912 1459 1972 totum

335 2013 396 2081 hoo
411 2013 459 2079 sic
474 2031 546 2079 esse
563 2017 670 2078 actum
686 2009 907 2097 affirmantem
932 2011 1004 2097 ipsa
1019 2012 1178 2098 siquidem
1195 2012 1349 2080 Herricus
1365 2014 1459 2080 Pala·

336 2123 423 2190 tinus
438 2119 559 2186 auditis
575 2119 721 2205 parcium
737 2119 985 2203 assercionibus,
1004 2127 1099 2204 prout
1116 2117 1195 2186 ordo
1206 2119 1294 2204 juris
1302 2123 1461 2205 postulas·

335 2238 395 2317 set,
412 2229 498 2314 quod
514 2251 534 2295 a
549 2227 695 2294 Rolando
712 2227 862 2294 Palatino
888 2229 1098 2294 remansisset
1128 2248 1195 2295 non
1226 2227 1395 2314 difinitum,
1427 2230 1460 2296 id

336 2339 464 2405 efficere
482 2357 554 2403 cnm
571 2333 753 2402 redditibus
769 2335 898 2402 illorum
913 2333 1011 2400 trium
1044 2335 1302 2402 molendinorum
1334 2338 1458 2421 sepedi-

336 2447 397 2513 ctis
414 2445 543 2532 Syneio,
561 2443 650 2530 Zale,
681 2441 827 2526 Potboni,
859 2441 1004 2528 Rendne,
1038 2444 1217 2530 Mortnnus,
1248 2450 1280 2510 et
1310 2443 1459 2512 Mochoni
1562 2505 1563 2518 ,

335 2555 535 2638 assignasset
551 2558 583 2618 et
599 2552 785 2634 reliquisset
800 2553 834 2618 in
852 2559 1040 2637 perpetuum
1058 2551 1286 2638 possidendas.
1321 2556 1362 2619 Et
1377 2555 1460 2621 sicut

338 2668 475 2744 utraque
490 2679 569 2744 pars
585 2661 658 2744 pari
675 2667 749 2726 uoto
767 2659 940 2743 retulisset,
954 2659 1066 2726 eedem
1096 2660 1159 2727 dne
1184 2667 1293 2744 partes
1323 2665 1407 2726 terre
1438 2680 1459 2725 a
1562 2679 1563 2712 r

335 2771 438 2834 tercia
453 2773 547 2853 parte
562 2775 656 2852 terre,
674 2788 737 2851 que
752 2765 873 2834 eisdem
889 2767 985 2834 Petro
1001 2773 1032 2834 et
1058 2767 1204 2852 cognatis
1235 2768 1302 2836 suis
1333 2788 1457 2834 reman·
1562 2815 1563 2854 ,

334 2875 441 2962 sisset,
458 2874 504 2940 sic
520 2874 771 2958 distingerentur
787 2897 795 2940 ε
829 2874 937 2942 Prima
953 2875 1038 2942 enim
1054 2883 1141 2942 meta
1157 2875 1355 2961 inciperetur
1370 2875 1456 2960 apud
1562 2867 1563 2940 i

335 2984 462 3049 Assuan
480 2990 566 3049 retro
583 2983 694 3048 uillam
712 2981 822 3068 Synci,
839 2981 893 3048 nbi
910 2989 1016 3048 essent
1026 2989 1092 3050 tres
1102 2987 1205 3067 mete;
1221 2981 1339 3048 debinc
1349 2988 1454 3049 autem
1562 2977 1563 2982 ’

334 3091 394 3156 irat
410 3089 557 3175 superius
572 3109 685 3157 versus
702 3089 832 3176 siluam,
849 3089 904 3155 vbi
921 3098 1030 3157 essent
1047 3089 1109 3156 due
1125 3097 1209 3156 mete
1226 3097 1312 3156 rotro
1329 3090 1455 3170 villam,

333 3196 451 3262 dehinc
467 3203 575 3263 autem
592 3197 746 3263 transiret
763 3196 906 3275 fluuium,
924 3198 978 3263 vbi
995 3197 1099 3263 eciam
1115 3202 1224 3263 essent
1256 3196 1319 3263 dne
1352 3201 1454 3276 mete;

332 3303 449 3370 deinde
464 3307 572 3370 autem
589 3303 651 3368 iret
665 3301 707 3368 ad
724 3321 839 3368 nasum
854 3302 971 3388 insule,
996 3303 1050 3369 vbi
1076 3301 1225 3369 similiter
1257 3307 1366 3368 essent
1395 3301 1456 3369 dne
1562 3305 1563 3392 f

333 3417 433 3492 mete;
458 3409 577 3476 deinde
593 3411 679 3478 enim
695 3409 765 3490 iret,
782 3409 825 3475 ad
841 3409 926 3477 vltra
942 3410 976 3474 in
992 3409 1060 3476 alia
1075 3412 1184 3477 insula
1210 3411 1312 3476 eciam
1345 3414 1452 3476 essent
1562 3395 1563 3470 ἶ

333 3517 396 3584 due
412 3523 514 3600 mete;
537 3516 654 3583 deinde
670 3523 777 3583 autem
795 3516 950 3583 transiret
965 3537 1062 3584 vnum
1088 3517 1231 3596 fluuium,
1263 3516 1317 3583 vbi
1349 3521 1454 3584 essent
1562 3559 1563 3580 2

332 3623 395 3690 due
410 3631 513 3707 mete;
538 3624 656 3690 debinc
671 3629 779 3688 autem
797 3623 858 3689 iret
873 3621 917 3689 ad
933 3629 1034 3690 metas
1050 3630 1136 3690 terre
1151 3623 1347 3707 Eburhardi,
1364 3629 1396 3690 ct
1410 3623 1453 3688 ibi
1562 3671 1563 3710 3

333 3733 567 3798 terminaretur.
591 3732 744 3798 Preterea
759 3737 844 3798 esset
859 3731 996 3816 quedam
1013 3731 1175 3817 particula
1189 3737 1275 3797 tarra
1290 3731 1397 3797 recisa
1412 3749 1452 3796 ex
1562 3731 1563 3784 ff

331 3837 445 3904 eadam
461 3845 547 3905 terra
563 3837 672 3923 welk,
688 3838 775 3904 circa
790 3838 975 3920 quindecim
988 3841 1107 3924 jugera
1122 3845 1215 3919 terre,
1231 3857 1329 3922 quam
1339 3837 1453 3903 Petrus

332 3953 364 4010 et
380 3945 511 4031 cognati
528 3945 578 4012 sui
593 3946 711 4032 prefati
728 3943 850 4012 eisdem
866 3945 984 4032 Syncio
1000 3951 1031 4011 et
1046 3946 1195 4030 cognatis
1211 3945 1279 4011 suis
1295 3944 1339 4011 ad
1364 3944 1451 4030 ipsas

332 4050 413 4118 duas
430 4061 540 4138 partes
556 4059 641 4120 terre
657 4051 754 4120 Welk
772 4053 978 4136 reliquissent
993 4053 1055 4120 stb.
1092 4053 1212 4119 Datum
1230 4050 1322 4118 Bude
1338 4049 1454 4116 duode-
1562 4051 1563 4062 ³

333 4161 416 4226 oimo
432 4159 485 4226 die
500 4168 688 4226 octonarum
721 4157 797 4226 festi
829 4159 940 4227 Sancti
972 4159 1105 4225 Martini
1137 4159 1335 4225 confessoris
1369 4177 1453 4224 anno
1562 4149 1563 4232 ζ

332 4266 461 4333 Domini
477 4265 698 4334 M⁰OGC⁰XL⁰
717 4273 819 4333 sexto.
1562 4281 1563 4292 ¹

439 4464 578 4527 (Rredetie
595 4464 780 4529 borhtrtytn,
795 4481 812 4516 a
832 4464 916 4518 budai
934 4465 987 4516 kir.
1007 4465 1136 4517 bornuni
1153 4461 1348 4529 lsvtltlrbsn.)
