<?xml version="1.0" encoding="UTF-8"?>
<!DOCTYPE html PUBLIC "-//W3C//DTD XHTML 1.0 Transitional//EN"
    "http://www.w3.org/TR/xhtml1/DTD/xhtml1-transitional.dtd">
<html xmlns="http://www.w3.org/1999/xhtml" xml:lang="en" lang="en">
 <head>
  <title>
</title>
<meta http-equiv="Content-Type" content="text/html;charset=utf-8" />
  <meta name='ocr-system' content='tesseract 3.04.00' />
  <meta name='ocr-capabilities' content='ocr_page ocr_carea ocr_par ocr_line ocrx_word'/>
</head>
<body>
  <div class='ocr_page' id='page_1' title='image "./codexdiplomatic10wenzgoog_0238.png"; bbox 0 0 3098 5132; ppageno 0'>
   <div class='ocr_carea' id='block_1_1' title="bbox 645 257 804 360">
    <p class='ocr_par' dir='ltr' id='par_1_1' title="bbox 645 257 804 360">
     <span class='ocr_line' id='line_1_1' title="bbox 645 257 804 360; baseline 0 -38"><span class='ocrx_word' id='word_1_1' title='bbox 645 257 804 360; x_wconf 51' lang='lat' dir='ltr'><strong>Ati.</strong></span> 
     </span>
    </p>
   </div>
   <div class='ocr_carea' id='block_1_2' title="bbox 144 449 1282 1590">
    <p class='ocr_par' dir='ltr' id='par_1_2' title="bbox 144 449 1282 1590">
     <span class='ocr_line' id='line_1_2' title="bbox 146 449 1281 537; baseline 0.004 -23"><span class='ocrx_word' id='word_1_2' title='bbox 146 449 271 535; x_wconf 86' lang='lat' dir='ltr'><strong>Imperii</strong></span> <span class='ocrx_word' id='word_1_3' title='bbox 285 451 466 534; x_wconf 83' lang='lat' dir='ltr'><strong>Romanis,</strong></span> <span class='ocrx_word' id='word_1_4' title='bbox 491 451 653 520; x_wconf 87' lang='lat' dir='ltr'><strong>universis</strong></span> <span class='ocrx_word' id='word_1_5' title='bbox 679 451 913 519; x_wconf 79' lang='lat' dir='ltr'><strong>mercatoribus</strong></span> <span class='ocrx_word' id='word_1_6' title='bbox 929 471 970 518; x_wconf 86' lang='lat' dir='ltr'><strong>ex</strong></span> <span class='ocrx_word' id='word_1_7' title='bbox 993 453 1107 534; x_wconf 77' lang='lat' dir='ltr'><strong>Regno</strong></span> <span class='ocrx_word' id='word_1_8' title='bbox 1132 449 1281 537; x_wconf 84' lang='lat' dir='ltr'><strong>ngarie</strong></span> 
     </span>
     <span class='ocr_line' id='line_1_3' title="bbox 144 554 1272 644; baseline 0.003 -25"><span class='ocrx_word' id='word_1_9' title='bbox 144 554 184 620; x_wconf 87' lang='lat' dir='ltr'><strong>ad</strong></span> <span class='ocrx_word' id='word_1_10' title='bbox 199 555 365 624; x_wconf 83' lang='lat' dir='ltr'><strong>Venecias</strong></span> <span class='ocrx_word' id='word_1_11' title='bbox 382 561 497 626; x_wconf 86' lang='lat' dir='ltr'><strong>venire</strong></span> <span class='ocrx_word' id='word_1_12' title='bbox 523 559 719 644; x_wconf 89' lang='lat' dir='ltr'><strong>volentibus,</strong></span> <span class='ocrx_word' id='word_1_13' title='bbox 745 559 891 625; x_wconf 87' lang='lat' dir='ltr'><strong>salutern.</strong></span> <span class='ocrx_word' id='word_1_14' title='bbox 908 555 1065 625; x_wconf 83' lang='lat' dir='ltr'><strong>Volumus</strong></span> <span class='ocrx_word' id='word_1_15' title='bbox 1082 557 1168 624; x_wconf 88' lang='lat' dir='ltr'><strong>euim</strong></span> <span class='ocrx_word' id='word_1_16' title='bbox 1185 557 1272 642; x_wconf 84' lang='lat' dir='ltr'><strong>quod</strong></span> 
     </span>
     <span class='ocr_line' id='line_1_4' title="bbox 147 663 1278 734; baseline 0.003 -7"><span class='ocrx_word' id='word_1_17' title='bbox 147 664 177 727; x_wconf 91' lang='lat' dir='ltr'><strong>iu</strong></span> <span class='ocrx_word' id='word_1_18' title='bbox 207 663 359 731; x_wconf 87' lang='lat' dir='ltr'><strong>Ducatus</strong></span> <span class='ocrx_word' id='word_1_19' title='bbox 404 668 506 734; x_wconf 88' lang='lat' dir='ltr'><strong>nostri</strong></span> <span class='ocrx_word' id='word_1_20' title='bbox 547 665 695 734; x_wconf 87' lang='lat' dir='ltr'><strong>districtu</strong></span> <span class='ocrx_word' id='word_1_21' title='bbox 726 663 849 733; x_wconf 90' lang='lat' dir='ltr'><strong>scocuri</strong></span> <span class='ocrx_word' id='word_1_22' title='bbox 880 665 1020 732; x_wconf 85' lang='lat' dir='ltr'><strong>veniatis</strong></span> <span class='ocrx_word' id='word_1_23' title='bbox 1051 683 1091 731; x_wconf 89' lang='lat' dir='ltr'><strong>ac</strong></span> <span class='ocrx_word' id='word_1_24' title='bbox 1124 665 1167 731; x_wconf 88' lang='lat' dir='ltr'><strong>ab</strong></span> <span class='ocrx_word' id='word_1_25' title='bbox 1199 663 1278 730; x_wconf 87' lang='lat' dir='ltr'><strong>inde</strong></span> 
     </span>
     <span class='ocr_line' id='line_1_5' title="bbox 149 769 1282 859; baseline 0.001 -24"><span class='ocrx_word' id='word_1_26' title='bbox 149 769 338 853; x_wconf 85' lang='lat' dir='ltr'><strong>recocdatis,</strong></span> <span class='ocrx_word' id='word_1_27' title='bbox 358 772 515 840; x_wconf 82' lang='lat' dir='ltr'><strong>videlicet</strong></span> <span class='ocrx_word' id='word_1_28' title='bbox 532 775 564 839; x_wconf 92' lang='lat' dir='ltr'><strong>in</strong></span> <span class='ocrx_word' id='word_1_29' title='bbox 582 773 729 859; x_wconf 87' lang='lat' dir='ltr'><strong>personis</strong></span> <span class='ocrx_word' id='word_1_30' title='bbox 746 779 778 838; x_wconf 92' lang='lat' dir='ltr'><strong>et</strong></span> <span class='ocrx_word' id='word_1_31' title='bbox 801 775 907 858; x_wconf 86' lang='lat' dir='ltr'><strong>rebus,</strong></span> <span class='ocrx_word' id='word_1_32' title='bbox 925 773 973 840; x_wconf 88' lang='lat' dir='ltr'><strong>ita</strong></span> <span class='ocrx_word' id='word_1_33' title='bbox 989 772 1170 858; x_wconf 73' lang='lat' dir='ltr'><strong>dumtaxat,</strong></span> <span class='ocrx_word' id='word_1_34' title='bbox 1196 771 1282 856; x_wconf 89' lang='lat' dir='ltr'><strong>quod</strong></span> 
     </span>
     <span class='ocr_line' id='line_1_6' title="bbox 146 877 1277 966; baseline 0 -23"><span class='ocrx_word' id='word_1_35' title='bbox 146 877 218 943; x_wconf 86' lang='lat' dir='ltr'><strong>fisco</strong></span> <span class='ocrx_word' id='word_1_36' title='bbox 249 885 366 945; x_wconf 91' lang='lat' dir='ltr'><strong>nostro</strong></span> <span class='ocrx_word' id='word_1_37' title='bbox 400 881 600 966; x_wconf 80' lang='lat' dir='ltr'><strong>persolvatis</strong></span> <span class='ocrx_word' id='word_1_38' title='bbox 631 879 674 946; x_wconf 88' lang='lat' dir='ltr'><strong>ad</strong></span> <span class='ocrx_word' id='word_1_39' title='bbox 692 881 857 947; x_wconf 74' lang='lat' dir='ltr'><strong>racionem</strong></span> <span class='ocrx_word' id='word_1_40' title='bbox 889 879 1078 965; x_wconf 85' lang='lat' dir='ltr'><strong>cuiusquam</strong></span> <span class='ocrx_word' id='word_1_41' title='bbox 1096 877 1277 946; x_wconf 87' lang='lat' dir='ltr'><strong>centenarii</strong></span> 
     </span>
     <span class='ocr_line' id='line_1_7' title="bbox 147 984 1277 1071; baseline 0.001 -22"><span class='ocrx_word' id='word_1_42' title='bbox 147 986 244 1050; x_wconf 86' lang='lat' dir='ltr'><strong>libras</strong></span> <span class='ocrx_word' id='word_1_43' title='bbox 261 993 380 1052; x_wconf 87' lang='lat' dir='ltr'><strong>nostre</strong></span> <span class='ocrx_word' id='word_1_44' title='bbox 394 996 522 1055; x_wconf 86' lang='lat' dir='ltr'><strong>monete</strong></span> <span class='ocrx_word' id='word_1_45' title='bbox 531 987 637 1056; x_wconf 88' lang='lat' dir='ltr'><strong>silicet</strong></span> <span class='ocrx_word' id='word_1_46' title='bbox 644 985 743 1053; x_wconf 89' lang='lat' dir='ltr'><strong>XXX</strong></span> <span class='ocrx_word' id='word_1_47' title='bbox 753 986 795 1053; x_wconf 87' lang='lat' dir='ltr'><strong>de</strong></span> <span class='ocrx_word' id='word_1_48' title='bbox 805 985 876 1071; x_wconf 87' lang='lat' dir='ltr'><strong>hiis,</strong></span> <span class='ocrx_word' id='word_1_49' title='bbox 886 1006 949 1071; x_wconf 87' lang='lat' dir='ltr'><strong>qne</strong></span> <span class='ocrx_word' id='word_1_50' title='bbox 958 985 1125 1054; x_wconf 86' lang='lat' dir='ltr'><strong>vobiscum</strong></span> <span class='ocrx_word' id='word_1_51' title='bbox 1137 985 1199 1052; x_wconf 83' lang='lat' dir='ltr'><strong>visi</strong></span> <span class='ocrx_word' id='word_1_52' title='bbox 1208 984 1277 1050; x_wconf 87' lang='lat' dir='ltr'><strong>lae-</strong></span> 
     </span>
     <span class='ocr_line' id='line_1_8' title="bbox 145 1091 1277 1176; baseline 0.003 -21"><span class='ocrx_word' id='word_1_53' title='bbox 145 1091 212 1156; x_wconf 87' lang='lat' dir='ltr'><strong>ritis</strong></span> <span class='ocrx_word' id='word_1_54' title='bbox 225 1103 401 1176; x_wconf 77' lang='lat' dir='ltr'><strong>aporiare.</strong></span> <span class='ocrx_word' id='word_1_55' title='bbox 419 1095 540 1162; x_wconf 89' lang='lat' dir='ltr'><strong>Datum</strong></span> <span class='ocrx_word' id='word_1_56' title='bbox 556 1095 708 1163; x_wconf 86' lang='lat' dir='ltr'><strong>Vencciis</strong></span> <span class='ocrx_word' id='word_1_57' title='bbox 718 1115 802 1160; x_wconf 92' lang='lat' dir='ltr'><strong>anno</strong></span> <span class='ocrx_word' id='word_1_58' title='bbox 811 1094 942 1162; x_wconf 90' lang='lat' dir='ltr'><strong>Domini</strong></span> <span class='ocrx_word' id='word_1_59' title='bbox 953 1091 1154 1162; x_wconf 78' lang='lat' dir='ltr'><strong>nooxxvl</strong></span> <span class='ocrx_word' id='word_1_60' title='bbox 1164 1111 1277 1160; x_wconf 85' lang='lat' dir='ltr'><strong>mense</strong></span> 
     </span>
     <span class='ocr_line' id='line_1_9' title="bbox 147 1197 1282 1286; baseline 0.004 -25"><span class='ocrx_word' id='word_1_61' title='bbox 147 1197 263 1286; x_wconf 88' lang='lat' dir='ltr'><strong>lladio,</strong></span> <span class='ocrx_word' id='word_1_62' title='bbox 281 1200 467 1270; x_wconf 74' lang='lat' dir='ltr'>indictione</span> <span class='ocrx_word' id='word_1_63' title='bbox 483 1201 572 1270; x_wconf 88' lang='lat' dir='ltr'>XIV.</span> <span class='ocrx_word' id='word_1_64' title='bbox 598 1203 692 1268; x_wconf 86' lang='lat' dir='ltr'><strong>Hanc</strong></span> <span class='ocrx_word' id='word_1_65' title='bbox 709 1209 817 1270; x_wconf 85' lang='lat' dir='ltr'><strong>autem</strong></span> <span class='ocrx_word' id='word_1_66' title='bbox 844 1199 1008 1269; x_wconf 88' lang='lat' dir='ltr'><strong>dationem</strong></span> <span class='ocrx_word' id='word_1_67' title='bbox 1025 1201 1096 1268; x_wconf 91' lang='lat' dir='ltr'><strong>tolli</strong></span> <span class='ocrx_word' id='word_1_68' title='bbox 1133 1201 1282 1268; x_wconf 86' lang='lat' dir='ltr'><strong>volumus</strong></span> 
     </span>
     <span class='ocr_line' id='line_1_10' title="bbox 146 1307 1277 1390; baseline 0.007 -22"><span class='ocrx_word' id='word_1_69' title='bbox 146 1323 200 1387; x_wconf 85' lang='lat' dir='ltr'><strong>pro</strong></span> <span class='ocrx_word' id='word_1_70' title='bbox 216 1307 391 1374; x_wconf 80' lang='lat' dir='ltr'><strong>solucione</strong></span> <span class='ocrx_word' id='word_1_71' title='bbox 416 1328 523 1374; x_wconf 88' lang='lat' dir='ltr'><strong>rerum</strong></span> <span class='ocrx_word' id='word_1_72' title='bbox 540 1309 722 1376; x_wconf 88' lang='lat' dir='ltr'><strong>ablatarum</strong></span> <span class='ocrx_word' id='word_1_73' title='bbox 747 1308 879 1377; x_wconf 88' lang='lat' dir='ltr'><strong>Venetis</strong></span> <span class='ocrx_word' id='word_1_74' title='bbox 895 1310 1015 1378; x_wconf 89' lang='lat' dir='ltr'><strong>nostris</strong></span> <span class='ocrx_word' id='word_1_75' title='bbox 1031 1307 1088 1375; x_wconf 94' lang='lat' dir='ltr'><strong>illo</strong></span> <span class='ocrx_word' id='word_1_76' title='bbox 1114 1309 1149 1375; x_wconf 92' lang='lat' dir='ltr'><strong>iu</strong></span> <span class='ocrx_word' id='word_1_77' title='bbox 1164 1309 1277 1390; x_wconf 81' lang='lat' dir='ltr'><strong>Regno</strong></span> 
     </span>
     <span class='ocr_line' id='line_1_11' title="bbox 146 1409 1279 1506; baseline 0.007 -32"><span class='ocrx_word' id='word_1_78' title='bbox 146 1409 308 1498; x_wconf 84' lang='lat' dir='ltr'><strong>iacienda,</strong></span> <span class='ocrx_word' id='word_1_79' title='bbox 329 1416 433 1482; x_wconf 81' lang='lat' dir='ltr'><strong>salvis</strong></span> <span class='ocrx_word' id='word_1_80' title='bbox 449 1416 522 1482; x_wconf 90' lang='lat' dir='ltr'><strong>aliis</strong></span> <span class='ocrx_word' id='word_1_81' title='bbox 554 1416 717 1484; x_wconf 88' lang='lat' dir='ltr'><strong>consuetis</strong></span> <span class='ocrx_word' id='word_1_82' title='bbox 733 1415 931 1506; x_wconf 80' lang='lat' dir='ltr'><strong>dationibus,</strong></span> <span class='ocrx_word' id='word_1_83' title='bbox 962 1435 1025 1502; x_wconf 88' lang='lat' dir='ltr'><strong>que</strong></span> <span class='ocrx_word' id='word_1_84' title='bbox 1055 1417 1089 1482; x_wconf 90' lang='lat' dir='ltr'><strong>in</strong></span> <span class='ocrx_word' id='word_1_85' title='bbox 1104 1435 1164 1483; x_wconf 83' lang='lat' dir='ltr'><strong>suo</strong></span> <span class='ocrx_word' id='word_1_86' title='bbox 1188 1420 1279 1482; x_wconf 83' lang='lat' dir='ltr'><strong>statu</strong></span> 
     </span>
     <span class='ocr_line' id='line_1_12' title="bbox 144 1519 521 1590; baseline 0.019 -9"><span class='ocrx_word' id='word_1_87' title='bbox 144 1519 294 1590; x_wconf 72' lang='lat' dir='ltr'><strong>volumus</strong></span> <span class='ocrx_word' id='word_1_88' title='bbox 318 1523 521 1590; x_wconf 84' lang='lat' dir='ltr'><strong>conservari.</strong></span> 
     </span>
    </p>
   </div>
   <div class='ocr_carea' id='block_1_3' title="bbox 272 1719 1145 1788">
    <p class='ocr_par' dir='ltr' id='par_1_3' title="bbox 272 1719 1145 1788">
     <span class='ocr_line' id='line_1_13' title="bbox 272 1719 1145 1788; baseline 0.005 -18"><span class='ocrx_word' id='word_1_89' title='bbox 272 1719 409 1784; x_wconf 77' lang='lat' dir='ltr'><strong>(Irjubics,</strong></span> <span class='ocrx_word' id='word_1_90' title='bbox 429 1722 555 1770; x_wconf 83' lang='lat' dir='ltr'><strong>Monam.</strong></span> <span class='ocrx_word' id='word_1_91' title='bbox 576 1735 617 1784; x_wconf 86' lang='lat' dir='ltr'><strong>sp.</strong></span> <span class='ocrx_word' id='word_1_92' title='bbox 637 1721 703 1771; x_wconf 88' lang='lat' dir='ltr'><strong>hist.</strong></span> <span class='ocrx_word' id='word_1_93' title='bbox 723 1721 796 1771; x_wconf 80' lang='lat' dir='ltr'><strong>Slav.</strong></span> <span class='ocrx_word' id='word_1_94' title='bbox 816 1721 914 1772; x_wconf 85' lang='lat' dir='ltr'><strong>Merid.</strong></span> <span class='ocrx_word' id='word_1_95' title='bbox 935 1722 957 1772; x_wconf 91' lang='lat'><strong>1.</strong></span> <span class='ocrx_word' id='word_1_96' title='bbox 976 1724 1035 1774; x_wconf 82' lang='lat' dir='ltr'><strong>koo.</strong></span> <span class='ocrx_word' id='word_1_97' title='bbox 1052 1727 1095 1775; x_wconf 84' lang='lat'><strong>38.</strong></span> <span class='ocrx_word' id='word_1_98' title='bbox 1114 1725 1145 1788; x_wconf 85' lang='lat' dir='ltr'><strong>l.)</strong></span> 
     </span>
    </p>
   </div>
   <div class='ocr_carea' id='block_1_4' title="bbox 676 2535 751 2604">
    <p class='ocr_par' dir='ltr' id='par_1_4' title="bbox 676 2535 751 2604">
     <span class='ocr_line' id='line_1_14' title="bbox 676 2535 751 2604; baseline 0.027 -4"><span class='ocrx_word' id='word_1_99' title='bbox 676 2535 751 2604; x_wconf 82' lang='lat'>134.</span> 
     </span>
    </p>
   </div>
   <div class='ocr_carea' id='block_1_5' title="bbox 148 2731 1277 2925">
    <p class='ocr_par' dir='ltr' id='par_1_5' title="bbox 148 2731 1277 2925">
     <span class='ocr_line' id='line_1_15' title="bbox 148 2731 1277 2820; baseline 0.004 -24"><span class='ocrx_word' id='word_1_100' title='bbox 148 2731 352 2800; x_wconf 71' lang='lat' dir='ltr'><strong>Aoedeooaei</strong></span> <span class='ocrx_word' id='word_1_101' title='bbox 378 2735 533 2820; x_wconf 75' lang='lat' dir='ltr'><strong>kormdoy</strong></span> <span class='ocrx_word' id='word_1_102' title='bbox 560 2735 845 2820; x_wconf 72' lang='lat' dir='ltr'><strong>croqaroickoulo</strong></span> <span class='ocrx_word' id='word_1_103' title='bbox 877 2733 1076 2802; x_wconf 75' lang='lat' dir='ltr'><strong>Voleooatbeo</strong></span> <span class='ocrx_word' id='word_1_104' title='bbox 1091 2737 1277 2802; x_wconf 76' lang='lat' dir='ltr'><strong>turtdzlood·</strong></span> 
     </span>
     <span class='ocr_line' id='line_1_16' title="bbox 465 2839 952 2925; baseline 0 -21"><span class='ocrx_word' id='word_1_105' title='bbox 465 2842 594 2906; x_wconf 75' lang='lat' dir='ltr'><strong>iaooooo</strong></span> <span class='ocrx_word' id='word_1_106' title='bbox 615 2839 952 2925; x_wconf 77' lang='lat' dir='ltr'><strong>saoddlyozza.1226.</strong></span> 
     </span>
    </p>
   </div>
   <div class='ocr_carea' id='block_1_6' title="bbox 147 3034 1268 3441">
    <p class='ocr_par' dir='ltr' id='par_1_6' title="bbox 147 3034 1268 3441">
     <span class='ocr_line' id='line_1_17' title="bbox 248 3034 1267 3121; baseline 0.007 -20"><span class='ocrx_word' id='word_1_107' title='bbox 248 3036 310 3102; x_wconf 90' lang='lat' dir='ltr'><strong>Die</strong></span> <span class='ocrx_word' id='word_1_108' title='bbox 334 3034 435 3104; x_wconf 85' lang='lat' dir='ltr'><strong>tercio</strong></span> <span class='ocrx_word' id='word_1_109' title='bbox 462 3045 602 3102; x_wconf 83' lang='lat' dir='ltr'><strong>exeunte</strong></span> <span class='ocrx_word' id='word_1_110' title='bbox 619 3036 778 3121; x_wconf 81' lang='lat' dir='ltr'><strong>Octobris,</strong></span> <span class='ocrx_word' id='word_1_111' title='bbox 795 3035 965 3104; x_wconf 88' lang='lat' dir='ltr'><strong>indictioni</strong></span> <span class='ocrx_word' id='word_1_112' title='bbox 982 3039 1055 3104; x_wconf 89' lang='lat' dir='ltr'><strong>XV.</strong></span> <span class='ocrx_word' id='word_1_113' title='bbox 1073 3035 1267 3108; x_wconf 86' lang='lat' dir='ltr'><strong>Ordinatum</strong></span> 
     </span>
     <span class='ocr_line' id='line_1_18' title="bbox 147 3142 1267 3227; baseline 0.008 -23"><span class='ocrx_word' id='word_1_114' title='bbox 147 3149 194 3207; x_wconf 84' lang='lat' dir='ltr'><strong>cst</strong></span> <span class='ocrx_word' id='word_1_115' title='bbox 220 3163 277 3227; x_wconf 86' lang='lat' dir='ltr'><strong>per</strong></span> <span class='ocrx_word' id='word_1_116' title='bbox 307 3142 476 3209; x_wconf 89' lang='lat' dir='ltr'><strong>domiuum</strong></span> <span class='ocrx_word' id='word_1_117' title='bbox 507 3144 633 3209; x_wconf 87' lang='lat' dir='ltr'><strong>Ducem</strong></span> <span class='ocrx_word' id='word_1_118' title='bbox 666 3151 699 3210; x_wconf 90' lang='lat' dir='ltr'><strong>ct</strong></span> <span class='ocrx_word' id='word_1_119' title='bbox 729 3162 823 3209; x_wconf 90' lang='lat' dir='ltr'><strong>suum</strong></span> <span class='ocrx_word' id='word_1_120' title='bbox 845 3143 1071 3212; x_wconf 74' lang='lat' dir='ltr'><strong>consiliumet</strong></span> <span class='ocrx_word' id='word_1_121' title='bbox 1094 3143 1267 3212; x_wconf 89' lang='lat' dir='ltr'><strong>stridatum</strong></span> 
     </span>
     <span class='ocr_line' id='line_1_19' title="bbox 151 3247 1268 3336; baseline 0.005 -24"><span class='ocrx_word' id='word_1_122' title='bbox 151 3267 239 3333; x_wconf 82' lang='lat' dir='ltr'><strong>super</strong></span> <span class='ocrx_word' id='word_1_123' title='bbox 253 3247 363 3316; x_wconf 86' lang='lat' dir='ltr'><strong>scalas</strong></span> <span class='ocrx_word' id='word_1_124' title='bbox 378 3249 516 3318; x_wconf 81' lang='lat' dir='ltr'><strong>Rivialti</strong></span> <span class='ocrx_word' id='word_1_125' title='bbox 541 3249 672 3335; x_wconf 90' lang='lat' dir='ltr'><strong>publice</strong></span> <span class='ocrx_word' id='word_1_126' title='bbox 696 3270 757 3335; x_wconf 87' lang='lat' dir='ltr'><strong>par</strong></span> <span class='ocrx_word' id='word_1_127' title='bbox 781 3249 964 3319; x_wconf 78' lang='lat' dir='ltr'><strong>iohannem</strong></span> <span class='ocrx_word' id='word_1_128' title='bbox 989 3250 1156 3335; x_wconf 77' lang='lat' dir='ltr'><strong>Grossum,</strong></span> <span class='ocrx_word' id='word_1_129' title='bbox 1181 3252 1268 3336; x_wconf 87' lang='lat' dir='ltr'><strong>quod</strong></span> 
     </span>
     <span class='ocr_line' id='line_1_20' title="bbox 148 3355 1266 3441; baseline 0.006 -22"><span class='ocrx_word' id='word_1_130' title='bbox 148 3355 243 3421; x_wconf 89' lang='lat' dir='ltr'><strong>nullus</strong></span> <span class='ocrx_word' id='word_1_131' title='bbox 260 3355 359 3423; x_wconf 92' lang='lat' dir='ltr'><strong>homo</strong></span> <span class='ocrx_word' id='word_1_132' title='bbox 375 3357 587 3424; x_wconf 88' lang='lat' dir='ltr'><strong>Vcneciarnm</strong></span> <span class='ocrx_word' id='word_1_133' title='bbox 606 3378 668 3426; x_wconf 92' lang='lat' dir='ltr'><strong>nec</strong></span> <span class='ocrx_word' id='word_1_134' title='bbox 682 3357 825 3425; x_wconf 83' lang='lat' dir='ltr'><strong>Venetus</strong></span> <span class='ocrx_word' id='word_1_135' title='bbox 836 3377 939 3441; x_wconf 88' lang='lat' dir='ltr'><strong>nequo</strong></span> <span class='ocrx_word' id='word_1_136' title='bbox 953 3357 1133 3426; x_wconf 83' lang='lat' dir='ltr'><strong>forinsecus</strong></span> <span class='ocrx_word' id='word_1_137' title='bbox 1149 3359 1266 3427; x_wconf 87' lang='lat' dir='ltr'><strong>amodo</strong></span> 
     </span>
    </p>
   </div>
   <div class='ocr_carea' id='block_1_7' title="bbox 25 3461 1264 3552">
    <p class='ocr_par' dir='ltr' id='par_1_7' title="bbox 25 3461 1264 3552">
     <span class='ocr_line' id='line_1_21' title="bbox 25 3461 1264 3552; baseline 0.009 -29"><span class='ocrx_word' id='word_1_138' title='bbox 25 3527 26 3532; x_wconf 56' lang='grc'>,</span> <span class='ocrx_word' id='word_1_139' title='bbox 148 3461 176 3526; x_wconf 94' lang='lat' dir='ltr'><strong>in</strong></span> <span class='ocrx_word' id='word_1_140' title='bbox 205 3471 302 3530; x_wconf 88' lang='lat' dir='ltr'><strong>antea</strong></span> <span class='ocrx_word' id='word_1_141' title='bbox 338 3483 395 3548; x_wconf 87' lang='lat' dir='ltr'><strong>per</strong></span> <span class='ocrx_word' id='word_1_142' title='bbox 426 3485 463 3531; x_wconf 91' lang='lat' dir='ltr'><strong>se</strong></span> <span class='ocrx_word' id='word_1_143' title='bbox 496 3464 547 3531; x_wconf 85' lang='lat' dir='ltr'><strong>vel</strong></span> <span class='ocrx_word' id='word_1_144' title='bbox 579 3485 672 3531; x_wconf 89' lang='lat' dir='ltr'><strong>suum</strong></span> <span class='ocrx_word' id='word_1_145' title='bbox 698 3465 845 3532; x_wconf 86' lang='lat' dir='ltr'><strong>nuntium</strong></span> <span class='ocrx_word' id='word_1_146' title='bbox 861 3485 918 3551; x_wconf 84' lang='lat' dir='ltr'><strong>per</strong></span> <span class='ocrx_word' id='word_1_147' title='bbox 948 3465 1082 3551; x_wconf 84' lang='lat' dir='ltr'><strong>aliquod</strong></span> <span class='ocrx_word' id='word_1_148' title='bbox 1097 3466 1264 3552; x_wconf 84' lang='lat' dir='ltr'><strong>ingenium</strong></span> 
     </span>
    </p>
   </div>
   <div class='ocr_carea' id='block_1_8' title="bbox 142 3569 1267 3766">
    <p class='ocr_par' dir='ltr' id='par_1_8' title="bbox 142 3569 1267 3766">
     <span class='ocr_line' id='line_1_22' title="bbox 144 3569 1266 3660; baseline 0.006 -25"><span class='ocrx_word' id='word_1_149' title='bbox 144 3569 257 3636; x_wconf 86' lang='lat' dir='ltr'><strong>audeat</strong></span> <span class='ocrx_word' id='word_1_150' title='bbox 271 3571 418 3656; x_wconf 88' lang='lat' dir='ltr'><strong>recipere</strong></span> <span class='ocrx_word' id='word_1_151' title='bbox 433 3571 468 3636; x_wconf 92' lang='lat' dir='ltr'><strong>iu</strong></span> <span class='ocrx_word' id='word_1_152' title='bbox 479 3569 574 3638; x_wconf 89' lang='lat' dir='ltr'><strong>domo</strong></span> <span class='ocrx_word' id='word_1_153' title='bbox 593 3592 654 3638; x_wconf 88' lang='lat' dir='ltr'><strong>sua</strong></span> <span class='ocrx_word' id='word_1_154' title='bbox 669 3571 810 3656; x_wconf 90' lang='lat' dir='ltr'><strong>aliquem</strong></span> <span class='ocrx_word' id='word_1_155' title='bbox 818 3573 1019 3656; x_wconf 84' lang='lat' dir='ltr'><strong>Bagusinum</strong></span> <span class='ocrx_word' id='word_1_156' title='bbox 1030 3593 1135 3659; x_wconf 85' lang='lat' dir='ltr'><strong>nequa</strong></span> <span class='ocrx_word' id='word_1_157' title='bbox 1151 3574 1266 3660; x_wconf 85' lang='lat' dir='ltr'><strong>aliqua</strong></span> 
     </span>
     <span class='ocr_line' id='line_1_23' title="bbox 142 3677 1267 3766; baseline 0.011 -26"><span class='ocrx_word' id='word_1_158' title='bbox 142 3679 345 3745; x_wconf 85' lang='lat' dir='ltr'><strong>mercimonia</strong></span> <span class='ocrx_word' id='word_1_159' title='bbox 362 3677 526 3744; x_wconf 89' lang='lat' dir='ltr'><strong>hominum</strong></span> <span class='ocrx_word' id='word_1_160' title='bbox 543 3678 692 3766; x_wconf 72' lang='lat' dir='ltr'><strong>Rugusii,</strong></span> <span class='ocrx_word' id='word_1_161' title='bbox 718 3679 781 3746; x_wconf 89' lang='lat' dir='ltr'><strong>uisi</strong></span> <span class='ocrx_word' id='word_1_162' title='bbox 805 3681 839 3746; x_wconf 89' lang='lat' dir='ltr'><strong>iu</strong></span> <span class='ocrx_word' id='word_1_163' title='bbox 855 3683 961 3764; x_wconf 88' lang='lat' dir='ltr'><strong>prima</strong></span> <span class='ocrx_word' id='word_1_164' title='bbox 986 3682 1041 3749; x_wconf 90' lang='lat' dir='ltr'><strong>die</strong></span> <span class='ocrx_word' id='word_1_165' title='bbox 1056 3683 1110 3750; x_wconf 88' lang='lat' dir='ltr'><strong>vel</strong></span> <span class='ocrx_word' id='word_1_166' title='bbox 1124 3683 1267 3752; x_wconf 87' lang='lat' dir='ltr'><strong>secunda</strong></span> 
     </span>
    </p>
   </div>
   <div class='ocr_carea' id='block_1_9' title="bbox 25 3781 1260 3877">
    <p class='ocr_par' dir='ltr' id='par_1_9' title="bbox 25 3781 1260 3877">
     <span class='ocr_line' id='line_1_24' title="bbox 25 3781 1260 3877; baseline 0.013 -31"><span class='ocrx_word' id='word_1_167' title='bbox 25 3867 26 3870; x_wconf 8' lang='grc' dir='ltr'><strong>Ἴ</strong></span> <span class='ocrx_word' id='word_1_168' title='bbox 139 3781 249 3850; x_wconf 84' lang='lat' dir='ltr'><strong>iecerit</strong></span> <span class='ocrx_word' id='word_1_169' title='bbox 264 3791 374 3851; x_wconf 87' lang='lat' dir='ltr'><strong>notum</strong></span> <span class='ocrx_word' id='word_1_170' title='bbox 401 3785 624 3854; x_wconf 82' lang='lat' dir='ltr'><strong>vicedominis</strong></span> <span class='ocrx_word' id='word_1_171' title='bbox 657 3787 882 3876; x_wconf 85' lang='lat' dir='ltr'><strong>Voueciarum,</strong></span> <span class='ocrx_word' id='word_1_172' title='bbox 908 3791 969 3857; x_wconf 87' lang='lat' dir='ltr'><strong>sub</strong></span> <span class='ocrx_word' id='word_1_173' title='bbox 993 3810 1079 3877; x_wconf 86' lang='lat' dir='ltr'><strong>pena</strong></span> <span class='ocrx_word' id='word_1_174' title='bbox 1104 3792 1260 3862; x_wconf 87' lang='lat' dir='ltr'><strong>librarum</strong></span> 
     </span>
    </p>
   </div>
   <div class='ocr_carea' id='block_1_10' title="bbox 144 3890 1264 3989">
    <p class='ocr_par' dir='ltr' id='par_1_10' title="bbox 144 3890 1264 3989">
     <span class='ocr_line' id='line_1_25' title="bbox 144 3890 1264 3989; baseline 0.013 -35"><span class='ocrx_word' id='word_1_175' title='bbox 144 3890 237 3958; x_wconf 88' lang='lat' dir='ltr'><strong>XXX</strong></span> <span class='ocrx_word' id='word_1_176' title='bbox 252 3901 284 3958; x_wconf 87' lang='lat' dir='ltr'><strong>et</strong></span> <span class='ocrx_word' id='word_1_177' title='bbox 302 3892 482 3961; x_wconf 87' lang='lat' dir='ltr'><strong>solidorum</strong></span> <span class='ocrx_word' id='word_1_178' title='bbox 498 3894 563 3959; x_wconf 91' lang='lat' dir='ltr'><strong>XII</strong></span> <span class='ocrx_word' id='word_1_179' title='bbox 594 3901 626 3960; x_wconf 91' lang='lat' dir='ltr'><strong>et</strong></span> <span class='ocrx_word' id='word_1_180' title='bbox 642 3897 775 3982; x_wconf 89' lang='lat' dir='ltr'><strong>duplum</strong></span> <span class='ocrx_word' id='word_1_181' title='bbox 791 3904 946 3982; x_wconf 89' lang='lat' dir='ltr'><strong>quantum</strong></span> <span class='ocrx_word' id='word_1_182' title='bbox 972 3901 1103 3968; x_wconf 84' lang='lat' dir='ltr'><strong>solverit</strong></span> <span class='ocrx_word' id='word_1_183' title='bbox 1127 3903 1264 3989; x_wconf 82' lang='lat' dir='ltr'><strong>Rugosi-</strong></span> 
     </span>
    </p>
   </div>
   <div class='ocr_carea' id='block_1_11' title="bbox 140 3999 1261 4186">
    <p class='ocr_par' dir='ltr' id='par_1_11' title="bbox 140 3999 1261 4186">
     <span class='ocr_line' id='line_1_26' title="bbox 140 3999 1261 4096; baseline 0.014 -34"><span class='ocrx_word' id='word_1_184' title='bbox 140 3999 250 4068; x_wconf 90' lang='lat' dir='ltr'><strong>uusde</strong></span> <span class='ocrx_word' id='word_1_185' title='bbox 276 4005 414 4068; x_wconf 83' lang='lat' dir='ltr'><strong>racione</strong></span> <span class='ocrx_word' id='word_1_186' title='bbox 444 4001 728 4072; x_wconf 81' lang='lat' dir='ltr'><strong>mercimoniorum</strong></span> <span class='ocrx_word' id='word_1_187' title='bbox 759 4007 910 4096; x_wconf 81' lang='lat' dir='ltr'><strong>omnium,</strong></span> <span class='ocrx_word' id='word_1_188' title='bbox 943 4029 1076 4092; x_wconf 89' lang='lat' dir='ltr'><strong>quorum</strong></span> <span class='ocrx_word' id='word_1_189' title='bbox 1109 4010 1261 4095; x_wconf 90' lang='lat' dir='ltr'><strong>simplum</strong></span> 
     </span>
     <span class='ocr_line' id='line_1_27' title="bbox 142 4107 605 4186; baseline 0.015 -17"><span class='ocrx_word' id='word_1_190' title='bbox 142 4115 287 4186; x_wconf 86' lang='lat' dir='ltr'><strong>quantum</strong></span> <span class='ocrx_word' id='word_1_191' title='bbox 303 4109 441 4176; x_wconf 82' lang='lat' dir='ltr'><strong>solvisse</strong></span> <span class='ocrx_word' id='word_1_192' title='bbox 457 4107 605 4177; x_wconf 86' lang='lat' dir='ltr'><strong>deberet.</strong></span> 
     </span>
    </p>
   </div>
   <div class='ocr_carea' id='block_1_12' title="bbox 268 4304 1130 4380">
    <p class='ocr_par' dir='ltr' id='par_1_12' title="bbox 268 4304 1130 4380">
     <span class='ocr_line' id='line_1_28' title="bbox 268 4304 1130 4380; baseline 0.01 -24"><span class='ocrx_word' id='word_1_193' title='bbox 268 4304 400 4370; x_wconf 61' lang='lat' dir='ltr'><strong>(Irjubica</strong></span> <span class='ocrx_word' id='word_1_194' title='bbox 420 4308 544 4358; x_wconf 79' lang='lat' dir='ltr'><strong>Monam.</strong></span> <span class='ocrx_word' id='word_1_195' title='bbox 566 4323 605 4371; x_wconf 90' lang='lat' dir='ltr'><strong>sp.</strong></span> <span class='ocrx_word' id='word_1_196' title='bbox 627 4310 695 4360; x_wconf 85' lang='lat' dir='ltr'><strong>hist.</strong></span> <span class='ocrx_word' id='word_1_197' title='bbox 715 4310 788 4362; x_wconf 82' lang='lat' dir='ltr'><strong>Slav.</strong></span> <span class='ocrx_word' id='word_1_198' title='bbox 808 4313 900 4363; x_wconf 86' lang='lat' dir='ltr'><strong>Merid</strong></span> <span class='ocrx_word' id='word_1_199' title='bbox 913 4315 935 4363; x_wconf 93' lang='lat'><strong>1.</strong></span> <span class='ocrx_word' id='word_1_200' title='bbox 956 4316 1015 4364; x_wconf 83' lang='lat' dir='ltr'><strong>kot.</strong></span> <span class='ocrx_word' id='word_1_201' title='bbox 1036 4320 1080 4364; x_wconf 80' lang='lat'><strong>41.</strong></span> <span class='ocrx_word' id='word_1_202' title='bbox 1100 4317 1130 4380; x_wconf 87' lang='lat' dir='ltr'><strong>l.)</strong></span> 
     </span>
    </p>
   </div>
   <div class='ocr_carea' id='block_1_13' title="bbox 572 4577 838 4589">
    <p class='ocr_par' dir='ltr' id='par_1_13' title="bbox 572 4577 838 4589">
     <span class='ocr_line' id='line_1_29' title="bbox 572 4577 838 4589; baseline 0.011 -3"><span class='ocrx_word' id='word_1_203' title='bbox 572 4577 838 4589; x_wconf 78' lang='lat'>—-—-.-..-.-...</span> 
     </span>
    </p>
   </div>
   <div class='ocr_carea' id='block_1_14' title="bbox 0 0 1554 5132">
    <p class='ocr_par' dir='ltr' id='par_1_14' title="bbox 0 0 1554 5132">
     <span class='ocr_line' id='line_1_30' title="bbox 0 0 1554 5132; baseline 0 1"><span class='ocrx_word' id='word_1_204' title='bbox 0 0 1554 5132; x_wconf 95' lang='lat' dir='ltr'><strong> </strong></span> 
     </span>
    </p>
   </div>
  </div>
 </body>
</html>
