3098 5132
100 385 185 450 senui
201 393 235 452 et
252 386 351 472 etsti5
377 385 436 452 sed
454 405 656 472 paganorum
673 406 760 453 more
776 386 927 452 uniuersa
944 389 1124 470 vastantes,
1151 389 1219 451 tan·

100 511 189 574 quam
204 514 313 561 eorum
330 494 397 560 sint
414 495 529 562 delicie
546 495 674 581 operari
685 513 848 580 perversa,
865 493 898 558 in
910 493 1090 580 perditione
1111 512 1218 560 rerum

100 607 127 664 et
140 600 299 670 hominnm
317 601 522 685 gloriantur:
540 604 678 690 quodam
697 601 930 688 compassionis
955 601 1031 684 igne
1062 601 1216 688 perstriu-

100 707 196 792 gimm
211 717 325 778 contra
341 717 467 795 pestem
483 716 663 798 utrumque,
681 711 765 777 sicut
780 729 963 798 possumus,
982 728 1151 777 occurrere
1167 730 1219 776 cu·

101 817 224 899 pientes.
249 818 329 884 Cum
346 817 468 904 itaque,
486 820 570 886 sieut
586 819 780 903 andivimus,
805 817 904 885 ricini
921 817 1003 886 satis
1021 823 1129 886 castro
1146 837 1217 900 prc-

102 922 187 1009 dictu‚
202 933 234 992 et
249 925 400 1010 partibus
418 927 458 992 de
474 927 623 1009 Bossinn,
648 926 703 992 nbi
729 924 863 992 heretici
896 923 1026 1008 quidam
1060 923 1216 1008 dogmati-

103 1032 195 1098 zando
212 1033 321 1117 palam
338 1053 395 1099 sue
411 1034 583 1120 pravitatis
600 1053 736 1116 errores,
753 1030 872 1099 Christi
889 1051 1020 1116 gregem
1032 1038 1063 1100 et
1074 1032 1215 1118 uincam,

104 1140 131 1202 id
147 1145 190 1206 est
205 1141 455 1207 Sacrosauclam
472 1138 694 1207 Orthodoxam
720 1140 901 1207 Ecclesiam
934 1137 1151 1206 exterminant
1183 1147 1215 1206 ct

105 1246 291 1333 disperdunt,
308 1253 340 1313 et
357 1248 503 1314 Ecclesia
519 1253 631 1315 restra
649 1254 742 1314 uacet
758 1253 899 1336 pastore,
916 1247 1009 1314 cuius
1025 1253 1058 1315 et
1074 1251 1217 1314 vestrum
1250 1245 1252 1251 ⁴

112 1353 219 1420 adhoc
235 1354 460 1437 cognoscimus
477 1355 633 1421 auxilium
643 1361 857 1440 opportunum
876 1379 883 1419 ε
899 1354 1148 1422 Universitatem
1166 1373 1217 1419 uc-

106 1469 194 1526 strnm
209 1481 371 1528 monemus
386 1481 445 1547 per
460 1463 649 1546 Apostolica
659 1463 788 1548 scripta,
805 1467 962 1546 quatenus
973 1461 1014 1528 ad
1025 1461 1216 1529 electionem

108 1567 336 1656 Archiepiscopi
368 1569 559 1636 canonicam
591 1577 624 1636 et
654 1571 852 1657 concordem,
883 1570 1009 1636 sublato
1042 1569 1217 1636 cuiuslibet

107 1674 289 1743 difficultatis
305 1677 475 1744 obstaculo
492 1678 693 1764 procedatis3
719 1685 832 1745 contra
847 1679 1008 1745 hereticos
1026 1685 1058 1744 ct
1084 1676 1214 1744 Almisi·

109 1804 190 1851 enses
205 1785 332 1851 eosdem
350 1785 467 1852 dilecto
483 1785 551 1852 filio
567 1786 723 1870 Magistro
739 1787 778 1852 A.
795 1785 1001 1853 Subdiacono
1018 1793 1050 1852 et
1067 1786 1215 1872 Capella·

111 1913 148 1958 no
161 1901 272 1978 nostro,
290 1893 480 1978 Apostolice
496 1893 591 1961 Sedis
607 1895 741 1980 Legato,
760 1914 818 1980 pro
834 1894 950 1961 vestris
976 1894 1115 1961 libenter
1141 1895 1214 1960 viri·

109 2001 159 2067 bus
173 2001 380 2084 assistentes3
406 2001 589 2067 huiusmodi
605 2002 701 2068 etium
720 2001 884 2068 exanimo
909 2000 956 2066 sic
982 2001 1096 2086 acturi,
1129 2000 1215 2086 quod

111 2107 200 2194 Pater,
216 2107 266 2192 qui
284 2107 422 2174 videtin
439 2107 639 2194 abscondito,
656 2109 770 2175 reddet
788 2109 888 2193 vobis,
907 2113 939 2175 et
955 2128 1014 2174 nos
1034 2113 1143 2176 vestre
1163 2107 1215 2176 de·

111 2217 231 2282 sotionis
247 2216 465 2299 integritatem
482 2215 676 2301 Apostolicis
687 2215 962 2284 benedictionibus
973 2235 1215 2300 prosequamur.

110 2322 210 2387 Datum
225 2322 376 2408 Anagnis
391 2323 445 2389 IV.
460 2321 534 2390 idus
550 2325 670 2411 Martij,
688 2324 898 2392 Pontificatus
916 2323 1017 2391 nostri
1044 2345 1129 2392 anno
1156 2325 1213 2391 VI.

313 2521 436 2582 OEerlati
456 2523 602 2588 illyricum
621 2524 736 2576 sacrum
757 2525 803 2576 VI.
823 2525 882 2576 ket.
904 2526 989 2588 921.)

518 2811 786 2824 *nau-

616 3346 690 3415 108.
778 3355 784 3364 '

111 3537 383 3632 Guacrelspalatoi
398 3545 480 3612 drselc
505 3545 776 3633 bizoupsdplecele,
809 3552 891 3636 kopp
927 3549 957 3613 T
953 3572 1068 3636 proper
1100 3547 1212 3638 Grrepo

109 3654 457 3737 izcepyosszonyuulcflo
473 3679 493 3719 o
509 3655 658 3739 reportat
682 3659 908 3724 monostornalr
935 3659 1083 3746 bizooyos
1101 3659 1210 3748 fdldet

461 3764 710 3849 udomdcyozotl.
739 3769 835 3832 1222.

194 3957 261 4040 Ego
273 3956 440 4025 Joceliuus
450 3959 510 4026 Dei
522 3961 633 4043 gracia
646 3961 851 4046 Spalatensis
861 3963 1146 4051 Archiepisccpus‚
1156 3985 1211 4032 no·

106 4067 160 4127 lum
174 4063 256 4131 iccio
271 4065 421 4132 omnibus
432 4066 578 4134 fidelibus
595 4067 787 4136 Christianis
805 4077 871 4137 tam
888 4071 1098 4156 presentibus
1114 4092 1210 4157 quam

106 4165 214 4258 suturis,
231 4173 316 4255 quod
328 4174 453 4258 Gnepa,
473 4175 634 4259 quondam
651 4196 732 4244 cruor
748 4177 870 4262 Armes,
886 4180 1073 4261 recognovit
1088 4187 1120 4246 et
1135 4199 1208 4247 con-

106 4273 179 4345 tessa
198 4288 244 4346 est
260 4280 294 4346 iu
305 4281 558 4368 presenciamea
569 4291 600 4350 et
610 4284 817 4370 plurimorum
828 4285 1011 4353 hominum:
1027 4287 1209 4368 quodfilius

105 4381 160 4450 cius
183 4385 322 4474 Tympor
348 4389 402 4472 qui
428 4390 529 4457 eciam
555 4391 777 4476 Bercngcrius,
805 4393 946 4460 eiusdem
973 4395 1087 4461 Armos
1113 4396 1206 4480 lilius,

107 4486 222 4559 delitet
247 4495 406 4562 concessit
431 4498 500 4565 Deo
528 4504 560 4563 et
585 4499 684 4566 Beate
711 4499 812 4568 Mario
830 4513 862 4570 et
876 4501 994 4568 Domui
1014 4501 1054 4566 de
1070 4501 1207 4592 'Poplica
