3078 5128
806 269 967 366 Q

311 459 437 545 ·soripti
454 460 634 546 patrocinio
651 462 891 529 communimus.
931 462 1020 528 Nulli
1037 481 1113 546 orgo
1130 463 1260 531 omnino
1286 465 1454 532 hominum
1521 443 1522 458 i

316 567 420 636 lineat
434 565 520 635 hano
535 568 690 658 paginam
707 575 817 637 nostre
833 569 1048 655 protentionis
1064 575 1097 636 et
1124 571 1382 639 eonfirmationis
1407 573 1455 639 in·
1521 579 1522 638 t

318 674 472 758 fringere,
488 675 542 744 uel
558 674 588 742 ei
611 697 693 744 aneu
709 678 883 745 temerario
899 677 1073 746 eontraire.
1114 677 1150 746 Si
1176 679 1248 762 quis
1264 688 1376 748 antem
1391 681 1453 749 hoo

318 789 515 868 attemptare
530 783 775 870 presumpserit,
803 784 1064 870 indignationem
1080 783 1322 872 Omnipotontis
1338 787 1401 856 Dei
1421 795 1452 854 et

318 891 493 958 Beatorum
509 892 596 958 Petri
613 897 645 958 et
659 892 756 960 Pauli
772 893 1001 978 Apostolorum
1018 892 1087 960 eins
1104 913 1140 960 se
1155 893 1285 962 nonerit
1302 895 1450 963 inoursu·

317 1019 397 1068 rnm.
413 1001 533 1066 Datnm
549 1000 704 1068 Laterani
720 1000 818 1068 XIII⁰
834 1001 997 1070 kalendae
1012 1003 1102 1088 Jnnij
1120 1003 1337 1070 Pontificatns
1347 1001 1447 1068 nostri

317 1126 404 1174 anno
419 1109 514 1175 tertio
529 1107 666 1176 deoimo.

302 1305 459 1366 ·(I·}redetie
477 1307 660 1371 borhtrtyan,
693 1309 813 1374 melyrdl
831 1323 848 1358 a
867 1308 941 1374 papa
969 1308 1166 1374 olompeosdtje
1199 1309 1379 1373 noros-sarge
1409 1323 1449 1360 se·

447 1394 654 1458 lyemzsindron
673 1397 750 1463 tttgg,
771 1413 788 1447 a
806 1399 892 1448 bndei
911 1399 965 1450 kir.
984 1398 1112 1448 kamerai
1131 1397 1318 1450 leveltdrban.

745 1679 1012 1692 ——n—

842 2227 918 2296 222.

313 2425 422 2489 Eodre
433 2424 739 2512 pozsonyifd'iapa‘n
756 2426 837 2491 mint
853 2447 873 2488 a
887 2424 994 2510 in'rdly
1015 2425 1174 2489 nitalstete
1190 2425 1301 2510 dircija
1317 2426 1445 2494 etinte'zi

313 2532 380 2597 tddb
403 2535 557 2617 poasonyi
580 2531 840 2618 octrjodbdpprrak
865 2533 1038 2598 Karandai
1071 2534 1187 2612 Remop
1220 2533 1317 2598 ottoni
1341 2536 1440 2619 pare‘t.
1523 2575 1524 2632 ]

832 2641 927 2704 1240.
1523 2643 1524 2648 ’

419 2833 566 2902 Andreas
583 2835 697 2922 domes
715 2833 755 2902 de
778 2837 886 2904 Poson
902 2835 1051 2900 omnibus
1075 2839 1257 2918 presentem
1283 2833 1440 2918 paginam

311 2939 503 3025 inspecturis
519 2943 658 3008 salutem
674 2943 707 3008 in
724 2963 801 3010 uero
818 2942 963 3010 salutari.
1004 2942 1120 3008 Vestra
1136 2940 1264 3006 nouerit
1281 2939 1439 3007 vninersi-

310 3048 563 3130 respondeum
582 3065 680 3131 egon
711 3049 841 3116 domino
872 3049 955 3114 Bela
985 3049 1074 3133 Rege
1107 3049 1298 3114 eonstitntus
1330 3067 1437 3114 essem

308 3152 407 3220 index
423 3153 465 3219 ad
481 3153 747 3223 reformaoionem
766 3164 924 3222 terrarum
941 3153 1199 3221 renooondarnm
1215 3151 1255 3218 de
1271 3153 1436 3222 comitatu

307 3260 510 3344 Posoniensi,
526 3270 709 3330 castrenses
726 3263 821 3329 trinm
840 3262 1002 3343 villarum,
1017 3279 1081 3344 qne
1097 3266 1256 3326 nooantur
1273 3260 1381 3328 Oboni
1396 3283 1436 3329 ex

308 3389 374 3437 vna
388 3373 489 3454 parte,
509 3373 541 3435 et
556 3377 738 3438 castrenses
753 3369 847 3436 trivm
864 3369 1028 3453 villarum,
1044 3387 1109 3451 qne
1119 3371 1277 3435 noeantnr
1287 3367 1435 3436 Oaraeha

307 3496 348 3542 ex
364 3475 479 3562 altere,
495 3474 695 3560 impetebant
713 3495 822 3544 noram
838 3497 890 3544 me
906 3474 1068 3560 quendam
1085 3475 1216 3541 nomine
1240 3475 1365 3560 Remeg
1393 3475 1433 3542 de

308 3583 388 3649 villa
404 3583 507 3648 eoiam
524 3601 588 3666 qne
603 3585 788 3652 nominatur
804 3583 966 3668 Cannaba,
998 3581 1199 3667 requirentes
1218 3582 1260 3649 ab
1276 3581 1350 3666 ipso
1374 3589 1436 3650 ter·

307 3711 376 3757 ram
393 3687 499 3757 Oastri
517 3695 673 3758 terrestre
705 3689 902 3760 hereditarie
934 3691 1149 3758 adiaoentem.
1190 3689 1334 3774 Crmqne
1366 3698 1434 3758 tam

308 3805 491 3864 castrenses
508 3795 679 3884 iamdicti,
702 3817 799 3882 qnam
816 3797 884 3882 ipse
902 3796 1033 3882 Romog,
1058 3795 1240 3863 astitissent
1256 3813 1366 3861 ooram
1382 3815 1434 3862 me

306 3905 375 3972 litia
391 3923 577 3990 prooessnm
594 3903 734 3970 inoioom
750 3903 961 3990 perferentes,
981 3904 1108 3988 rtriqne
1132 3902 1219 3989 parti
1244 3901 1432 3971 adiudionni

305 4011 523 4079 testimonium
554 4012 808 4097 prodnoendnm.
847 4011 1004 4079 Addnotis
1036 4013 1146 4096 itaque
1177 4009 1232 4076 die
1263 4008 1431 4092 assignato

298 4121 444 4188 'testibus
459 4119 540 4188 satis
556 4119 693 4205 idoneis,
724 4129 792 4186 tam
817 4121 858 4188 ad
894 4121 1089 4206 peticionem
1121 4117 1224 4205 partis
1255 4115 1431 4201 vtrinsqno,

305 4247 403 4312 qnam
420 4225 463 4293 ad
478 4226 674 4294 instanciam
692 4227 901 4311 iobagionnm
919 4226 1029 4294 Castri
1054 4237 1087 4292 et
1118 4227 1255 4294 aliornm
1287 4242 1433 4308 eompro-

304 4333 491 4402 ninoinlium
509 4354 605 4419 quam
631 4335 851 4422 plurimorum,
884 4355 998 4420 paoem
1030 4335 1114 4403 inter
1144 4333 1232 4420 ipsos
1263 4329 1431 4398 reformari

302 4443 460 4528 oonoessi,
477 4441 562 4510 siant
576 4440 677 4511 deoet.
702 4443 847 4528 (tumque
862 4443 963 4528 igitur
988 4441 1066 4510 dieti
1097 4441 1289 4525 iobagiones
1323 4437 1431 4506 castri

296 4555 337 4616 et
352 4549 409 4634 alij
428 4549 717 4636 oomproninoiales
733 4571 848 4635 paoem
863 4550 948 4619 inter
957 4551 1047 4636 ipsos
1057 4549 1297 4630 reformassent,
1313 4547 1432 4615 seriem
