3120 5148
613 221 773 318 *Loe—

127 437 215 486 anno
230 416 347 502 primo,
365 413 489 498 aliquid
503 412 650 498 predicto
666 414 864 484 Mouasterio
888 418 1085 486 subtraxerit
1101 416 1142 486 de
1158 421 1271 488 terris-

128 527 178 592 nel
204 523 312 610 pratis
336 523 388 590 vel
413 520 652 608 piscacionibus
677 523 730 592 vel
756 524 950 607 quibuslibet
966 525 1063 593 rebus
1087 526 1163 594 aliis
1189 547 1253 612 que

125 651 227 717 supra
252 629 509 715 nominarimns3
537 629 634 696 liceat
656 630 776 698 Abbati
793 630 939 698 eiusdem
970 632 1031 700 looi
1049 653 1088 700 ea
1105 639 1252 717 repetere

125 759 187 806 non
198 737 407 806 obstantibus
420 737 620 822 quibuslibet
630 738 858 806 instrumentis
869 740 991 808 anobis
1002 739 1055 808 vel
1072 761 1092 806 a
1108 741 1252 825 quolibet

125 866 183 931 per
218 847 336 912 falsam
364 845 582 931 sugestionem
616 847 808 932 impetratis.
836 847 938 931 Igitur
965 847 1077 914 stabili
1102 848 1251 914 firmitate

125 955 314 1039 sanctinus,
339 960 375 1020 nt
410 953 521 1022 nullus
556 973 699 1037 unquam
734 955 819 1024 hanc
853 955 1068 1022 institucionis
1093 957 1254 1040 paginam

126 1063 249 1130 audeat
272 1062 453 1146 infringere
478 1064 531 1130 vel
566 1081 648 1129 ausu
676 1063 847 1130 temerario
872 1065 1052 1146 conuaire5
1077 1063 1163 1146 quod
1196 1062 1254 1144 qui

125 1171 370 1257 presumpserit,
411 1171 495 1238 iram
528 1172 661 1254 Regiam
696 1189 768 1236 cum
800 1171 940 1236 omnium
982 1191 1087 1238 rernm
1119 1189 1250 1236 suarum

130 1278 305 1344 amissione
321 1287 488 1362 tamquam
504 1297 578 1344 rens
599 1281 667 1344 lese
690 1277 869 1346 Maiestatis
885 1278 1009 1361 absque
1025 1278 1252 1344 retractatione

124 1387 236 1468 aliqua
253 1405 289 1450 sc
305 1387 432 1452 noverit
449 1385 660 1452 incursurum.
678 1386 719 1452 Et
736 1395 769 1451 ut
786 1386 844 1452 hee
860 1407 881 1452 a
898 1389 990 1453 nobis
1003 1386 1092 1452 lacta
1108 1383 1251 1452 donacio

123 1493 222 1560 nullis
240 1513 383 1574 nnqnam
400 1493 602 1578 temporibus
618 1494 730 1560 valeat
754 1493 890 1586 aboleri,
907 1495 950 1560 ad
967 1513 1078 1578 preces
1096 1491 1250 1558 venebilis

124 1600 306 1668 Theobaldi
338 1609 415 1668 tnnc
446 1603 602 1685 temporis
636 1599 779 1667 eiusdem
805 1602 870 1668 leci
893 1601 1032 1668 Abbatis
1063 1605 1247 1686 presentem

125 1709 281 1793 paginam
298 1706 401 1790 sigilli
417 1707 517 1774 nostri
533 1709 717 1774 testimonio
742 1707 875 1775 fecimus
891 1708 1174 1792 insigniriDatnm
1191 1727 1248 1791 per

83 1801 84 1806 ἵ
127 1836 240 1882 manns
257 1814 381 1880 Thome
397 1815 550 1880 Albensis
566 1815 738 1898 prepositi,
756 1815 924 1899 Huogarie
941 1814 1144 1901 cancellarii,
1161 1834 1250 1879 anno

125 1924 165 1988 ab
195 1923 430 1988 Incannaoione
470 1922 599 1986 Domini
638 1917 821 1988 Mcoxffl.
858 1922 962 2004 Regni
1002 1929 1109 1988 autem
1145 1923 1250 1990 nostri

124 2052 206 2098 anno
221 2031 312 2098 VHL

214 2231 377 2288 (Tlralcsica
396 2229 520 2278 Monam.
541 2231 606 2279 hist.
625 2231 715 2294 Episc.
737 2231 931 2294 Zagrcbicnsis
950 2229 971 2275 I.
992 2230 1049 2278 ret.
1072 2229 1163 2288 321.)

660 3045 710 3112 tc.

132 3251 218 3316 Zicrri
242 3251 337 3314 Potes
359 3247 512 3312 *releuaret
544 3245 683 3328 dopcuek
714 3245 906 3322 tetamento,
938 3246 1020 3326 bopy
1047 3241 1264 3326 Fronpepa'w-

128 3359 222 3423 tonos
237 3358 345 3443 seqlui
360 3355 442 3441 prof
460 3349 606 3418 Vetenaze
623 3351 806 3438 irduycibctc
822 3345 1065 3414 turtozu'saiuulc
1076 3347 1171 3430 clepet
1180 3355 1241 3410 tett.

638 3459 735 3523 1213.

230 3657 264 3721 In
283 3655 412 3722 nomine
429 3649 550 3718 domini
568 3650 628 3715 Dei
645 3655 677 3714 et
693 3647 871 3715 salvatoris
887 3649 991 3713 nostri
1007 3647 1086 3714 lesu
1112 3645 1243 3712 (ihristi.

128 3763 215 3826 Anno
232 3761 359 3828 Domini
375 3757 548 3825 millesimo
574 3755 795 3822 ducentesimo
827 3755 925 3821 tercio
952 3753 1087 3839 decimo,
1121 3754 1244 3818 mensis

128 3869 231 3952 bladii,
246 3867 422 3936 indictione
437 3865 555 3950 prima,
570 3863 724 3930 Rivoalti.
766 3863 901 3928 Plenam
935 3867 966 3926 et
996 3860 1243 3934 irrevocabilem

129 3977 324 4044 securitatem
341 3974 479 4040 facimus
496 3991 555 4038 nos
574 3970 703 4054 quidem
720 3971 836 4035 Petrus
853 3967 947 4034 Ziani
963 3969 1025 4033 Dei
1054 3967 1160 4050 gratia
1184 3965 1244 4031 Vc-

128 4081 288 4170 netiarnm‚
306 4081 468 4148 Dalmatia
484 4087 581 4163 atque
599 4077 731 4143 Oroatia
748 4079 821 4142 Dux
838 4095 910 4142 cum
927 4073 1047 4139 nostris
1071 4073 1245 4138 heredibus

128 4180 669 4274 tibiuamquedohanniVeg'leusi
695 4182 812 4248 Comiti
840 4189 871 4246 et
901 4180 964 4246 tuis
997 4178 1172 4244 heredibus
1204 4177 1245 4242 de

129 4303 378 4381 quantocumque
393 4295 489 4361 nobis
505 4293 577 4359 dari
595 4291 761 4358 tenebaris
777 4290 810 4354 in
828 4307 914 4355 anno
939 4305 1042 4370 nuper
1067 4287 1243 4368 transacto,

126 4399 195 4470 tinia
209 4409 294 4472 cuins
312 4405 390 4470 anni
407 4401 467 4468 tuit
482 4402 601 4468 festum
620 4397 732 4464 Sancti
749 4397 919 4462 Michaelis
945 4411 1048 4478 nuper
1073 4390 1134 4456 snb
1160 4389 1241 4454 indi·

126 4507 225 4577 ctione
239 4511 353 4577 cadem
369 4507 569 4592 transgressi
588 4505 762 4586 millesimi,
778 4511 844 4571 tam
871 4522 928 4586 pro
959 4498 1087 4582 regalia
1118 4499 1250 4581 nostra„
