3078 5128
640 1011 716 1086 lte.

122 1208 161 1280 11.
175 1213 282 1282 Baedro
296 1213 406 1300 lrircily
420 1213 678 1302 telybeahopyjo
694 1235 776 1280 ason
784 1205 991 1298 fellttelsltet,
1005 1211 1126 1301 melpak
1149 1212 1235 1280 oluit

121 1346 157 1389 or
169 1326 352 1412 catepani
365 1322 523 1412 triptotum
537 1347 559 1389 u
566 1321 741 1410 foliosum,
767 1323 801 1386 eo
815 1345 831 1387 a
846 1321 938 1387 miott
952 1319 1079 1408 kirdlya‘
1091 1343 1234 1408 purum

38 1525 43 1532 .
113 1431 239 1520 sulpicio
252 1433 376 1500 moseo
390 1427 537 1498 subdote·
552 1430 722 1496 lamentat
738 1430 830 1496 iemtt
855 1427 1103 1516 eiamsoqudtu.
1134 1429 1233 1498 1233.

452 1629 480 1692 ll
588 1627 615 1694 Β
722 1625 749 1694 G
855 1625 886 1690 D

213 1733 362 1804 Andreas
386 1733 448 1799 Dei
472 1732 586 1818 granio
615 1733 686 1800 Rex
716 1731 885 1820 Hangarie
916 1733 1066 1804 omnibus
1097 1753 1232 1822 presens

118 1841 260 1932 seriptum
277 1841 472 1929 inepeotoris
487 1841 628 1910 salutem
644 1847 677 1912 et
692 1859 788 1908 omne
803 1843 934 1913 bonnm.
950 1840 1161 1929 Vniuersitatj
1178 1864 1233 1912 re-

117 1957 301 2018 rtrenotum
317 1949 387 2016 lieri
403 1949 561 2033 volumus,
587 1947 673 2031 quod
698 1965 771 2014 oum
801 1947 946 2034 hospites
976 1949 1166 2043 Teuthomoj
1197 1951 1232 2018 in

117 2057 188 2126 uilla
200 2055 364 2126 Zebehle'b
378 2060 617 2124 commorantes
634 2073 693 2140 pro
708 2074 758 2142 eo,
775 2055 863 2138 quod
879 2054 1000 2124 multas
1029 2057 1165 2126 iniurias
1195 2062 1230 2126 et

117 2165 250 2252 dampno
264 2162 407 2251 plurimo
422 2161 580 2232 frutribus
604 2160 753 2230 Eeolesie
777 2160 1009 2248 strigoniensis
1040 2148 1228 2248 intulerant,

116 2280 144 2340 el
156 2273 203 2341 eis
217 2271 353 2341 rebelles
369 2270 555 2357 extiterant,
572 2274 604 2336 et
618 2288 676 2354 per
691 2267 856 2339 Judiolum
872 2274 1027 2358 nostrum,
1043 2270 1127 2340 etde
1139 2290 1228 2340 mon·

115 2381 184 2450 dato
198 2383 308 2448 nostro
324 2377 461 2445 luissent
476 2377 605 2462 expulsi
620 2375 663 2443 de
679 2377 749 2445 iure
764 2383 797 2444 et
812 2377 906 2462 eleotj
932 2375 973 2445 de
998 2379 1082 2448 villo
1111 2401 1228 2468 preno-

114 2489 239 2575 minata,
255 2507 318 2573 que
334 2505 406 2554 uam
423 2487 573 2554 omnibus
589 2483 682 2554 siluis
700 2491 733 2554 et
748 2485 827 2572 aliJs
844 2486 1058 2575 pertineneijs
1084 2489 1153 2559 sois
1183 2490 1229 2560 ad

113 2595 208 2666 tiosos
224 2595 344 2665 fratres
360 2593 504 2668 nosoilur
519 2596 703 2681 pertinere;
727 2593 858 2662 tandem
891 2595 971 2664 dieti
1002 2595 1119 2666 stanes
1148 2599 1226 2685 motj

112 2703 327 2772 miserirordiae
341 2701 448 2772 dietus
464 2701 610 2790 hospites
626 2700 845 2772 Teothonioos
859 2711 1053 2791 reoeperant
1083 2704 1119 2774 in
1148 2705 1229 2775 silla

14 2837 15 2846 ¹
111 2819 288 2899 memorata,
303 2811 362 2878 tali
378 2809 567 2880 oondloione
582 2817 615 2879 et
631 2811 869 2896 composioione
883 2813 970 2880 inter
1002 2819 1111 2900 portes
1142 2815 1228 2884 ordi·

110 2926 181 2988 nsta
194 2925 227 2989 et
242 2921 371 2988 firmata
387 2945 395 2986 :
411 2919 628 3005 promiserunt
643 2917 722 2986 dieti
753 2918 945 2988 Teothonioi
974 2923 1109 3007 prestito
1140 2923 1226 2992 iura·

112 3032 221 3114 mento,
238 3025 326 3112 qnod
341 3045 400 3093 neo
424 3025 513 3096 faulo
542 3043 603 3094 neo
635 3024 771 3093 oonsilio
802 3025 935 3096 uenient
965 3031 1078 3096 eontra
1108 3027 1226 3100 iratres

14 3167 15 3222 p
108 3132 246 3204 masio
261 3141 459 3219 memorate;
483 3131 544 3200 sed
559 3131 591 3202 ei
605 3129 720 3200 fideles
752 3141 846 3202 erunt
876 3132 912 3200 in
942 3132 1109 3222 omnibus;
1132 3143 1166 3205 et
1195 3138 1225 3206 si

109 3239 174 3325 quis
189 3243 255 3310 ullo
271 3247 416 3328 temporo
432 3240 534 3310 uellet
547 3259 646 3328 snper
661 3236 751 3308 diota
766 3240 1102 3310 villaoontrndiotum
1113 3243 1226 3316 Euole-

14 3405 16 3410 χ
109 3347 181 3416 mam
196 3368 328 3418 mouere
343 3347 558 3434 questionem,
574 3346 639 3434 ipsi
669 3367 729 3432 pro
761 3365 859 3434 posse
889 3367 950 3416 suo
980 3348 1160 3418 Euolesiam
1191 3357 1226 3420 et

14 3539 15 3544 Ἰ
109 3453 286 3526 Oanonleos
301 3455 512 3526 adlambunt.
537 3455 581 3522 lit
596 3455 640 3523 ad
656 3455 716 3522 heo
731 3455 843 3524 omnia
859 3454 1066 3525 obseruando
1094 3478 1132 3526 se
1160 3461 1223 3529 snb

14 3565 15 3648 l
106 3565 156 3651 lalj
172 3584 258 3652 pena
273 3563 460 3648 obligarunt
475 3587 484 3629 ε
501 3561 634 3648 quodsi
666 3562 752 3632 heae
783 3563 1051 3651 oomposioionem
1083 3565 1223 3654 infrege-

14 3699 15 3730 z
106 3671 171 3759 rint,
187 3673 299 3742 omnia
313 3673 400 3740 bons
414 3669 559 3756 ipsorum
574 3675 643 3736 tam
659 3670 792 3739 mobilia
806 3690 903 3756 quam
934 3671 1125 3764 immobilia,
1155 3681 1221 3744 tam

106 3781 269 3863 presentia
284 3778 410 3847 scilieet
425 3797 522 3863 quam
538 3777 658 3864 future,
675 3777 719 3846 sd
735 3777 919 3848 Eoolesism
936 3780 1135 3867 sepedictam
1151 3784 1223 3856 sine

106 3886 208 3972 aliqua
222 3884 486 3956 eonlmdioeione
512 3891 544 3952 et
575 3883 772 3972 exeepoione
803 3884 1036 3974 deuoluuntu13
1063 3895 1096 3957 et
1129 3910 1224 3978 super

14 4007 15 4020 ¹
105 3993 159 4064 hoo
172 3995 259 4082 omnj
277 3993 465 4082 exoepoionj
483 3999 516 4061 et
541 4013 638 4080 omny
663 3993 726 4079 iurj
757 3995 996 4064 renuntiarunt.
1034 3999 1133 4068 Porro
1163 4019 1223 4088 pro

105 4121 288 4188 unoquoque
304 4107 414 4170 aratro
429 4101 559 4170 soluerat
574 4101 651 4187 diolj
680 4100 825 4188 hospites
852 4103 1021 4171 annuatim
1053 4105 1221 4176 dimidiam

103 4227 236 4277 meream
253 4207 392 4295 argenlj,
411 4213 442 4276 et
458 4207 593 4288 ouilibet
607 4215 717 4276 aratro
734 4209 858 4278 debent
887 4215 1015 4278 eentum
1048 4219 1080 4280 et
1110 4214 1222 4284 oeoom

103 4315 207 4402 ingero
222 4317 389 4402 assignari
405 4338 478 4385 oum
496 4316 610 4385 eadem
627 4307 793 4404 mensura,
807 4339 872 4402 qua
889 4319 1036 4407 proxima
1053 4321 1144 4409 villa,
1160 4323 1220 4392 soi-

103 4423 171 4492 lioet
184 4427 331 4512 Longen,
348 4424 431 4493 solet
446 4443 524 4492 suos
540 4444 636 4508 egros
654 4443 850 4494 mensurare.
889 4426 1026 4494 Fontem
1043 4427 1147 4496 eoism
1169 4434 1219 4500 nel

100 4533 230 4601 riuulum
245 4554 347 4602 eausa
363 4531 535 4601 habitandi
561 4533 614 4601 uel
643 4552 740 4615 agros
770 4531 896 4601 colendi
926 4554 990 4602 non
1022 4537 1215 4606 transibunt.

14 4687 15 4692 ,
101 4637 172 4710 item
186 4641 349 4730 prediotos
367 4639 549 4711 canonieus
575 4641 628 4709 uel
659 4661 769 4710 eorum
799 4649 1038 4730 procuratores,
1069 4645 1216 4731 qnooies·
