3120 5148
828 321 989 470 a

345 577 503 664 perpetuo
521 566 763 658 possidendam,
776 566 908 654 eiusque
923 565 1165 637 successoribus
1183 563 1296 634 eodem
1315 561 1460 635 modom·

344 679 561 768 linquendum.
585 676 650 746 Sed
666 676 818 762 quoniam
835 675 988 744 memorie
1002 675 1188 744 inimicatur
1203 675 1339 761 oblivio,
1355 675 1459 743 obliui-

343 791 415 857 ouis
431 787 516 856 enim
533 792 621 852 ortua
642 791 692 852 est
709 785 865 852 memorie
881 783 1041 868 desectus,
1056 783 1154 852 huius
1171 782 1275 852 nostri
1291 781 1371 850 facti
1387 784 1454 850 seri·

344 919 404 982 em,
421 917 462 963 ne
477 895 588 962 nubilo
605 892 777 961 oblivionis
794 892 939 979 deliteat,
956 891 1075 978 scripto
1094 891 1283 960 comendari
1298 891 1452 959 iussimus.

344 1005 389 1072 Ut
403 1011 512 1071 autem
527 999 651 1068 firmins
667 1002 765 1068 robur
782 1000 927 1068 obtineat
941 999 1041 1084 sigilli
1052 1002 1156 1068 nostri
1165 999 1368 1085 inpressione
1383 1019 1458 1066 oom-

345 1111 548 1179 munivimus.
565 1107 783 1194 Jobagionum
799 1128 875 1174 rero
886 1109 1025 1194 nomina,
1038 1107 1092 1192 qui
1110 1116 1186 1176 tunc
1200 1105 1348 1192 aderant,
1364 1101 1459 1175 ettes·

345 1220 514 1286 timonium
532 1217 634 1302 gestis
649 1217 770 1284 nostris
785 1215 967 1303 perhibent,
983 1216 1044 1282 heo
1059 1221 1153 1284 sunt:
1170 1215 1247 1300 Meg
1262 1213 1389 1298 Comes,
1406 1213 1454 1279 Ni-

345 1328 458 1394 colaus
476 1325 595 1410 Bauus,
612 1322 677 1390 Ata
694 1323 817 1402 Comes,
834 1323 993 1390 Martinus
1010 1325 1137 1411 Comes,
1152 1322 1229 1408 Isep
1246 1318 1371 1406 Comes,
1388 1321 1453 1388 Ore·

346 1430 534 1500 sentiemes
552 1433 699 1497 etceteri
723 1431 917 1514 complures.
942 1430 1106 1497 Prostaldi
1130 1450 1207 1497 vero
1232 1429 1307 1514 duo,
1331 1427 1456 1494 Velceta

347 1539 389 1607 de
405 1538 509 1607 Gerra
525 1546 558 1606 et
579 1537 781 1606 Wrodizlaus
798 1537 839 1606 de
856 1537 1029 1622 Zagrabia
1057 1539 1125 1608 Hoc
1143 1545 1252 1606 autem
1276 1537 1397 1604 factum
1413 1539 1455 1600 est

347 1669 433 1715 anuo
448 1647 618 1714 Dominiee
634 1646 891 1714 lucarnacionis.
909 1645 1003 1714 MCC.
1019 1649 1140 1714 Datum
1153 1663 1337 1732 parmenus
1352 1641 1458 1712 Jacobi

351 1753 521 1842 Propositi,
539 1753 685 1841 Magistri
702 1752 847 1822 eiusdem
863 1756 965 1822 Ducis
981 1761 1013 1822 et
1028 1753 1236 1824 (lancellarii.

439 1953 603 2018 (Tkelcsice,
621 1955 744 2008 Menum.
764 1954 831 2004 hist.
851 1954 941 2018 Epist.
962 1954 1157 2020 Zagrabieusis
1185 1954 1206 2004 I.
1227 1955 1287 2006 ket.
1308 1959 1332 2006 9.
1353 1957 1382 2020 l.)

776 2241 1042 2252 -—-—-.-..——

884 2782 936 2848 49.
1018 2844 1021 2850 .

351 2981 461 3050 Eadre
488 2985 673 3071 berozcyaele
688 2982 802 3050 Jeroso
817 2982 955 3048 dictabat
972 2981 1126 3068 tdrppaao'
1142 2981 1323 3066 adomdapa
1343 2980 1467 3060 Barca,

532 3115 553 3156 a
569 3090 705 3177 adpo-adl
719 3094 838 3176 eppheta
854 3090 996 3175 deludaja
1013 3092 1173 3155 ιιάιιιάνα.
1192 3087 1289 3156 1200.

443 3290 479 3354 In
491 3289 620 3356 nomine
631 3287 751 3356 Sancte
761 3285 930 3354 Trinitatis
943 3292 975 3354 et
986 3281 1155 3354 individue
1165 3286 1317 3354 Unitatis.
1326 3283 1470 3352 Andreas

349 3399 412 3465 Dei
429 3397 541 3482 gracia
557 3394 735 3480 Dalmacie,
748 3394 914 3479 Chroacie,
925 3393 1125 3478 chalmequo
1141 3393 1215 3460 Dux
1226 3393 1259 3460 in
1277 3401 1472 3480 perpetuum.

348 3507 497 3572 Prudens
513 3509 657 3570 veterum
668 3502 844 3570 auctoritas
856 3502 1020 3569 versucias
1041 3520 1219 3587 precavens
1236 3508 1269 3568 et
1284 3503 1352 3571 suis
1368 3501 1403 3569 in
1420 3521 1471 3588 po·

349 3620 468 3680 staram
491 3617 586 3678 caute
610 3609 794 3697 providens,
834 3611 867 3676 iu
884 3611 1027 3696 Regibus
1050 3631 1089 3678 ac
1121 3609 1303 3694 magnificis
1328 3611 1471 3678 Ducibus

348 3717 466 3801 dignas
481 3715 708 3785 beneficiorum
719 3717 925 3806 largitiones,
938 3737 1020 3803 quas
1032 3718 1099 3785 sais
1110 3717 1266 3804 impertiti
1277 3726 1352 3785 sunt
1369 3719 1468 3785 fideli·

350 3829 420 3912 bus,
433 3822 580 3892 laudibus
590 3825 746 3894 extollens
758 3825 862 3894 lacius
873 3826 1119 3894 commendarit.
1130 3826 1295 3910 Comperit
1304 3827 1390 3893 enirn
1400 3823 1473 3892 fide-

350 3937 475 4001 litatem
489 3951 556 3997 rem
567 3951 639 3999 esse
650 3933 840 4018 preciosam,
853 3933 913 4002 sed
923 3933 1092 4002 fidelitatis
1104 3933 1387 4020 perseveranciam
1407 3953 1473 4017 pre·

351 4041 519 4108 oiosiorem
537 4041 765 4127 comprobarit,
792 4044 975 4126 ceterisque
991 4041 1164 4109 virtutibus
1182 4062 1254 4110 eam
1268 4041 1471 4126 precmluere

343 4133 564 4236 prospectans
581 4150 712 4234 dignam
737 4151 947 4219 eminenciori
964 4151 1090 4218 censuit
1115 4151 1386 4218 remuneracione.
1404 4149 1471 4216 Nos

351 4258 633 4343 igiturareterum
644 4257 791 4343 vestigiis
807 4279 872 4327 non
890 4259 1143 4346 exhorbitantes‚
1160 4258 1220 4325 sed
1236 4259 1352 4342 pocius
1369 4277 1427 4326 eos
1444 4257 1475 4322 in

352 4366 501 4434 omnibus
524 4366 691 4432 imitantes
716 4367 846 4432 servicii
870 4365 1072 4453 fidelitatem,
1091 4386 1188 4448 quam
1211 4364 1306 4432 nobis
1324 4365 1476 4432 Baranus

351 4473 581 4561 Zagrabiensis
606 4475 758 4542 Decanus
783 4472 936 4558 exhibuit,
962 4474 1136 4559 benignius
1160 4471 1370 4561 attendimus,
1389 4480 1422 4540 et
1438 4473 1471 4538 in

350 4585 689 4666 recompensacionem
706 4583 851 4651 eiusdem
877 4584 1006 4652 servicii
1023 4590 1144 4650 terram
1161 4581 1190 4648 ei
1207 4581 1357 4650 dedimus
1372 4581 1473 4650 certis

352 4690 573 4774 conterminiis
583 4698 615 4758 ot
624 4691 720 4760 metis
733 4693 976 4779 circumdatam,
988 4693 1059 4762 iure
1069 4695 1225 4778 perpetuo
1236 4689 1479 4778 possidendam,
