3080 5146
317 1201 463 1270 'flriratdn
478 1219 500 1263 α
524 1195 649 1284 kirdlyi
678 1193 830 1264 hirn'okolr
859 1192 1036 1262 comeant
1066 1213 1125 1280 epp
1154 1193 1319 1280 Repo-bun
1339 1191 1432 1280 feroit

313 1309 505 1408 birtokre'ozt
520 1307 677 1394 torpyaao
692 1303 873 1390 udontdnyo
890 1301 1012 1388 appan,
1043 1298 1269 1369 Solumooauk
1292 1304 1341 1388 fin
1368 1309 1434 1372 rad·

765 1415 868 1477 metra.
892 1412 991 1476 1255.

423 1612 492 1680 Noa
515 1609 688 1678 Tristanua
714 1606 828 1676 Oomea
860 1605 1052 1676 Procouum-
1071 1602 1194 1673 domini
1224 1605 1323 1692 Regia
1354 1605 1435 1675 filiun

312 1719 425 1789 Buzad
440 1717 533 1802 Bani,
551 1716 773 1802 signitioamua
788 1713 938 1782 omnibus
954 1721 1019 1781 tam
1037 1714 1241 1800 presentibus
1253 1733 1347 1799 quant
1357 1713 1436 1782 iutu-

314 1823 625 1910 rir,qu0dr1grdiur
642 1823 727 1891 filins
744 1821 931 1890 Salomonis
947 1843 969 1889 a
999 1820 1145 1907 puericia
1175 1821 1270 1890 nobis
1301 1821 1437 1890 fideliter

314 1931 449 2004 aoruiuit
465 1931 499 1998 in
516 1931 666 1998 omuibus
682 1930 801 1999 noatria
818 1929 929 1998 arduis
945 1929 1105 2018 nagooiJr‚
1122 1929 1263 1998 maxime
1279 1937 1385 1998 autam
1401 1931 1435 1997 iu

315 2041 550 2127 personuoione
564 2039 783 2126 renatorum,
815 2037 893 2104 kurn
909 2057 1021 2106 omues
1036 2037 1170 2122 cognati
1200 2045 1234 2104 at
1263 2037 1437 2106 seruientue

314 2167 374 2216 noa
390 2148 650 2234 dereliquernut3
677 2145 808 2230 qnando
824 2151 919 2230 pater
933 2143 1033 2212 filium
1050 2151 1083 2211 et
1097 2144 1184 2212 filiun
1201 2151 1328 2232 patreru
1352 2145 1440 2214 dere·

317 2255 519 2342 linquebant,
552 2255 623 2340 ipae
637 2253 805 2323 nobiseum
821 2271 893 2320 oum
909 2271 1030 2336 magna
1045 2250 1204 2320 fidelitate
1234 2273 1437 2339 permanens.

315 2365 359 2432 Et
373 2364 525 2449 quoniam
541 2362 663 2449 pluries
680 2382 738 2449 pro
755 2359 851 2429 nobie
867 2365 965 2447 eaput
980 2379 1074 2428 suurn
1085 2379 1209 2446 ponens
1219 2361 1252 2427 in
1264 2361 1439 2448 pericnlum

315 2469 441 2553 mortia,
466 2469 609 2536 maximo
625 2475 701 2538 tuno
718 2467 848 2553 quando
864 2469 934 2536 Rex
949 2473 1026 2537 ante
1042 2467 1199 2535 Tartaron
1214 2465 1258 2536 ad
1274 2488 1365 2536 mare
1396 2471 1440 2538 iu·

315 2577 382 2660 git;
406 2573 452 2640 ibi
469 2575 571 2642 eniam
588 2575 756 2644 nobiseum
772 2577 806 2642 in
824 2595 944 2660 magna
961 2573 1115 2644 fidelitate
1146 2595 1352 2664 permane-nn,
1383 2597 1440 2644 nor

316 2689 349 2754 at
364 2683 448 2750 filioa
464 2687 593 2752 uoatron
609 2704 630 2751 a
644 2682 789 2769 perieulo
806 2683 921 2751 mortia
930 2682 1096 2752 liberauit.
1108 2680 1313 2772 Quapropter
1324 2685 1441 2755 intuitu

319 2809 428 2856 eorum
446 2791 632 2859 meritorum
649 2804 681 2860 et
696 2790 839 2858 fidelium
856 2790 1078 2876 seruitiorum,
1103 2791 1145 2858 de
1159 2797 1246 2860 terra
1260 2799 1376 2861 noatra
1390 2793 1441 2860 he·

320 2895 476 2965 redituria
491 2897 524 2962 iu
540 2899 639 2985 Royn,
663 2906 772 2966 tamen
789 2898 831 2966 ab
847 2897 998 2964 omuibus
1012 2896 1168 2966 iratribus
1185 2898 1305 2968 nostris
1336 2920 1441 2968 exom-

320 3011 398 3092 tam,
431 3025 472 3073 ex
489 3007 654 3076 uoluntate
670 3013 782 3074 nostra
798 3010 831 3072 et
847 3005 989 3072 omnium
1006 3004 1147 3074 filiorum
1172 3014 1358 3075 nostrorum
1383 3013 1440 3076 tar·

317 3133 387 3178 ram
406 3112 501 3180 unina
517 3115 619 3182 aratri
636 3113 740 3181 eidem
758 3112 953 3181 contulimus
969 3113 1062 3180 iuxta
1078 3120 1193 3200 metae,
1208 3131 1272 3197 que
1287 3121 1441 3202 reparant

315 3227 434 3287 terram
449 3223 539 3310 Royo
554 3219 594 3288 de
620 3219 728 3307 Gelae,
758 3227 915 3309 perpetuo
946 3217 1187 3305 possidendam.
1228 3220 1328 3290 (iuius
1359 3230 1441 3290 terre

301 3335 404 3400 ¹meta
420 3328 531 3414 incipit
547 3349 569 3394 a
595 3329 754 3414 chennor,
785 3335 817 3396 et
832 3327 933 3396 eurrit
948 3329 990 3395 ad
1007 3329 1166 3396 orientem
1181 3327 1216 3395 in
1240 3328 1441 3414 longitudino

317 3434 409 3502 iuxta
427 3441 530 3504 metas
548 3435 634 3504 diota
651 3436 757 3520 Gelae,
790 3435 896 3503 donee
912 3435 1022 3504 ueniat
1053 3437 1096 3502 ad
1129 3441 1234 3504 metas
1264 3437 1442 3524 Kereohen‚

315 3548 426 3610 tamen
444 3541 520 3610 fune
539 3547 768 3611 mensuratam.
808 3543 858 3610 Ne
874 3539 1013 3610 douaoio
1030 3547 1141 3610 nostra
1157 3543 1190 3610 in
1205 3549 1372 3629 posterum
1387 3563 1441 3612 neo

314 3668 373 3733 per
388 3671 456 3735 nos,
486 3669 546 3718 neo
563 3669 620 3734 per
636 3649 753 3716 fratrea
770 3656 908 3734 nostros,
943 3655 1000 3716 aut
1015 3649 1151 3718 heredes
1180 3659 1322 3736 nostros,
1354 3651 1440 3718 here-

316 3751 488 3844 dum(qne)
505 3775 719 3841 aunoennores,
736 3777 757 3824 a
774 3757 861 3824 dioto
878 3755 1006 3842 egidio,
1036 3761 1093 3824 aut
1108 3759 1150 3824 ab
1166 3757 1342 3826 heredibus
1368 3757 1440 3842 auio,

316 3861 538 3947 heredumque
554 3865 796 3932 suecessoribus
814 3863 917 3950 possit
932 3865 1101 3946 rouonari;
1125 3883 1224 3950 nuper
1240 3861 1300 3932 hoe
1315 3872 1440 3935 nostran

320 3971 446 4038 litteras
462 3972 680 4040 oonoesaimua
697 3971 798 4058 sigilli
815 3973 918 4038 nostri
937 3971 1114 4041 munimine
1131 3969 1343 4062 robora(ta)r.
1378 3975 1438 4041 Da·

315 4088 383 4149 tum
399 4099 486 4162 anno
503 4079 621 4147 Granio
636 4081 685 4148 Μῦ
702 4079 924 4148 ducentesimo
942 4079 1031 4148 LV0.

316 4279 404 4341 (Euan
422 4277 538 4329 trdekea
557 4277 737 4344 okmatnyualr
758 4281 887 4344 eredetie,
907 4279 1028 4346 melyrol
1046 4294 1063 4331 a
1083 4277 1198 4332 »Oomea
1226 4281 1374 4333 Trirtauua
1400 4291 1441 4329 rna

316 4366 480 4420 miniter-fele
499 4371 642 4420 nevazetee
661 4369 757 4434 panset
775 4369 1008 4434 hartyazrinegen
1027 4370 1105 4436 iirgg,
1127 4385 1145 4420 a
1164 4370 1252 4422 budai
1270 4371 1323 4422 kir.
1350 4371 1440 4422 kama-

318 4459 361 4510 rai
379 4457 562 4510 laveltrtrbau.
584 4459 640 4510 Sok
659 4459 773 4510 hibaval
792 4459 896 4509 kiadva
915 4457 1043 4523 Fejarnel
1062 4459 1129 4511 (iod.
1148 4460 1223 4524 Dipl.
1244 4461 1292 4512 1v.
1312 4460 1372 4512 ket
1383 4465 1406 4510 a.
1419 4471 1439 4507 r.

319 4553 378 4599 ³5⁷.
399 4549 437 4612 1.;
455 4563 472 4600 a
490 4549 613 4616 pooeetet
632 4548 692 4599 laad
711 4549 831 4612 Praynal
845 4565 851 4598 z
866 4547 944 4612 synt.
963 4547 1029 4599 hist„
1050 4549 1083 4599 de
1103 4549 1212 4617 Sigillia
1224 4551 1247 4602 Ι.
1261 4550 1341 4605 table
1355 4557 1378 4604 2.
1391 4549 1437 4610 az.)

746 4725 1011 4740 m-
