3164 5154
550 313 708 410 *co-

66 503 254 570 nunciamus
270 503 479 587 relinquimus
514 517 547 571 et
578 507 817 591 committimus,
851 507 1047 574 authoritate
1075 513 1208 572 nostra.

59 611 222 692 judicaria
241 617 276 676 et
285 611 424 696 justicia
438 611 602 680 mediante
618 614 679 680 ιιι.
702 613 826 680 Datum
843 613 933 681 Budc
949 614 1097 699 predicta
1113 631 1190 694 qua-

65 715 252 801 dragesima
269 725 367 786 sexta
383 717 435 786 dic
450 725 639 787 octauarum
657 719 733 787 sesti
759 720 854 789 Beati
880 719 1011 805 Georgii
1045 721 1190 787 martiris

66 827 285 910 predictarum
305 847 392 893 anno
408 826 539 893 Domini
557 826 731 896 millesimo
748 820 1069 911 quadringentesimo
1093 846 1195 894 nona-

65 936 184 1018 gesimo
201 943 311 1002 sexto.

66 1151 147 1208 (Ezeu
165 1151 409 1216 jogtdrtenetileg
428 1151 629 1217 iofcntodsagtr
648 1151 771 1214 okmdny
789 1151 923 1216 credetije
943 1150 1124 1214 bomartyan,
1145 1153 1202 1199 vd·-

68 1239 289 1305 rds·zdld·sdrga
304 1241 543 1304 selyemzsindron
563 1240 652 1305 idggd
670 1241 767 1303 peccet
795 1241 876 1303 alatt,
906 1241 1039 1294 driztetik
1066 1239 1193 1304 Poasony

67 1343 101 1378 sz.
121 1329 146 1377 k.
165 1329 251 1379 uaros
269 1329 474 1380 leueltarabau.
488 1359 491 1366 ·
503 1328 635 1393 Fejernei
654 1330 749 1380 anuak
768 1331 834 1383 csek
863 1329 946 1380 rdvid
974 1329 1197 1394 megemlitdsdre

300 1417 432 1467 talalnnk
451 1417 517 1466 (iod.
537 1415 613 1479 Dipi.
633 1415 695 1468 VII.
715 1418 742 1466 k.
765 1423 787 1466 1.
801 1433 823 1467 r.
847 1422 904 1467 107.
926 1420 955 1480 ι.)

615 2273 645 2338 3.

74 2464 168 2530 Sioda
184 2466 284 2530 Pater
299 2473 442 2552 rayozcc'
458 2469 557 2534 Prior
586 2474 617 2536 c'e
643 2470 779 2554 Roqcza
808 2476 903 2537 cocos
937 2471 1069 2553 kdzoc'qc,
1101 2469 1193 2534 Szent

72 2571 186 2636 Kouma
204 2575 236 2637 da
251 2573 400 2640 Damidn
415 2578 570 2662 helyodyet
585 2579 645 2642 odo
671 2577 865 2643 hacorozzut
889 2603 910 2643 o
935 2565 1119 2643 Locromoi'
1130 2597 1193 2639 mo·

476 2685 667 2790 dioscoritas
683 2687 778 2751 1044.

171 2873 215 2940 Iu
232 2877 363 2945 nomine
378 2875 497 2946 Sancte
512 2885 545 2944 ct
560 2877 663 2946 Unice
680 2879 859 2966 Trinitatis.
884 2881 1062 2948 Undecimo
1089 2879 1193 2946 calen-

72 2979 125 3049 dae
139 2982 252 3051 Martii
268 2983 347 3050 luua
363 2983 405 3049 Π.
423 2983 600 3052 indictione
616 2987 689 3053 XII.
707 2985 913 3073 Con(sulatu)
924 2987 998 3053 1111.
1012 3011 1020 3072 ;
1043 2987 1193 3072 tempori-

73 3091 126 3155 bns
139 3091 286 3174 piissimi
313 3093 460 3179 Augusti,
487 3094 699 3161 Constantino
731 3095 854 3161 scilicet
885 3091 1095 3160 Mouomaoho
1127 3113 1193 3159 una

71 3216 136 3262 cum
153 3198 292 3267 domina
308 3199 481 3268 Theodora
496 3200 645 3287 piissima
659 3203 829 3286 Augusta3
855 3201 944 3287 apud
960 3217 1018 3266 nos
1035 3220 1112 3267 vcro
1140 3200 1193 3266 de·

70 3312 161 3385 gente
176 3305 302 3372 Vitatis
318 3306 515 3394 Episcopue;
539 3307 632 3374 Prior
648 3327 775 3392 quoque
801 3309 916 3376 Petrus
948 3306 1193 3390 cognominatus
1210 3357 1212 3362 ,

71 3408 176 3479 Siaba.
199 3413 275 3497 Ego
293 3411 431 3497 denique
446 3415 561 3481 Petrus
578 3415 725 3500 prefatus
739 3417 830 3482 Prior
845 3436 915 3483 cum
933 3433 1044 3482 omnes
1069 3413 1210 3498 pariter·

70 3518 188 3587 nobiles
206 3527 240 3586 et
258 3519 418 3601 ignobiles
444 3519 520 3608 mei,
551 3526 617 3587 tum
649 3541 744 3590 senes
770 3523 910 3607 juvenes
941 3519 1187 3605 adolescentuli,

68 3643 159 3705 quam
177 3625 281 3692 etiam
297 3627 401 3712 pueri,
416 3625 628 3695 securitatem
644 3627 775 3712 quidem
791 3628 914 3697 firmam
931 3636 1030 3714 atque
1045 3629 1192 3698 inclitam

68 3729 203 3801 iacimus
220 3733 298 3800 huic
313 3731 493 3802 Monachus
509 3731 671 3803 Presbiter
687 3736 884 3820 Dominicus,
903 3745 968 3806 tam
985 3738 1014 3803 ci
1032 3757 1129 3822 quam
1159 3741 1192 3804 et

70 3859 176 3910 omues
193 3847 350 3928 parentes
367 3842 447 3929 eius,
463 3841 550 3925 quod
566 3843 629 3908 huc
644 3843 689 3910 sit
704 3849 737 3910 ct
753 3842 931 3928 oriturque
956 3844 989 3910 in
1014 3844 1109 3914 finem
1141 3864 1194 3912 ec·

69 3949 137 4014 culi.
162 3950 219 4016 Ex
236 3968 274 4018 eo
290 3947 398 4034 igitur,
429 3949 819 4034 qualiter-antecessores
851 3951 956 4020 nostri
987 3952 1131 4019 tulerunt
1162 3953 1194 4017 ei
1265 4011 1269 4019 .
1342 3981 1346 3990 ·

70 4074 121 4138 per
137 4058 207 4123 vim
225 4055 442 4126 hereditatem
458 4057 571 4126 Sancti
587 4055 703 4126 Cosmc
718 4065 751 4124 et
765 4059 917 4127 Damiaui
944 4078 1015 4126 cum
1032 4059 1191 4144 domibus,

70 4183 125 4244 que
141 4171 223 4231 sunt
239 4162 326 4231 circa
342 4183 428 4251 cam,
444 4183 509 4248 que
525 4164 688 4250 quondam
704 4173 852 4234 emerant
866 4173 1018 4251 parentes
1051 4166 1120 4236 eius
1153 4185 1193 4230 ex

69 4271 207 4352 quodam
224 4269 276 4338 vir
291 4273 422 4340 nomine
437 4271 610 4340 Balsamus
625 4271 659 4338 in
675 4277 803 4339 centum
819 4279 852 4341 et
867 4273 977 4340 decem
994 4273 1129 4356 solidis;
1163 4280 1195 4339 et

70 4377 224 4446 miserunt
250 4377 324 4447 cum
341 4399 397 4464 pcr
415 4377 587 4465 pecuniam
603 4379 778 4448 (trecorum
804 4381 839 4446 iu
863 4379 1004 4466 puplico,
1037 4389 1072 4449 ut
1102 4381 1206 4448 fieret.

70 4489 265 4571 pretorium
289 4487 364 4574 plus
380 4488 491 4556 miseri
516 4488 727 4556 observantes
758 4484 866 4557 eorum
898 4488 1063 4576 mandata
1094 4505 1209 4572 quam„

69 4595 194 4664 Domini
210 4603 372 4683 precepta,
388 4597 443 4682 qui
460 4594 539 4663 dicit
555 4621 562 4661 ι
582 4596 723 4666 »Domus
740 4618 814 4664 mea
830 4597 943 4666 domus
959 4595 1113 4670 orationis
1129 4615 1184 4664 uo·
