3078 5128
883 261 1044 380 224⁶..

398 475 575 543 comitatus
593 475 729 562 predicti
748 481 879 560 regatur
890 475 1000 542 taliter
1011 496 1069 560 per
1085 496 1153 562 uos,
1173 477 1257 560 quod
1277 497 1361 542 nnus
1378 483 1525 544 nostrum

395 589 489 668 regat
505 582 717 650 Civitatemn
748 580 903 648 kalendis
920 581 1041 648 mensis
1064 581 1214 648 leonorii
1247 581 1397 668 proxime
1425 602 1529 664 usqne

396 691 439 758 sd
470 691 587 758 festum
619 691 812 759 Sanctorum
844 692 1074 778 Apostolorum
1105 691 1193 760 Petri
1226 698 1258 757 et
1288 691 1386 758 Pauli
1427 691 1530 776 primo

400 805 588 880 venturum3
629 807 660 865 et
690 799 775 865 elius
817 800 962 884 castella,
994 797 1148 866 videlicet
1178 799 1328 866 (lustrum
1371 798 1529 880 liuscnm,

402 907 591 994 Dobregnu‚
617 907 829 974 Verbcnicom
848 913 881 973 et
896 907 1017 993 Bcsce3
1042 913 1074 974 et
1090 908 1208 974 tercius
1224 906 1364 974 insulam
1380 903 1528 970 Parvilri.

400 1015 441 1082 Et
471 1017 526 1101 qui
557 1015 677 1082 rexerit
708 1016 847 1082 insulam
877 1015 1022 1100 Perriki,
1055 1023 1149 1100 reget
1182 1015 1365 1082 Civitatem.
1397 1013 1444 1078 Et
1475 1013 1533 1076 hoc

399 1133 567 1192 teneamur
599 1125 772 1192 observare
804 1143 908 1207 usqne
939 1121 981 1188 sd
998 1141 1056 1190 sex
1071 1140 1187 1210 onnes,
1206 1131 1239 1189 et
1264 1129 1356 1189 tento
1387 1121 1531 1204 amplius

397 1240 554 1317 quantum
571 1233 784 1301 communiter
800 1231 975 1298 concordes
1006 1233 1137 1318 erimus,
1168 1239 1301 1298 servato
1334 1229 1437 1296 medii
1454 1227 1532 1294 anni

396 1341 590 1408 mutacionis
607 1339 648 1408 de
666 1343 735 1410 loco
752 1341 795 1406 ad
810 1340 914 1406 locum
941 1339 1057 1406 ordine
1073 1343 1303 1426 suprascripto.
1322 1339 1359 1406 Si
1375 1358 1456 1406 vero
1478 1336 1533 1402 ali·

398 1449 470 1531 quis
486 1453 630 1516 nostrum
647 1449 786 1516 abscens
802 1448 900 1514 luerit
916 1447 967 1514 vel
984 1447 1169 1531 egritudine
1185 1455 1241 1514 eut
1258 1446 1372 1531 aliquo
1390 1446 1529 1530 negocio

399 1556 595 1642 prepeditus,
628 1557 715 1640 quod
741 1559 774 1622 in
806 1561 927 1622 statuto
959 1558 1096 1622 termino
1129 1557 1273 1638 regimen
1294 1553 1444 1621 civitatis
1476 1554 1528 1618 vel

398 1664 604 1730 castellorum
622 1671 677 1730 cut
702 1664 808 1730 insule
840 1663 982 1746 Parriki,
1017 1671 1052 1729 ut
1082 1663 1203 1729 dictum
1236 1669 1295 1750 est,
1327 1681 1445 1745 regere
1470 1682 1533 1726 non

400 1772 511 1856 possit,
528 1772 624 1837 liceat
640 1771 670 1838 ei
686 1773 739 1837 vel
751 1772 798 1836 eis
834 1771 938 1837 ricem
971 1791 1063 1837 sunm
1079 1768 1268 1836 commitere
1283 1770 1390 1856 uxori,
1413 1769 1531 1848 sorori,

392 1878 463 1966 ,filio
495 1879 547 1946 vel
580 1877 666 1964 filiis,
696 1877 762 1944 filie
792 1877 843 1943 vel
876 1877 1009 1962 filiabus,
1041 1875 1142 1962 fratri,
1173 1879 1296 1963 nepoti,
1313 1896 1438 1959 genero
1456 1876 1527 1940 sive

396 1986 638 2070 consanguineo
663 2007 819 2070 germano
836 1987 917 2054 suis.
937 1985 1081 2064 Quilibet
1097 1993 1204 2052 eutem
1223 1987 1377 2070 regimen,
1396 1985 1454 2070 qui
1473 1985 1533 2051 erit

397 2097 431 2162 in
447 2094 543 2161 dictis
560 2095 785 2182 regiminibus,
802 2100 926 2162 tenetur
943 2101 974 2161 ct
989 2093 1098 2160 fucere
1122 2093 1219 2161 debet
1242 2093 1391 2162 iusticias
1415 2099 1452 2160 ct
1485 2114 1533 2158 rs·

396 2205 504 2270 ciones
521 2204 562 2269 de
587 2203 773 2269 bominibus
799 2203 902 2288 ipsius
934 2209 1020 2269 terre
1050 2201 1230 2270 secundum
1255 2199 1531 2268 consuetudinem

396 2311 539 2377 eiusdem
572 2316 702 2376 servato
733 2308 830 2375 modo
862 2315 895 2374 et
925 2307 1040 2376 ordine
1070 2308 1296 2394 concessionis,
1312 2309 1465 2394 exceptis
1493 2308 1533 2372 de

396 2417 577 2485 hominibus
593 2425 702 2483 nostre
732 2415 856 2484 familie
886 2425 920 2482 et
934 2416 1008 2502 hiis,
1041 2417 1098 2498 qui
1114 2424 1225 2483 nostro
1242 2418 1378 2482 utuntur
1396 2437 1485 2502 pane
1502 2424 1533 2481 et

396 2529 484 2614 vino,
502 2526 558 2610 qui
574 2545 685 2592 omnes
702 2525 844 2591 debeant
875 2525 1014 2592 iudicari
1045 2545 1104 2608 per
1120 2532 1187 2592 tres
1204 2524 1247 2592 ed
1271 2526 1334 2592 hoc
1358 2525 1533 2592 ordinatos

395 2653 455 2720 per
469 2654 539 2721 nos,
558 2655 694 2720 quorum
711 2634 810 2700 ctiam
827 2653 926 2700 unum
953 2633 1091 2718 quilibet
1105 2639 1252 2699 nostrum
1274 2653 1333 2718 per
1349 2652 1388 2700 se
1406 2633 1533 2717 eligere

396 2739 524 2824 debent,
557 2749 589 2807 et
621 2741 790 2808 sentencie
820 2761 919 2826 super
949 2741 1117 2825 premissis
1133 2761 1191 2828 per
1223 2760 1280 2809 eos
1312 2740 1391 2806 lerri
1408 2741 1531 2808 debent

394 2848 569 2914 secundum
596 2849 862 2916 consuetudinem
881 2849 1025 2917 eiusdem
1044 2859 1130 2916 terre
1155 2871 1193 2918 eo
1211 2848 1347 2931 comite,
1375 2849 1435 2932 qui
1453 2855 1533 2916 tunc

396 2956 458 3022 erit
472 2955 594 3024 ibidem
610 2957 644 3023 in
670 2957 829 3040 regimine
861 2977 1009 3042 presens,
1038 2960 1097 3025 snb
1123 2959 1212 3026 cuius
1241 2957 1399 3041 regimine
1415 2956 1533 3041 ipsum

397 3063 590 3131 maleficium
607 3063 705 3131 luerit
722 3073 950 3150 perpetratum.
966 3065 1154 3132 Electiones
1171 3085 1299 3149 quoque
1324 3083 1439 3132 omnes
1458 3065 1530 3131 sive

396 3172 566 3259 electuros,
585 3193 666 3255 quas
700 3172 872 3238 fecerimus
889 3173 1027 3240 indicto
1054 3173 1229 3258 ComitatuJ
1245 3173 1386 3240 fideliter
1404 3179 1440 3238 et
1456 3175 1531 3240 sine

392 3279 507 3348 fraude
522 3279 689 3364 faciemus,
707 3299 771 3346 non
788 3281 927 3346 ornicum
942 3281 985 3345 od
1002 3279 1062 3347 hoc
1079 3280 1277 3368 adiuvando,
1289 3280 1340 3348 vel
1357 3280 1529 3347 inimicum

393 3391 435 3456 ob
465 3388 527 3456 hoc
556 3383 759 3471 offendendo,
783 3387 840 3454 scd
871 3387 1066 3473 aspicientes
1082 3396 1207 3456 tuntum
1238 3387 1407 3456 comodum
1424 3397 1531 3474 atquc

394 3498 511 3563 bonrum
523 3503 554 3561 ct
564 3493 741 3580 proiectum
753 3495 856 3580 ipsius
867 3495 1054 3564 comitatus.
1065 3495 1185 3565 Omnes
1196 3504 1305 3564 entem
1317 3495 1443 3564 reditus
1455 3502 1530 3566 sire

392 3611 668 3689 proventus,qu0s
683 3621 723 3668 ex
738 3603 810 3689 ipso
827 3603 984 3670 Comitntu
997 3605 1151 3672 hebemus
1162 3613 1194 3674 et
1204 3605 1530 3691 habebimusperci·

392 3713 497 3796 pimus
509 3718 541 3777 et
552 3711 776 3798 percipiemus,
794 3711 944 3796 legaliter
953 3721 985 3780 et
994 3713 1133 3782 fideliter
1144 3715 1216 3782 sine
1226 3713 1342 3780 frende
1358 3713 1448 3781 inter
1469 3737 1530 3782 nos

394 3819 574 3886 comuniter
598 3817 780 3885 dividemus
799 3827 831 3886 ct
856 3820 1047 3906 perciemur.
1074 3821 1110 3887 Si
1136 3842 1212 3888 vero
1228 3821 1348 3904 aliquis
1373 3828 1529 3890 nostrum

393 3925 612 3994 intromissum
644 3927 743 3994 habet
774 3927 825 3994 vel
859 3929 976 3996 retinet
1010 3929 1051 3997 de
1083 3929 1176 3996 bonis
1207 3936 1239 3995 ct
1269 3929 1389 3996 babere
1423 3939 1529 4017 etque

393 4034 645 4119 proprietatibus
655 4041 811 4104 terrarum
823 4045 855 4104 et
871 4057 1019 4104 cesarum
1031 4038 1164 4105 aliorum
1182 4045 1365 4105 nostrorum
1382 4037 1527 4108 duorum

391 4141 567 4226 volusius,
600 4143 737 4210 reddere
754 4153 787 4210 et
816 4145 988 4230 assignare
1017 4145 1064 4212 eis
1080 4145 1132 4212 vel
1163 4145 1193 4212 ei
1218 4144 1424 4230 integraliter
1451 4150 1530 4214 sine

395 4248 509 4315 fraude
528 4251 690 4335 usquead
721 4250 861 4319 medium
896 4273 1017 4320 annum
1033 4253 1159 4340 debeat,
1175 4259 1208 4320 ct
1235 4250 1277 4320 de
1292 4259 1400 4322 cetero
1426 4273 1528 4323 nemo

392 4364 536 4424 nostrum
562 4379 622 4425 uec
653 4359 799 4428 homines
832 4363 932 4428 nostri
963 4361 1034 4430 sive
1065 4381 1273 4430 successores
1298 4367 1364 4428 tarn
1382 4365 1526 4431 masculi

392 4485 491 4552 quom
508 4463 625 4534 lemine
641 4465 675 4533 in
692 4477 857 4552 perpetum
869 4469 1086 4538 intromittent
1099 4475 1130 4536 ct
1147 4468 1310 4536 retineant
1327 4469 1527 4540 iraudulen-

389 4581 441 4644 ter
456 4573 498 4640 de
514 4574 609 4640 bonis
625 4579 657 4643 ot
671 4575 793 4642 hebere
809 4577 878 4646 sive
894 4578 1152 4664 possessionibus
1168 4577 1305 4646 oliorum
1335 4583 1527 4646 nostrornm
