3208 5158
767 271 928 376 ῥεέ-

282 469 372 547 tana
397 469 461 546 sibi
485 473 646 543 violenter
672 470 885 559 usurpabant,
903 487 985 553 quas
1002 464 1246 536 illustrissimus
1264 464 1416 536 dominus

283 591 411 656 metron
425 581 545 671 B(ela),
562 581 624 650 Dei
640 580 754 669 gracia
779 579 947 664 Hungarie
970 576 1051 662 Rex,
1079 577 1113 644 in
1138 583 1329 664 perpetuam
1353 577 1417 643 ele

283 695 443 764 mosinam
485 690 666 760 contulerat
707 687 904 756 lionasterio
935 685 1144 772 'l'oplioensi3
1176 705 1236 772 pro
1267 705 1334 770 qua
1365 705 1414 767 re,

284 825 358 872 cum
378 801 509 889 utrique
523 803 609 887 parti
641 798 727 867 diem
757 797 792 864 in
822 795 940 880 Biohig
971 794 1227 882 prefixissemus,
1260 801 1293 861 et
1323 797 1419 860 ambe

282 917 394 999 partes
420 929 528 978 coram
553 907 646 978 nobis
673 906 867 992 astitissent,
894 904 1015 972 Stanec
1032 901 1141 972 ludex
1157 903 1199 972 dc
1215 901 1368 971 Polhanc
1385 909 1419 970 et

285 1018 477 1104 iobagionos
505 1016 651 1086 eiusdem
675 1027 761 1085 terre
797 1012 939 1082 conlessi
965 1018 1051 1098 sunt,
1077 1017 1180 1080 totum
1204 1031 1319 1079 verum
1346 1030 1420 1080 esso

286 1121 437 1212 quitquid
450 1123 564 1193 Abbas
580 1121 788 1208 affiirmabat,
804 1127 837 1189 et
852 1119 939 1206 quod
970 1118 1180 1208 supradictas
1203 1139 1319 1209 aquas,
1336 1140 1421 1206 quas

286 1235 392 1304 tenuit
420 1231 628 1319 laudegarius
659 1239 692 1302 ot
721 1230 871 1314 Pribisla,
901 1227 1064 1298 videlicet*
1088 1227 1199 1316 centa,
1237 1229 1363 1314 'hegla
1389 1235 1425 1295 et

288 1338 483 1426 chronicis,
511 1359 571 1427 per
589 1337 725 1423 aliquod
742 1344 869 1424 tempus
885 1335 1004 1404 iniuste
1020 1335 1210 1425 tenuissent,
1228 1356 1311 1420 quas
1330 1334 1418 1403 dicto

288 1447 414 1519 Abbati
430 1447 566 1536 pacifice
596 1444 809 1516 reddidemnt
839 1451 871 1512 et
901 1444 1032 1530 qniete;
1063 1443 1127 1510 nisi
1157 1444 1245 1527 quod
1274 1445 1420 1512 Desinec

289 1555 448 1644 Polprudi
474 1554 708 1644 calumpniavit
733 1573 805 1622 esse
829 1571 933 1638 suam,
956 1553 1067 1620 Abbas
1091 1559 1202 1620 antem
1218 1553 1420 1620 econtrario

291 1661 462 1750 respondit
482 1681 556 1731 aesc
579 1681 682 1732 suam.
709 1661 778 1730 Nos
804 1667 916 1728 antem
942 1659 983 1728 de
1007 1660 1144 1728 oonsilio
1173 1661 1424 1729 Oommunitatis

290 1772 402 1860 Terre,
426 1769 514 1838 dicto
530 1769 671 1839 Desinet
685 1769 840 1837 iudicium
857 1769 1053 1836 sacramenti
1069 1770 1178 1836 taliter
1194 1769 1369 1838 obtulimus
1389 1777 1423 1837 et

292 1875 520 1964 mittissimus,
535 1877 624 1964 quod
639 1877 711 1964 ipse
726 1897 797 1946 cum
814 1877 985 1945 duodecim
1001 1875 1186 1946 hominibus
1201 1878 1312 1945 iurare
1327 1877 1424 1946 debe·

292 1993 354 2074 ret‚
382 1985 469 2071 quod
493 1985 684 2072 calumpnia
709 2005 770 2053 sua
786 1984 826 2052 de
842 1983 1034 2070 supradicta
1048 2004 1135 2070 aqua
1147 1983 1298 2054 veritatis
1314 1985 1426 2053 trami-

293 2099 360 2161 tem
376 2113 442 2162 non
456 2091 583 2162 transit.
601 2091 664 2171 Qui
679 2093 723 2160 ad
739 2092 800 2160 hoc
816 2113 888 2160 oum
906 2093 1069 2179 pclcretur
1080 2093 1203 2181 jurare,
1222 2113 1288 2161 non
1304 2095 1425 2180 potuit,

294 2219 394 2285 quum
424 2220 536 2270 omnes
566 2199 615 2268 illi
648 2199 703 2285 qui
734 2219 807 2267 cnm
824 2220 863 2268 eo
879 2200 986 2268 iurare
1010 2200 1201 2270 debuissent
1215 2209 1426 2270 asseruerunt

294 2306 476 2394 uivauoce,
492 2307 693 2394 sepedictam
709 2327 829 2394 aquam
854 2329 918 2376 non
950 2327 1150 2398 cesennam,
1182 2307 1280 2377 immo
1310 2309 1427 2396 pocius

298 2413 449 2500 Abbatis,
465 2415 549 2484 siout
573 2415 719 2501 superius
736 2423 785 2486 est
800 2418 1002 2504 premissum.
1016 2419 1058 2484 ut
1077 2418 1118 2486 de
1134 2417 1187 2486 his
1203 2417 1353 2486 omnibns
1371 2417 1426 2485 de-

298 2521 404 2590 dimus
425 2523 615 2612 pristaldum
632 2532 777 2594 nostrum
793 2525 923 2594 nomine
937 2527 1035 2613 laxa,
1052 2534 1084 2596 ct
1103 2527 1205 2596 alium
1230 2527 1428 2614 pristaldum

297 2629 338 2712 de
362 2627 510 2700 Pollusca
542 2631 674 2700 nomine
708 2631 866 2700 Nadevm.
894 2633 936 2701 st
963 2640 1000 2700 ut
1024 2635 1085 2702 hoc
1109 2637 1207 2704 robur
1231 2642 1264 2704 et
1289 2633 1429 2706 firmitas

297 2735 473 2828 muniatur,
488 2737 540 2806 his
556 2737 701 2823 sigillum
717 2747 864 2809 nostrum
885 2743 1096 2829 apposuimus
1113 2763 1184 2813 cum
1202 2743 1312 2830 sigillo
1331 2764 1430 2814 vene·

298 2843 414 2914 rabilis
429 2847 533 2933 patris
546 2846 668 2916 domini
686 2847 863 2936 L(adislai)
877 2849 1052 2936 'lyniensis
1070 2852 1224 2940 Episcopi
1242 2861 1273 2922 et
1289 2853 1431 2922 instrum

298 2952 541 3026 Pradicatomm
582 2956 622 3024 de
661 2955 771 3042 Bihig.
813 2960 934 3026 Datum
974 2981 1060 3030 anno
1101 2960 1234 3030 Domini
1276 2961 1428 3031 MOGLX

300 3067 405 3132 sexto.

410 3257 570 3331 (sudeton,
589 3263 711 3320 isonam.
731 3261 800 3320 hist.
819 3265 913 3333 Epioe.
932 3265 1049 3338 linguei).
1068 3269 1090 3324 1.
1119 3267 1180 3326 ste.
1201 3274 1260 3328 13⁵.
1279 3271 1312 3340 Ι.)
