3120 5148
612 293 772 392 ,χι-1-

128 495 281 578 jubemus‚
297 492 359 558 tali
375 489 531 558 videlieet
546 489 667 558 modo:
694 490 789 568 Quod
814 487 975 574 quidquid
999 488 1185 558 offensionis
1211 511 1261 558 er

134 609 259 687 unaque
274 600 440 669 haetenus
456 598 573 684 extitit,
588 617 629 664 ex
653 604 722 665 toto
753 597 883 682 penitus
913 596 1113 682 remittatur,
1146 604 1254 682 preter

134 709 214 793 quod
228 707 377 775 homiues
394 706 436 772 de
452 705 601 774 Sibenico
628 704 720 772 vobis
746 704 874 772 domino
898 703 1010 770 Marco
1040 703 1255 790 Mastropetro

137 826 168 883 ct
181 824 281 883 vestre
298 813 533 880 Communitati
549 812 689 882 Arbensi
705 813 782 880 hinc
797 811 839 878 ad
854 810 971 881 festum
981 812 1156 880 Beatorum
1166 811 1258 898 Apo·

138 923 281 992 stolorum
297 921 387 990 Petri
403 930 436 990 et
454 921 549 987 Pauli
574 921 724 1006 primitus
749 927 922 989 venturum
938 961 983 973 —-
1002 958 1040 968 -
1059 957 1104 970 -
1121 957 1163 970 —-
1181 940 1257 988 een·

31 1089 32 1092 ,
136 1039 194 1097 tum
210 1048 365 1116 perperos
382 1048 502 1096 aureos
518 1029 623 1095 bonos
636 1028 718 1117 justi
734 1027 886 1114 ponderis
903 1047 962 1113 pro
980 1025 1100 1094 damno
1112 1029 1156 1094 eb
1171 1027 1253 1112 ipsis

138 1139 221 1205 uobis
234 1136 324 1204 iacto
341 1137 422 1203 dare
438 1143 623 1202 teneantur.
647 1137 739 1216 Quos
754 1138 782 1204 si
799 1136 833 1204 in
849 1135 988 1204 termino
1005 1134 1184 1222 proscripto
1201 1155 1270 1202 vov

136 1245 182 1312 bis
195 1246 320 1313 soluere
338 1263 404 1310 non
422 1243 607 1310 cureperint
624 1251 683 1312 etc.

340 1443 473 1506 (Parieti,
493 1445 640 1508 myrteum
660 1444 776 1496 Sacrum
794 1446 827 1496 V.
848 1447 906 1496 ket.
929 1449 988 1496 239.
1008 1444 1038 1506 1.)

556 1727 824 1740 —n—

662 2267 717 2336 90.

31 2461 32 2464 '
140 2441 646 2550 11.n1drettretybroazneeo
674 2467 766 2547 tecte,
790 2488 812 2528 a
837 2476 923 2530 secet
947 2463 1058 2548 kirdly
1074 2462 1264 2549 Jottepyat

200 2572 345 2656 remeet,
361 2571 546 2638 tirtokueat
563 2582 671 2662 cqydtt
686 2575 806 2640 nemesi
821 2595 944 2658 rerepro
960 2572 1057 2638 emeli.
1089 2573 1188 2638 1217.

236 2765 273 2836 ln
289 2766 421 2835 nomine
437 2768 558 2834 Sancte
575 2766 747 2835 Trinitatis
764 2773 797 2834 et
820 2765 994 2834 Indiuidue
1026 2763 1177 2834 Unitatis.
1215 2765 1254 2833 Δ.

143 2879 194 2946 Dei
209 2876 317 2962 grecie
333 2877 510 2961 Hungerie,
527 2873 708 2960 Dalmaeie,
724 2873 871 2962 Oroacie,
888 2875 1000 2959 Reme,
1018 2873 1167 2962 Gallicie,
1195 2872 1256 2944 Lo·

144 2987 335 3070 domerieque
350 2985 418 3050 Rex
435 2983 468 3049 in
485 2987 688 3068 perpetuum.
713 2981 806 3049 Licet
820 2979 865 3048 ad
881 2981 999 3049 salutis
1015 2989 1047 3048 et
1063 2984 1253 3069 temporalis

145 3096 201 3162 uite
214 3099 402 3181 prouentum
417 3089 518 3173 Regis
546 3090 720 3174 plurimum
737 3088 905 3174 expeditat
930 3089 1113 3177 Serenitati,
1148 3093 1262 3160 unios·-

144 3205 282 3287 cuiusque
298 3199 511 3267 seruiciorum
538 3197 656 3262 merita
684 3199 1021 3284 recompensacionum
1052 3197 1255 3282 gratitudine

145 3311 333 3394 frequentare
348 3305 500 3387 benigno,
518 3323 583 3386 quo
613 3305 716 3391 decet,
742 3303 857 3373 fauore
895 3307 1098 3394 Magnetum,
1123 3326 1261 3390 quorum·

145 3417 301 3484 uirtutibus
316 3407 438 3501 pariter
453 3423 485 3478 et
501 3412 645 3498 consilijs
662 3411 788 3479 Corone
803 3413 972 3498 Regnique
992 3419 1098 3481 status
1123 3414 1256 3482 fulcitur

31 3549 32 3606 g
144 3525 327 3608 inconcusse,
343 3521 523 3606 peticiones
541 3519 659 3587 effectu
675 3519 776 3605 digno
795 3522 1059 3606 manticipandas
1075 3521 1254 3590 admittere.

144 3635 214 3700 Hinc
229 3642 277 3700 est
293 3629 413 3713 ntique,
431 3627 518 3710 quod
535 3647 593 3693 nos
611 3628 713 3695 nostri
730 3627 834 3696 tidelis
853 3630 953 3698 Wruz
964 3628 1156 3717 jobogionis
1174 3629 1254 3698 Seu·

144 3742 178 3807 eti
190 3741 284 3825 Regis
301 3738 343 3804 de
360 3736 442 3802 Zela
458 3735 631 3803 seruicium
646 3735 740 3802 nobis
757 3738 791 3802 in
808 3736 953 3804 aduentu
963 3745 1073 3804 nostre
1083 3738 1256 3807 karissime

143 3848 274 3930 coniugis
291 3845 392 3911 Yoles
408 3842 549 3910 fideliter
565 3843 737 3927 inpensum
755 3852 1000 3932 cognoscentes,
1018 3855 1050 3912 et
1065 3866 1164 3932 opere
1180 3867 1254 3934 pro·

144 3957 248 4042 litatis,
266 3953 381 4040 quein
398 3953 511 4020 multis
527 3953 631 4038 Regni
648 3951 794 4037 negoeijs
810 3953 1008 4021 excellenter
1033 3963 1099 4022 tam
1130 3957 1163 4022 in
1195 3957 1263 4025 ne·

31 4141 32 4144 Ἴ
145 4083 306 4148 gnoquam
323 4067 417 4130 extra
433 4061 589 4144 Regnum,
607 4061 875 4145 specialiterque
900 4061 993 4128 iuxta
1024 4071 1164 4131 castrum
1195 4065 1257 4133 Bo·

31 4159 32 4164 ’
145 4171 228 4238 ronch
242 4192 313 4239 cum
329 4169 433 4238 nobili
451 4176 615 4255 apparatu
632 4169 768 4235 militari
784 4169 937 4254 exercuit,
962 4171 1150 4259 recolentes,
1177 4174 1257 4259 peti·

31 4267 32 4300 *
145 4279 222 4348 eione
236 4279 340 4364 ipsius
357 4277 495 4362 propria
511 4281 544 4342 et
559 4277 670 4362 digna,
688 4296 846 4345 consensu
862 4278 1052 4361 Magnetum
1068 4279 1171 4361 Regni
1198 4301 1256 4348 no·

31 4447 33 4486 ,
146 4389 202 4474 stri,
225 4387 328 4472 ipsum
361 4403 433 4450 cum
465 4384 568 4450 tribus
599 4383 753 4452 iratribus
786 4384 931 4472 uterinis,
963 4387 1088 4473 Mogus,
1122 4384 1254 4474 Oozma,

147 4493 268 4579 Gucpsa,
286 4499 407 4559 etcum
424 4492 585 4559 uniuersis
602 4492 774 4560 heredibus
792 4492 894 4578 ipsius
910 4499 942 4559 ct
958 4491 1095 4560 fratrum
1121 4515 1252 4565 suorum

31 4663 33 4720 ,
147 4597 250 4668 habitis
266 4607 298 4667 et
314 4599 480 4685 habendis,
497 4599 763 4684 ej0bagionibus
796 4599 906 4668 Sancti
936 4599 1037 4685 Regis
1068 4601 1109 4666 de
1141 4603 1272 4672 Castro-
