3080 5146
557 410 717 518 -rgo-

70 608 138 681 dem
155 611 273 682 Buzad
289 613 384 701 Beni,
402 619 433 680 et
450 633 508 699 per
524 613 628 699 ipsum
644 611 863 680 Lunehretnm
895 615 1014 679 terram
1047 609 1198 678 Zumbal·

69 721 129 806 hel,
145 721 233 789 Bela
248 727 281 790 et
296 725 450 788 Toruoua
467 721 532 806 ipsi
557 720 719 804 Myeheeli
751 721 785 786 in
816 719 922 786 forma
953 717 1135 802 eoneambij
1169 723 1201 786 et

69 829 156 912 paeis
173 847 290 897 eoram
305 827 440 895 Andreo
456 828 581 897 Gemite
597 827 834 909 Worosdiensi,
866 825 918 894 eui
934 826 1085 894 dominus
1116 826 1198 892 Belo

71 936 136 1002 Rex
152 934 231 1004 huie
247 936 322 1024 puel
336 935 493 1004 interesse
520 933 682 1020 iussisset,
712 934 808 1002 modo
824 939 856 1002 et
872 933 932 1002 sub
942 930 1149 1018 obligamine
1163 933 1198 1000 in

72 1043 180 1110 eodem
196 1043 374 1130 priuilegio
401 1046 560 1128 contento,
592 1040 688 1109 datas
720 1041 791 1109 tore
824 1040 1008 1110 denotabat.
1047 1039 1197 1106 Teroinm

73 1171 145 1219 vero
161 1151 374 1237 priuilegium
390 1153 451 1220 stb.
484 1153 604 1217 Datum
620 1151 682 1219 stb.
713 1148 806 1216 Bude
821 1149 981 1234 vigesimo
997 1148 1053 1216 die
1069 1155 1198 1216 octaua·

72 1279 139 1324 rum
165 1257 245 1327 festi
267 1256 521 1327 ¹Purifieaeionis
551 1257 652 1324 Beate
683 1257 829 1342 Virginis
860 1256 1080 1341 predictarum
1111 1275 1197 1321 anno

74 1367 202 1433 Domini
233 1366 386 1434 ΜοΟΟΟ0
416 1365 654 1453 septuagesimo
686 1372 789 1452 sexto,
822 1363 926 1450 Regni
957 1369 1066 1432 autem
1096 1361 1198 1430 nostri

74 1493 152 1541 anno
168 1474 337 1543 tricesimo
354 1474 475 1558 quinto.

77 1671 208 1731 (Eredetie
228 1688 246 1724 a
265 1672 351 1724 budai
370 1673 423 1723 kir.
442 1671 570 1723 kemarai
589 1669 774 1724 leveltlrben.
806 1669 900 1720 Endre
932 1669 1043 1721 varnerii
1074 1668 1196 1734 sllispan·

77 1761 534 1828 nsk1256-kibizonysagleveltt
568 1761 585 1812 1.
613 1760 742 1824 Fejernel
768 1757 832 1810 (lod.
852 1759 926 1824 Dipl.
946 1759 995 1812 IV.
1014 1761 1072 1810 kur.
1093 1765 1117 1810 2.
1136 1759 1198 1810 ress

554 1855 615 1902 897.
634 1851 702 1917 lap.)

499 2133 767 2149 hauc—*d

598 2675 674 2744 297.

85 2865 205 2941 Rolano
221 2899 242 2939 a
259 2874 385 2960 lirelyo·
400 2873 508 2940 ulo-or
523 2873 702 2962 birojctuak
717 2874 845 2942 Furious
864 2874 1064 2962 vdrjobbclpy
1071 2872 1194 2962 soleae·

274 2981 473 3050 earumdem
489 2983 662 3052 vouutkoao
685 2983 869 3049 a'te'letleuele.
893 2985 989 3050 1256.

179 3178 247 3247 Nos
263 3177 379 3247 Comes
394 3177 566 3247 Rorandus
583 3177 693 3247 ludex
708 3177 804 3246 Ourie
819 3177 942 3246 domini
966 3176 1064 3263 Regis
1094 3177 1193 3262 signi·

85 3279 201 3354 ficamus
218 3287 366 3354 omnibus
383 3306 517 3372 presens
534 3288 689 3373 seriptum
705 3286 918 3372 intuentibus,
935 3286 1021 3370 quod
1033 3307 1105 3353 enm
1115 3287 1193 3352 Far-

85 3391 177 3460 easius
193 3394 278 3462 tilius
295 3395 400 3462 Bothe
416 3417 437 3462 a
447 3394 805 3486 jobagionilrusllastri
821 3393 1056 3478 comparuisset
1081 3413 1193 3460 eoram

86 3495 174 3586 nobis,
183 3501 380 3586 j0begiones
397 3503 506 3570 Oestri
523 3509 733 3572 asseruerunt
749 3502 825 3569 viua
840 3521 929 3589 voee,
959 3501 1045 3586 quod
1061 3502 1193 3570 omniuo

88 3599 247 3676 Faroasius
265 3627 302 3676 se
317 3611 522 3693 retraxisset3
538 3611 716 3679 Faruaeius
732 3629 808 3679 vero
825 3608 955 3676 dicebat
971 3629 1007 3677 se
1020 3609 1192 3677 liberatum

86 3726 134 3790 per
146 3717 287 3798 grauiam
302 3717 410 3804 Regis,
426 3737 524 3802 super
540 3719 657 3803 quibus
673 3717 800 3785 litteras
827 3715 951 3784 domini
981 3717 1080 3800 Regis
1111 3715 1194 3784 dixit

87 3819 222 3900 optinere.
262 3821 373 3902 Quare
387 3823 474 3892 diem
491 3825 699 3910 assignantes
731 3823 969 3910 intelleximus,
999 3823 1191 3892 Fareusinm

87 3920 194 3996 littores
208 3930 308 4016 Regis
325 3931 445 4000 habere
462 3939 493 3999 et
510 3940 709 4019 presentare,
727 3937 760 3998 et
776 3930 837 3998 hoe
853 3929 949 3998 modo
975 3927 1028 3998 die
1060 3951 1192 4015 presen-

86 4031 153 4098 teuit
165 4035 291 4106 litteras
308 4046 525 4126 memoratas3
550 4041 666 4126 quibus
679 4021 877 4126 jobagiones
892 4037 1000 4104 (lastri
1028 4059 1093 4104 non
1119 4059 1193 4107 eon-

87 4138 277 4232 tradinerunt,
293 4145 352 4215 sed
369 4145 531 4235 dixerunt,
549 4147 635 4230 quod
650 4152 775 4214 tantum
793 4145 897 4230 ipsius
923 4163 1094 4231 personam
1120 4166 1192 4214 eum

88 4242 142 4312 suis
155 4247 360 4321 facultatibus
376 4253 560 4325 liberasset.
585 4254 678 4322 Vnde
693 4252 925 4338 intelleximus,
942 4257 1062 4320 terram
1079 4253 1195 4340 ipsius,

89 4366 166 4428 llam
179 4379 317 4443 persona
334 4359 414 4428 dieti
430 4362 576 4448 Furcasij
595 4361 800 4448 optinuisset,
825 4359 980 4428 Fareasio
1006 4381 1192 4444 remanere;

93 4459 191 4530 terram
205 4472 326 4555 autem,
343 4488 440 4552 quam
456 4467 562 4556 ipsius
579 4471 756 4555 generacio
773 4466 948 4554 optinebat‚
965 4487 1022 4554 per
1038 4469 1192 4536 Maiorem

90 4556 238 4640 Exercitus
254 4573 462 4644 Salomonem
488 4577 587 4645 filium
618 4575 699 4658 Qoh,
733 4581 764 4644 et
795 4595 854 4662 per
885 4575 968 4642 elios
994 4572 1193 4660 joloagiones

89 4663 181 4764 taetri,
197 4681 311 4750 eastre
327 4683 499 4756 obduraui.
532 4685 596 4755 Seri
613 4685 821 4772 priuilegium
839 4681 963 4750 domini
977 4684 1087 4772 Regis,
1106 4684 1193 4775 quod
