3208 5158
646 341 653 354 κ
689 309 847 416 „sos

201 511 274 600 'gun
287 505 520 604 jobugionibus
537 507 645 580 Oustri
660 510 866 581 Znicdiensis
883 507 1056 580 decadem
1089 508 1265 584 Bekolnuk
1290 507 1332 584 ab

190 623 314 708 altere,
345 619 431 688 idem
448 619 542 708 Moys
560 621 637 688 uiue
654 639 734 690 uoce
751 621 919 691 consessus
936 629 995 706 est,
1027 642 1063 692 se
1089 623 1261 708 reliquisse
1293 642 1333 692 ne

191 729 363 800 dimisisse
389 729 465 796 illes
482 728 565 798 dues
581 730 694 798 vineas
709 731 793 799 sites
809 730 843 798 in
859 729 1035 801 Bakolnuk
1051 731 1085 798 in
1101 736 1188 799 terre
1219 751 1332 800 eorun-

194 838 285 926 dem,
302 859 360 926 pro
377 836 494 922 quibus
512 837 603 922 ipsos
619 835 654 904 in
670 857 803 906 censum
819 845 997 926 struxerat,
1022 837 1111 924 Ysep
1128 845 1160 906 et
1178 836 1332 907 Geiechic

181 965 299 1033 *supra
314 945 410 1014 dictis
427 952 460 1012 et
474 944 618 1032 ipsorum
638 945 884 1032 posteritatibus
901 945 1131 1034 perpetualiter
1148 953 1180 1016 et
1195 946 1330 1035 pacifice

192 1053 423 1142 possidendus.
448 1052 518 1133 Quo
534 1053 666 1138 quidem
683 1054 776 1123 vinee
792 1055 955 1139 quondam
973 1073 1031 1142 per
1047 1053 1176 1124 eosdem
1201 1055 1329 1142 prefato

199 1163 299 1252 Moys
315 1161 447 1232 uendite
463 1160 601 1245 inerant,
618 1168 651 1232 et
665 1163 870 1249 postmodum
886 1165 928 1232 ub
938 1163 1050 1232 eodem
1061 1163 1147 1230 iuste
1157 1165 1325 1250 empcione

198 1272 292 1358 Ysep
311 1277 344 1340 et
369 1270 523 1339 Geleclris
549 1270 683 1358 pretatis
714 1272 872 1361 reuointe,
904 1279 999 1359 prout
1031 1279 1142 1360 partes
1175 1279 1324 1341 oretenus

193 1380 409 1450 affirmarunt.
433 1377 575 1458 Quarum
601 1381 720 1449 etenim
746 1381 914 1448 vincarum
946 1401 1020 1466 rna,
1053 1381 1142 1467 Ysep
1175 1380 1329 1448 videlicet

197 1487 370 1576 antedicti,
402 1507 466 1574 que
482 1489 658 1558 Gneszolen
675 1487 804 1576 dicitur,
834 1489 921 1556 iacet
936 1507 1049 1557 versus
1080 1487 1252 1577 Woynode
1282 1487 1327 1558 sd

196 1597 365 1682 quendum
380 1597 499 1665 vallem
515 1595 691 1683 isgincum,
721 1597 848 1666 hebens
862 1617 960 1665 vnum
976 1595 1072 1664 tinem
1090 1595 1134 1663 ad
1159 1597 1325 1684 orientem,

194 1706 338 1772 alterum
364 1723 441 1772 uero
466 1703 510 1772 ed
539 1703 757 1787 occidentem
782 1705 890 1774 altere
921 1711 1040 1791 eutem,
1071 1705 1196 1772 scilicet
1228 1705 1328 1773 vince

195 1811 342 1882 eiusdem
359 1812 508 1882 Geicthie
523 1813 609 1882 iacet
623 1811 708 1880 inire
723 1812 845 1882 Scekia
861 1815 945 1882 inter
961 1813 1044 1882 duas
1053 1813 1136 1900 vius,
1152 1812 1245 1880 cuius
1256 1811 1329 1881 finis

195 1943 283 1990 vnus
297 1919 501 2009 protenditur
517 1921 559 1988 ed
576 1919 752 2007 meridiem,
784 1929 817 1991 ct
832 1921 918 1990 elius
943 1919 987 1990 etl
1018 1923 1215 2006 aquilonem.
1254 1919 1324 1990 Hoe

195 2028 338 2117 adiecto,
356 2027 481 2114 quodsi
497 2030 615 2098 iratres
630 2031 798 2098 memorati
814 2031 918 2118 Moys,
933 2037 991 2098 suut
1005 2029 1150 2116 ipsorum
1164 2047 1328 2098 successo·

197 2157 268 2226 res,
283 2138 375 2226 Ysup
392 2143 424 2206 et
439 2137 597 2207 Gelechie
612 2143 798 2226 prenotatos
814 2136 946 2206 racione
957 2137 1207 2224 prescriptsrnm
1219 2134 1328 2205 rincu-

193 2247 442 2332 rumimpeterc
457 2246 730 2332 attempteuerint,
761 2246 847 2314 idem
864 2247 958 2335 Moys
974 2253 1031 2314 eut
1056 2244 1159 2334 ipsius
1189 2245 1327 2312 heredes

192 2359 349 2424 tenentur
364 2353 453 2440 ipsos
468 2354 502 2421 in
519 2355 627 2424 oensis
642 2356 791 2424 omnibus
808 2355 971 2442 expedire.
987 2357 1025 2422 ln
1041 2355 1133 2422 cuius
1149 2352 1196 2420 rei
1206 2373 1326 2422 memo-

192 2460 281 2528 riam
296 2467 329 2529 et
346 2464 510 2532 munimen
526 2471 717 2550 perpetuum
735 2464 778 2532 ud
793 2464 986 2552 peticionem
1002 2465 1148 2552 parcium
1159 2468 1326 2548 presentes

193 2570 419 2640 concessimus
434 2571 563 2642 litteras
578 2571 681 2657 sigilli
697 2574 800 2640 nostri
816 2573 994 2642 munimine
1011 2575 1191 2644 roboratus.
1206 2574 1327 2642 Datum

192 2699 285 2749 anno
301 2679 411 2768 grecie
426 2679 545 2750 M⁰OC⁰
560 2681 812 2770 septuagesimo.

307 2882 392 2945 (XIV.
406 2881 520 2938 rztnedi
531 2883 653 2939 misolct
665 2899 682 2936 s
694 2883 781 2938 budai
793 2883 847 2936 kin.
868 2884 996 2938 kemsrsi
1021 2881 1219 2950 lereltsrbsu.)

626 3173 889 3188 W

723 3801 799 3871 rto.

184 3997 222 4066 A
240 4003 380 4088 zsiprdbc'
396 4001 620 4088 toprulaunac
636 4003 917 4094 bizonymz‘plmk,
936 4009 1021 4094 hopy
1037 4032 1058 4073 o
1076 4011 1228 4096 toposkau‘
1242 4017 1325 4097 aptit

183 4105 421 4195 mcpbizottjci,
437 4111 468 4176 cs
486 4111 663 4178 Mariccus
680 4112 804 4178 Hiriuk
818 4135 922 4180 comcs
930 4115 995 4202 fia,
1009 4116 1153 4182 Jurouocl
1167 4119 1199 4183 ts
1215 4118 1325 4186 Pomo-

183 4215 250 4280 osic
275 4216 436 4304 helyseipck
461 4220 596 4286 hatdroc‘
619 4221 711 4286 irent
735 4222 967 4308 bardtsdposcn
991 4225 1198 4310 cqymloedtek.
1222 4228 1322 4294 1270.

300 4410 490 4497 Capitulum
534 4413 765 4500 Zagrobiensis
807 4417 956 4486 Ecclesie
995 4419 1145 4488 omnibus
1186 4441 1323 4508 presens

184 4518 351 4606 scripturn
378 4521 576 4607 inspecturis
606 4523 744 4591 sulutem
776 4523 810 4592 iu
841 4525 989 4594 Domino.
1020 4526 1071 4594 Ad
1102 4530 1323 4599 universorum

184 4626 346 4696 noticiam
379 4628 494 4698 hurum
525 4630 610 4698 serie
642 4633 793 4700 volumus
825 4633 996 4723 pervenire
1012 4661 1020 4704 :
1036 4636 1123 4724 quod
1155 4641 1321 4718 constituti
