3120 5148
932 439 975 529 aa

381 659 422 730 ‹le
444 659 564 744 Barba,
598 659 788 748 Bauclryna,
821 660 937 726 mulier
954 658 994 725 de
1019 658 1170 727 Jchaune
1186 656 1227 729 dc
1242 661 1359 741 Barba,
1393 657 1494 729 Numi.

390 768 508 834 mulier
524 767 564 834 de
579 768 644 834 lilio
665 767 807 852 Auclini,
825 769 893 835 lilia
910 769 949 835 de
967 765 1108 854 Perfold,
1124 768 1210 836 lilius
1227 768 1269 835 dc
1280 767 1391 853 Signc,
1407 765 1497 832 Sinde

388 875 524 962 Durata,
540 877 735 942 Dumnacus
753 876 794 942 dc
810 875 958 960 Orivellc,
993 875 1146 942 Bonicius
1165 874 1205 941 de
1222 875 1315 962 Zopi,
1342 875 1451 942 Mencc
1471 874 1496 937 li-

386 983 447 1050 lius
464 981 624 1050 Jclrannis
642 983 776 1067 Trotiei,
794 983 927 1069 Leogna
938 981 1095 1068 deDrasi,
1107 983 1321 1066 Dumicellus‚
1337 981 1495 1049 Christclc-

388 1111 454 1177 rus,
471 1093 586 1158 Petrus
602 1092 642 1157 dc
659 1091 782 1177 Paunc,
817 1089 928 1158 Grubo
945 1091 985 1158 de
1002 1093 1117 1158 llerzo.
1134 1091 1203 1159 Hoc
1221 1111 1278 1176 per
1296 1091 1494 1158 testimoninm

390 1197 529 1266 dicimus
546 1199 669 1265 domini
685 1200 896 1266 illustrissimi
922 1199 1055 1284 Rogcrii
1072 1199 1262 1266 Maurcceni
1281 1198 1434 1266 Arbcnsis
1449 1196 1495 1262 Cu·

388 1306 485 1392 mitis,
503 1307 557 1389 qui
574 1307 784 1374 testinatione
801 1308 927 1374 itineris
942 1307 1154 1374 scribercnon
1173 1307 1288 1392 potuit,
1306 1327 1364 1391 pro
1380 1325 1413 1373 se
1428 1304 1492 1370 scri-

388 1413 475 1500 bere,
494 1415 602 1480 cthcc
628 1421 769 1497 rogatus.
804 1413 953 1496 Sigillum
985 1415 1199 1500 suprascripti
1232 1413 1358 1480 Thome
1388 1414 1492 1495 Longa,

387 1524 443 1604 qui
460 1522 520 1588 huc
537 1529 677 1604 rugatus.
708 1521 856 1604 Sigillum
873 1522 1086 1588 illustrissimi
1112 1521 1194 1588 Boni
1212 1521 1270 1588 lilii
1288 1522 1396 1588 Dandi
1411 1520 1494 1604 legati

388 1629 595 1698 illustrissimi
626 1629 747 1696 domini
765 1631 875 1718 Ducis,
894 1633 947 1714 qui
967 1650 1023 1715 pro
1040 1653 1075 1697 se
1093 1629 1236 1698 scribere
1252 1631 1391 1715 rogarit.
1406 1627 1494 1711 ssago

388 1738 531 1804 lacobus
563 1735 686 1805 Basilio
705 1737 796 1806 testis
828 1739 1015 1826 subscripsi.
1034 1739 1054 1816 †
1086 1739 1155 1826 ligo
1172 1737 1317 1806 Frcbeza
1333 1739 1376 1806 da
1392 1735 1498 1802 llolinc

387 1846 482 1912 testis
498 1846 690 1932 subscripsi.
708 1847 856 1916 Andreas
873 1851 1034 1934 presbiter
1050 1849 1212 1915 Plcbanns
1223 1847 1336 1915 Sancti
1353 1846 1431 1914 Jcha
1443 1841 1502 1910 nnis

387 1953 598 2040 Evangelistc
614 1962 647 2021 et
663 1953 817 2022 Notarius
833 1955 990 2042 complevi
1008 1962 1039 2022 et
1055 1955 1214 2022 roborari.

385 2149 509 2216 (Ljubics
529 2153 711 2203 monumenta
730 2153 888 2216 spectantia
907 2153 1056 2205 historiam
1076 2153 1223 2204 Slarorum
1248 2153 1347 2206 Merid.
1378 2153 1398 2202 Ι.
1424 2151 1498 2201 luitet⁴

887 2247 928 2293 16.
948 2244 1016 2306 lap.)

817 2531 1084 2545 *μὴ-...-

925 3069 979 3140 ts.

395 3269 480 3344 lacre
498 3273 605 3360 lircily
622 3297 643 3340 c
659 3265 793 3358 aupaci
807 3277 927 3360 eppheta
942 3273 1046 3362 alpolt
1063 3273 1130 3338 ruat
1137 3268 1505 3361 jopcattvtiaybcurisze·

864 3385 929 3448 alti.
948 3382 1046 3448 1199.
1535 3409 1536 3429 ¹

1534 3509 1535 3535 l

392 3578 552 3640 (Thalcsics,
572 3577 695 3629 Monuni.
714 3577 779 3629 hist.
798 3579 889 3643 Episc.
909 3579 1028 3644 Zagrab.
1048 3577 1070 3630 1.
1090 3579 1148 3630 imit.
1171 3583 1194 3628 7.
1214 3579 1232 3630 1.
1253 3579 1286 3629 V.
1307 3579 1333 3629 ὃ.
1351 3577 1428 3643 rerer
1444 3571 1504 3624 God.
1533 3607 1534 3641 p

389 3669 464 3732 Dipl.
484 3667 520 3718 11.
541 3667 600 3717 lrtit.
620 3672 680 3720 30³.
701 3670 727 3730 1.,
747 3669 776 3719 ts
795 3667 915 3719 Theiner
928 3669 1030 3720 Vetera
1043 3669 1228 3719 Monumenta
1240 3667 1388 3719 historiam
1400 3665 1505 3727 Hungs·
1532 3699 1533 3749 p

532 3757 604 3808 riam
624 3758 736 3810 Sacram
756 3759 930 3810 illustrantia
950 3759 971 3812 1.
992 3760 1050 3809 kur.
1070 3759 1161 3814 Rama
1183 3761 1260 3810 1850.
1281 3762 1325 3810 79.
1345 3758 1375 3822 L)
1530 3779 1532 3856 p

819 4049 1087 4064 h——a——n———w
