3164 5154
794 235 954 334 „39ss

308 430 414 501 etatis
431 431 545 500 domus
562 437 691 516 propter
706 432 869 514 maritum,
884 428 976 496 illam
993 430 1178 496 consentire
1194 425 1367 504 voluimus,
1394 424 1444 488 in-

313 539 447 607 santulo.

420 643 489 713 Heu
504 663 566 729 ego
581 644 688 730 Majus
704 643 971 730 Archidiauonus‚
990 644 1066 724 quia
1081 642 1132 708 his
1161 643 1313 709 omnibus
1345 646 1441 708 inter-

313 751 369 837 fui,
386 760 419 822 ot
436 761 471 820 ut
487 773 508 819 a
524 753 709 821 memoratis
724 751 913 820 Presnlibus
930 751 1007 818 mihi
1024 750 1204 836 injunctum
1220 756 1282 833 est,
1297 747 1441 814 fideliter

304 862 540 946 'veraciterque
556 861 681 946 scripsi,
698 867 819 946 etpost
836 858 959 926 tradita
977 878 1083 926 coram
1100 857 1152 926 his
1183 857 1322 924 testibus
1353 855 1441 923 loeta

315 975 376 1056 ost,
392 974 425 1035 et
440 968 551 1052 sigillo
568 957 647 1035 diet'i
663 967 785 1036 Prioris
801 968 944 1052 signata.
968 965 1114 1036 Joannes
1125 966 1304 1052 judicator,
1319 963 1443 1030 Vitaza

312 1080 416 1162 testis,
433 1076 538 1144 llioha
554 1075 657 1161 testis,
677 1075 824 1144 Desinna
840 1077 945 1160 tostis,
962 1073 1071 1142 Martio
1097 1074 1187 1140 Zelle
1214 1073 1319 1160 tostis,
1345 1073 1442 1138 Budi-

316 1182 423 1251 nellus
440 1185 545 1268 tostis,
562 1182 689 1250 Medius
720 1203 819 1267 gener
850 1183 940 1252 Zells
971 1181 1146 1250 Prostantii
1178 1182 1281 1265 testis,
1311 1181 1443 1248 Pruon'o

307 1291 418 1377 testis,
436 1288 569 1359 Grubue
585 1290 670 1357 filius
686 1291 716 1359 G
732 1329 772 1340 -
794 1329 831 1340 -·
855 1329 894 1340 --
912 1291 1014 1376 testis,
1046 1290 1142 1374 Nenp
1158 1328 1202 1342 -
1218 1331 1261 1366 ,-
1276 1326 1321 1338 -
1341 1327 1381 1338 -
1399 1297 1443 1356 te·

315 1397 385 1481 stis,
402 1397 595 1466 Dolmaldus
611 1398 714 1482 testis,
731 1407 763 1466 et
781 1397 840 1464 alii
858 1398 1066 1482 quamplures
1082 1397 1307 1465 collaudantes
1323 1397 1441 1465 et'eon-

308 1507 490 1573 ‘firmantes

427 1827 586 1906 Quoniam
605 1825 690 1909 quod
706 1849 726 1894 a
742 1829 921 1896 minoribns
938 1829 1087 1914 legaliter
1103 1827 1277 1894 diffinitum
1295 1837 1347 1896 est
1358 1827 1457 1912 judi-¹

316 1936 421 2022 uibus,
438 1955 459 2001 a
474 1934 660 2022 majoribus,
676 1935 704 2001 si
720 1942 856 2021 oportet,
873 1935 992 2006 debeat
1024 1935 1205 2004 confirmari
1222 1959 1229 1999 :
1261 1933 1442 2002 Oorroboro

321 2044 394 2126 -Ego
411 2040 634 2127 L(anrentins)
650 2041 844 2111 Salonitane
857 2041 951 2110 Sedis
976 2041 1256 2129 Arehiepisoopns,
1288 2047 1320 2108 ot
1346 2041 1444 2109 laudo

317 2152 380 2217 hoo
393 2148 552 2234 judicium
578 2169 599 2215 a
624 2156 713 2216 tanto
745 2149 977 2218 honestissimo
1009 2150 1080 2218 uiro
1111 2147 1240 2216 domino
1272 2147 1441 2218 Jadsrano

318 2260 429 2326 Priore
445 2277 518 2324 eum
535 2257 603 2324 suis
620 2255 784 2324 nobilibus
795 2255 867 2340 jam
883 2257 1014 2342 datum;
1039 2258 1071 2323 in
1097 2256 1329 2324 ecelesiasticis
1360 2258 1445 2324 onim

312 2371 351 2430 et
367 2363 587 2431 mundialibus
603 2363 762 2430 sancitum
779 2363 919 2432 habetur
935 2365 1073 2448 legibus,
1090 2383 1131 2430 ns
1148 2363 1443 2450 quelibstpersons

319 2473 355 2539 in
371 2491 432 2538 sua
449 2471 638 2554 arrogantia
655 2477 772 2554 erecta,
788 2479 904 2539 oootra
915 2471 1043 2557 judicia
1060 2471 1158 2539 semsl
1185 2471 1272 2554 data,
1303 2491 1442 2555 conque·

318 2589 411 2647 ratior
427 2580 544 2647 iterum
561 2579 595 2644 in
611 2597 672 2644 sna
688 2577 772 2644 male
789 2579 860 2645 visa
875 2578 1085 2664 querimonia.
1113 2581 1151 2645 ln
1168 2575 1279 2646 libello
1304 2581 1447 2668 quidem,

318 2709 422 2772 ornem
439 2685 615 2768 Vekonega
631 2683 698 2750 filia
714 2683 801 2771 cion,
820 2705 841 2751 a
858 2685 1016 2771 prelibato
1042 2684 1156 2754 Priore
1181 2687 1303 2771 (latum,
1338 2695 1370 2755 et
1402 2689 1444 2756 ab

324 2792 561 2865 Archidiaeono
576 2792 618 2860 M.
634 2793 800 2878 seriptum,
832 2793 876 2860 ad
908 2815 1014 2862 meum
1046 2796 1185 2863 eontulit
1216 2797 1448 2884 laudationem,

318 2911 407 2998 Juste
423 2909 458 2970 et
474 2901 629 2969 eanonioe
646 2901 786 2986 cognovi
801 2901 940 2970 finitum.
964 2899 1045 2980 Quis
1062 2923 1203 2989 namquo
1218 2923 1375 2990 arrogans
1393 2927 1448 2974 ex-

322 3011 507 3088 hereditare
521 3009 656 3076 auderet
671 3007 756 3076 hano
771 3006 900 3076 nouam
916 3011 958 3079 ab
974 3007 1157 3078 hereditate
1172 3012 1279 3080 mariti
1296 3015 1357 3101 sui,
1370 3015 1448 3084 dum

318 3146 387 3194 non
402 3123 505 3194 solum
521 3117 591 3203 ejus
608 3117 726 3184 lectum
744 3117 791 3182 sio
809 3117 970 3205 nobiliter,
990 3125 1101 3204 utpote
1125 3122 1363 3208 oognosoimus,
1393 3125 1450 3191 ob·

320 3229 477 3316 seruauit,
494 3247 533 3296 ao
547 3224 767 3311 interviduas,
779 3243 860 3308 quas
878 3225 994 3294 laudat
1008 3225 1185 3312 Apostolus
1201 3228 1333 3318 Paulus,
1350 3251 1386 3298 se
1404 3233 1449 3298 ad

324 3349 490 3408 certamen
508 3316 539 3400 e't
554 3332 599 3400 ad
615 3332 771 3418 premium
789 3331 911 3416 utique,
928 3341 1097 3418 assumpto
1113 3333 1292 3403 earundem
1322 3336 1450 3426 habitu,

323 3447 530 3535 projectoque
547 3459 621 3508 oum
650 3440 717 3505 suis
747 3437 884 3506 sarcinis
916 3439 1045 3526 mundo,
1078 3439 1222 3509 eontulit.
1263 3442 1356 3510 Unde
1389 3445 1451 3512 heo

320 3553 486 3632 ordinata,
502 3548 586 3615 siout
601 3546 761 3631 superius,
777 3547 940 3632 oonllrmo,
957 3554 989 3613 et
1005 3546 1103 3613 immo
1120 3545 1229 3632 laudo,
1248 3555 1280 3617 et
1296 3552 1358 3618 sub
1368 3551 1451 3637 liga·

326 3661 413 3726 mine
429 3653 659 3739 anathematis,
676 3658 708 3719 et
724 3653 837 3720 Nioeni
855 3653 996 3720 Gonoilii
1012 3654 1143 3721 vinonlo
1169 3673 1327 3741 quemque
1351 3677 1451 3747 pono,

324 3768 380 3850 qui
396 3766 458 3832 hoo
474 3763 594 3830 nitetur
609 3749 791 3845 intringere
801 3769 833 3830 et
849 3759 967 3830 delens.
1006 3761 1100 3829 Hane
1116 3780 1193 3830 vero
1210 3762 1320 3848 sigillo
1337 3763 1452 3834 Sanoti

326 3871 460 3940 Domnii
477 3871 636 3938 castulum
653 3867 734 3954 jussi
750 3867 886 3954 signari,
911 3875 945 3935 ut
976 3876 1087 3938 eontra
1116 3888 1230 3938 omnes
1260 3883 1455 3955 permaneat

327 3984 555 4064 conquestores
570 3977 603 4043 in
621 3995 681 4044 sua
696 3977 872 4046 stabilitate
888 3975 989 4044 firma.
1012 3977 1051 4043 In
1075 3975 1138 4044 hau
1167 3977 1357 4048 laudatione
1390 3982 1457 4048 An-

323 4088 427 4156 dreas
441 4087 626 4174 Episcopus
641 4084 772 4171 ludere,
790 4091 821 4152 sl
840 4085 879 4151 D.
896 4082 1041 4169 ejusdem
1058 4085 1216 4152 civitates
1231 4085 1323 4153 Prior
1340 4097 1455 4158 testes.

558 4281 679 4342 (Parlati
697 4281 845 4344 Illyricum
864 4282 980 4334 Sacrum
998 4285 1031 4333 V.
1052 4285 1109 4334 kot.
1131 4287 1174 4334 51.
1193 4285 1223 4347 l.)

756 4567 1023 4581 mun—nn-
