3208 5158
827 889 902 958 377.

252 1089 461 1174 ''Acdradi
486 1093 644 1176 liptcluc
675 1091 822 1155 Zosimus
853 1089 974 1154 udradu'
1001 1092 1129 1176 pilsplllc
1160 1090 1438 1174 bizcnyc‘tca'uycit

390 1199 528 1264 Precarc
546 1221 645 1266 comes
669 1198 798 1284 nejenclc
814 1195 1082 1281 ve'qrendelcta'rzll
1099 1201 1211 1282 dticja.
1238 1197 1338 1264 1263.

303 1395 339 1458 (A
358 1397 424 1461 gret
432 1399 519 1464 Zichy
529 1399 623 1449 cssltci
636 1395 828 1460 Okmuinytulrc
842 1395 863 1443 Ι.
877 1395 935 1444 ket.
953 1399 991 1446 13.
1008 1397 1023 1446 l.
1045 1399 1125 1463 Nagy
1140 1398 1213 1446 Imre
1226 1395 1432 1460 klizlemenye.)

835 2217 911 2286 378.

309 2415 368 2480 IV.
385 2417 468 2481 Bc‘la
483 2418 592 2500 lcirdly
607 2418 845 2504 privilegialem
876 2441 897 2480 a
928 2417 1054 2500 berenyc'
1083 2417 1242 2503 cenclcgele
1273 2423 1436 2484 caumana

821 2527 916 2590 1264

414 2719 494 2784 Bela
509 2720 572 2784 Dei
590 2719 702 2806 gracia
727 2717 904 2802 Hungcrie,
922 2717 1100 2803 Dalmacie,
1126 2717 1291 2800 Orcuacie‚
1322 2719 1439 2804 Reme,

308 2826 429 2914 Seruie,
447 2826 593 2910 Gallicie,
609 2829 802 2894 Lcdcmerie
819 2825 1038 2909 Cumanieqne
1055 2827 1124 2890 Rex
1141 2825 1302 2891 uniuersis
1314 2824 1439 2892 Christi

308 2931 455 3000 lidelibus
472 2956 606 3020 presens
622 2936 777 3021 scriptum
796 2933 992 3020 inspecturis
1008 2935 1147 3000 salntem
1173 2937 1206 2998 in
1238 2954 1316 3000 vero
1348 2934 1439 3000 saln-

307 3043 381 3107 tari.
405 3044 528 3126 Regum
546 3046 684 3130 pertinet
700 3045 742 3109 acl
760 3043 999 3129 excellenciam,
1018 3049 1050 3108 et
1066 3043 1306 3108 deminancium
1318 3063 1439 3108 cunne-

309 3152 356 3215 nit
373 3151 534 3238 dignitati,
551 3160 642 3218 tanto
657 3153 795 3237 amplius
813 3153 854 3218 de
870 3151 1003 3217 maioris
1018 3151 1124 3236 plebis
1141 3171 1272 3217 numere
1290 3152 1439 3235 gloriari,

308 3267 428 3342 quanto
444 3261 585 3345 ipsorum
603 3260 741 3344 gloriam
757 3281 799 3326 cx
815 3261 926 3347 populi
944 3259 1150 3326 multitudine
1167 3267 1292 3354 constat
1304 3259 1439 3327 vberius

309 3369 521 3452 augmentari.
546 3365 632 3432 Hinc
651 3375 708 3454 est,
726 3369 813 3452 quod
830 3369 1051 3435 uniuersorum
1081 3367 1198 3434 noticic
1224 3376 1335 3436 tenore
1368 3388 1442 3452 pre·

309 3477 449 3540 senclum
470 3475 615 3542 velumus
633 3477 701 3542 lieri
718 3476 933 3559 manifestum,
949 3475 1034 3560 quud
1050 3495 1109 3540 nos
1125 3473 1306 3559 hospitibus
1317 3477 1441 3542 nostris

263 3591 269 3610 ⁸
310 3581 348 3648 de
365 3584 444 3650 villa
458 3585 578 3670 Beryn,
597 3591 628 3650 et
645 3585 794 3650 cnmibus
810 3585 853 3650 ad
870 3607 940 3650 cam
957 3585 1205 3672 pertinentibus,
1222 3585 1320 3649 talem
1337 3583 1440 3650 libeu-

309 3697 408 3755 tatem
426 3693 643 3757 concessimus
661 3699 692 3756 et
709 3693 880 3758 statuimus
897 3719 904 3758 :
922 3693 1008 3774 quud
1023 3694 1064 3757 de
1095 3691 1231 3776 singulis
1264 3693 1441 3758 mansioni-

310 3798 369 3862 bus
386 3798 449 3862 tria
465 3799 611 3884 pondera
628 3801 755 3865 soluere
788 3808 961 3866 teneantur
992 3801 1172 3866 annuatim.
1213 3801 1328 3865 Comes
1359 3821 1439 3866 velo

309 3904 452 3987 ipsorum
469 3905 555 3970 bona
573 3906 644 3970 sine
661 3904 781 3970 herede
798 3904 1028 3970 decedencium
1045 3905 1189 3991 recipere
1222 3927 1286 3972 nen
1320 3925 1439 3991 presu-

307 4019 385 4076 mat.
409 4014 487 4077 Item
502 4011 606 4096 judici
623 4011 816 4096 prejudicio
834 4013 962 4079 soluere
979 4015 1098 4079 dehent
1129 4015 1303 4096 sexaginta
1335 4012 1438 4079 dena-

309 4120 374 4185 rios
389 4127 535 4204 tanlmn3
559 4122 624 4186 nisi
641 4121 673 4185 in
691 4137 792 4187 causa
809 4120 887 4186 furti
906 4124 956 4187 vel
973 4123 1143 4204 sanguinis
1160 4121 1323 4188 effusione.
1354 4123 1436 4186 ltem

309 4229 353 4294 ad
371 4225 551 4312 plaustrum
567 4231 666 4314 Regis
683 4230 784 4296 boues
801 4229 880 4295 dane
906 4251 970 4295 non
997 4235 1163 4312 tenentur;
1189 4250 1246 4294 nec
1280 4232 1312 4294 in
1343 4231 1436 4315 lega-

311 4336 403 4401 cicne
419 4335 532 4419 aliqua
548 4335 667 4403 debent
683 4337 740 4422 ire,
757 4339 819 4404 cisi
836 4357 894 4421 pro
909 4338 1055 4421 negocijs
1073 4337 1150 4401 ville
1177 4337 1361 4420 eorundem,
1378 4347 1436 4403 ant

311 4445 345 4506 in
362 4443 529 4524 legacione
547 4446 668 4510 domini
683 4448 781 4528 Regis
798 4447 840 4511 ad
856 4448 1002 4531 spacium
1021 4447 1106 4512 diete
1122 4446 1227 4512 unius.
1268 4447 1347 4511 ltem
1375 4467 1436 4528 pro

311 4547 445 4616 decimis
461 4556 529 4618 suis
546 4555 694 4642 capecias
712 4557 852 4641 scluant,
869 4561 962 4639 prout
978 4557 1126 4639 prouenit
1158 4557 1190 4618 in
1224 4555 1367 4640 capecijs
1399 4553 1436 4620 in
