3098 5132
319 1199 431 1264 Iatvdn
447 1195 532 1262 ezeeh
546 1201 756 1285 nayyzeapdn
780 1197 967 1284 hendiadyot
985 1193 1097 1282 foyad
1129 1221 1151 1262 a
1181 1197 1446 1283 rayazniaknak.
1542 1255 1543 1258 ,

765 1303 997 1371 1205-1222.

430 1499 468 1566 In
484 1499 617 1567 nomine
632 1498 736 1585 patris
752 1503 812 1566 eta.
836 1499 906 1582 Ego
922 1499 1058 1582 Magnus
1084 1499 1233 1584 Jupenus
1258 1497 1448 1586 Stephanus

320 1627 393 1674 enm
409 1605 486 1672 filiis
502 1606 581 1674 meis
598 1605 669 1673 iuro
686 1606 804 1674 Gemiti
820 1606 959 1692 Ragusii
983 1606 1126 1673 Jehanni
1151 1605 1301 1674 Dandnio
1327 1614 1361 1673 et
1385 1608 1449 1673 toti
1542 1599 1543 1604 ’

322 1713 491 1780 Communi
508 1713 672 1797 Ragusine
688 1711 838 1782 civitatis
855 1714 888 1780 in
904 1716 975 1782 Deo
992 1714 1073 1782 etin
1090 1715 1195 1781 Beata
1205 1713 1268 1782 Dei
1279 1713 1447 1782 Genitriee

321 1826 393 1905 eta,
409 1819 568 1904 quodem
584 1830 692 1888 vester
707 1821 831 1890 amiens
847 1829 880 1889 et
897 1821 984 1909 (vos)
1001 1823 1065 1891 mei
1081 1821 1149 1909 filii,
1164 1821 1267 1888 donee
1276 1821 1356 1888 mihi
1369 1823 1451 1889 reati

321 1927 453 1996 fueritin.
492 1930 533 1994 Et
558 1930 585 1996 si
603 1929 720 2014 aiiqnie
738 1936 848 1998 vester
864 1929 1013 1998 inimicus
1027 1931 1148 2015 fugerit
1164 1929 1207 1996 ad
1239 1947 1345 1996 meam
1377 1936 1442 1996 ter·
1542 2015 1543 2026 ἵ

320 2055 400 2124 ram,
418 2043 453 2104 ut
467 2037 540 2105 dem
556 2057 629 2106 eum
645 2039 747 2120 vobin,
764 2039 792 2108 ai
808 2041 933 2125 ceperit
947 2039 1039 2107 vobis
1057 2038 1184 2124 aliquid
1200 2039 1378 2105 molestare
1404 2037 1447 2102 de
1542 2093 1543 2104 ,

319 2151 405 2210 terra
421 2165 501 2212 mea.
525 2145 568 2210 Et
583 2151 618 2212 nt
633 2149 765 2214 veniant
789 2147 890 2216 vestri
920 2146 1067 2215 homines
1102 2166 1158 2232 per
1189 2165 1294 2213 meam
1326 2154 1449 2212 terram

319 2271 392 2318 enm
407 2253 625 2320 mereimoniie
641 2253 713 2322 eine
729 2255 799 2322 ulle
814 2255 937 2324 timore.
961 2255 1003 2320 Et
1020 2261 1054 2320 ut
1071 2274 1135 2320 non
1152 2251 1195 2322 sit
1210 2253 1257 2320 eie
1271 2253 1367 2320 nulia
1383 2251 1449 2318 for·

319 2359 377 2443 tia,
392 2367 442 2427 aet
458 2366 493 2425 nt
508 2359 653 2426 vendant
668 2367 701 2426 et
716 2367 904 2447 comparent
929 2361 1040 2429 libere.
1080 2363 1122 2428 Et
1152 2359 1244 2446 illud,
1275 2358 1363 2443 quod
1395 2367 1450 2426 eet

319 2465 749 2534 mereatorumeeneuetudn
766 2451 1003 2556 interranea,
1033 2475 1069 2534 nt
1098 2466 1176 2534 dent
1208 2465 1295 2532 mihi.
1335 2467 1379 2531 Et
1413 2473 1450 2530 nt

319 2572 456 2638 sclavus
472 2592 537 2638 non
554 2573 778 2658 apprehendat
793 2576 979 2659 Ragueeum
996 2575 1068 2642 eine
1083 2573 1213 2640 iudicio.
1253 2571 1320 2638 Sed
1349 2574 1377 2638 ei
1403 2572 1450 2640 fa·

320 2686 405 2744 etum
422 2679 519 2748 inerit
534 2679 686 2749 iniustum
702 2683 787 2750 inter
803 2684 975 2752 Civitatem
991 2682 1127 2767 Regusii
1144 2689 1176 2749 et
1191 2679 1310 2748 terram
1327 2699 1448 2766 meam,

319 2794 443 2871 ponant
459 2807 494 2854 se
511 2788 646 2876 iudices,
662 2791 717 2856 ubi
733 2799 783 2858 est
798 2789 1006 2878 consuetudo,
1025 2797 1058 2858 et
1073 2789 1235 2876 iudicent5
1261 2795 1294 2856 et
1319 2797 1354 2855 ut
1382 2810 1451 2856 nnn

319 2893 428 2982 (fiant)
444 2898 597 2982 presalia.
623 2895 762 2975 Quodsi
781 2906 893 2966 eontra
910 2899 971 2968 hee
988 2899 1105 2985 fenero,
1123 2899 1246 2967 iudieet
1262 2917 1313 2964 me
1339 2900 1447 2983 Deus,

320 3008 352 3068 et
368 3002 490 3070 Saneta
505 3005 568 3075 Dei
585 3005 742 3074 Genitrix.

440 3202 574 3268 (Ljnbies,
593 3203 718 3256 Menum.
739 3220 779 3268 sp.
798 3205 864 3256 hiet.
887 3205 962 3258 Slav.
982 3207 1081 3257 Merid.
1101 3207 1123 3255 Ι.
1143 3207 1202 3256 ket.
1224 3209 1265 3255 31.
1288 3207 1318 3268 l.)

750 3493 1018 3503 ...ffl—-u-a

850 4028 921 4096 106.

319 4231 401 4297 Bata
432 4225 536 4317 ifjabb
566 4227 742 4315 kircilynak
773 4227 852 4291 Paer
882 4229 1036 4313 helyee'yet
1066 4229 1222 4314 trirqyazo'
1264 4227 1453 4312 adorncimyn

532 4339 642 4401 Interim
659 4333 795 4420 aciqrdbi
805 4337 935 4422 piiepiik
951 4338 1110 4400 ezrimcira.
1134 4335 1229 4400 1222.

424 4536 462 4600 Iu
502 4533 633 4600 nomine
673 4531 792 4597 Sanete
822 4529 993 4595 Trinitatis
1025 4537 1057 4594 et
1082 4527 1254 4594 individue
1286 4529 1454 4596 Unitatis.

317 4641 399 4706 Beie
429 4639 492 4705 Dei
524 4638 638 4724 gracia
669 4640 746 4724 Rex,
777 4637 864 4703 iilius
895 4636 1006 4722 Regis.
1027 4638 1173 4721 Ungarie
1198 4643 1231 4700 et
1246 4635 1320 4700 Dux
1348 4637 1458 4703 totins
1542 4633 1543 4720 j
