3080 5146
616 267 778 368 Q

113 465 285 533 didemnt
298 465 453 550 pretactis
469 463 636 549 Gregorio,
660 463 810 531 Scemere
835 484 932 551 super
962 463 1109 532 sedecim
1140 463 1260 534 marcis

111 579 288 658 perpetuo
302 571 539 657 possidendas;
563 591 647 658 quas
662 571 793 656 quidem
809 571 950 640 sedecim
967 590 1094 640 marcas
1121 573 1260 658 predicti

123 679 300 746 Feldricus
315 687 348 746 et
362 679 463 772 Raslo
479 678 521 746 ab
540 679 663 748 eisdem
680 679 837 764 Gregorio
854 687 886 746 et
901 679 1053 748 Scemere
1068 679 1254 765 adplenum

111 808 160 857 se
175 787 322 854 confessi
339 793 415 855 sunt
430 787 601 872 recepisse.
626 788 664 854 In
682 789 775 857 cuius
790 786 870 854 iacti
886 786 1076 854 memoriam
1093 793 1125 854 ct
1141 807 1254 874 perpe·

117 901 215 962 tuam
231 894 421 962 firmitatem
445 894 490 962 ad
515 894 713 964 instanciam
744 903 776 963 et
806 893 1001 981 peticionem
1034 894 1254 981 predictarum

123 1005 274 1091 parcium
289 1009 418 1072 nostras
434 1005 653 1072 concessimus
667 1004 794 1071 litteras
810 1003 921 1088 sigilio
937 1011 1049 1071 nostro
1069 1004 1250 1074 roboratas.

122 1110 248 1179 Datum
265 1130 352 1178 anno
368 1109 501 1178 Domini
526 1109 699 1180 millesimo
731 1109 953 1180 ducentesimo
984 1112 1253 1198 quinquagesimo
1334 1131 1336 1135 ’

121 1225 253 1302 quarto.

441 1327 470 1393 Δ
685 1329 712 1394 Β
929 1324 954 1392 0

112 1522 267 1584 -uuredecie
287 1523 471 1590 bdrhdrtydn,
491 1524 619 1593 apecsdt
637 1527 779 1588 elveszett,
808 1524 931 1576 abudai
948 1524 1001 1576 kir.
1020 1523 1148 1578 kamarai
1167 1528 1256 1581 level·

630 1616 752 1679 tetrban.)

654 2435 729 2505 283.

127 2633 234 2702 breda
249 2635 461 2725 pdaqooichcc'
471 2637 610 2722 prepost
624 2635 658 2701 er
667 2633 864 2720 jerozolemi
888 2633 1103 2703 kcccrrckoak
1127 2635 1254 2723 bicorp-

125 2744 286 2828 scylaceo,
302 2745 385 2830 hopy
399 2767 421 2809 c
435 2742 572 2830 adgredi
586 2742 743 2829 kdptclcu
760 2747 791 2809 e'e
807 2742 1008 2810 Mdrtcooclo
1016 2743 1085 2826 fici
1102 2745 1252 2834 tepliczac’

284 2850 431 2918 birtokck
446 2853 625 2918 dctdroc'rc
641 2853 736 2916 aecae
752 2851 971 2939 eyyezkecltelc.
993 2850 1091 2919 1254.

230 3047 300 3114 Nos
331 3045 519 3133 Stephanus
545 3047 668 3113 Divina
698 3045 912 3113 miseracione
927 3045 1117 3132 Prepesitus
1142 3047 1254 3114 Sancti

127 3150 1251 3241 SepulchrideelageniehaetcauoniousEcclesielherosolimitane.

128 3257 243 3328 Notum
259 3261 397 3330 iacimus
413 3259 592 3347 universis,⁸
600 3267 770 3346 presentes
784 3259 910 3328 litteras
926 3259 1122 3344 inspecturis
1139 3285 1147 3327 :
1164 3259 1251 3348 quod

122 3369 282 3437 accedens
312 3369 356 3436 ad
385 3375 529 3437 nostram
560 3369 762 3454 presenciam
792 3369 834 3434 ab
866 3387 932 3434 una
947 3373 1041 3454 parte
1063 3375 1251 3453 procurator

128 3471 271 3544 Ecclesie
287 3475 531 3561 Zagrabiensis,
547 3475 647 3562 Moyg
662 3475 788 3542 scilicet
804 3475 943 3543 Ourialis
961 3473 1075 3542 Comes
1106 3475 1250 3544 eiusdem

124 3577 269 3651 Ecclesie
284 3584 325 3651 de
336 3584 540 3670 Toplicapro
559 3584 699 3652 dominis
715 3582 793 3670 suis,
811 3589 843 3648 et
853 3585 896 3649 ab
911 3581 1017 3650 altera
1031 3582 1090 3650 filii
1106 3585 1252 3668 Martini,

128 3685 303 3774 Gregorius
334 3693 459 3760 scilicet
490 3700 522 3760 et
552 3692 710 3761 Martinus
727 3699 760 3758 et
775 3691 1039 3775 consanguineus
1060 3691 1245 3776 eorumden,

127 3793 204 3865 Bhot
220 3799 362 3884 nomine,
380 3822 439 3887 pro
455 3821 492 3868 se
522 3807 555 3867 et
587 3801 675 3868 omni
706 3819 815 3866 eorum
845 3800 1073 3886 generacione,
1106 3799 1248 3868 confessi

125 3911 213 3971 sunt:
230 3907 316 3990 quod
333 3927 406 3974 cum
422 3907 508 3976 inter
518 3908 702 3994 Capitulum
713 3908 937 3992 Zagrabiense
954 3917 986 3973 ct
1003 3907 1194 3992 Gregorium
1210 3931 1250 3977 ac

126 4010 251 4082 fratrem
261 4037 353 4083 suum
364 4023 397 4084 et
407 4017 666 4102 consanguineos
682 4015 858 4084 altercacio
875 4034 973 4102 super
988 4015 1132 4100 quadam
1150 4027 1247 4103 purte

126 4122 421 4210 terreToplicensis
434 4125 490 4192 diu
506 4122 725 4210 perdurasset,
741 4123 875 4191 tandem
893 4121 1134 4208 composicione
1150 4125 1249 4192 inter-

124 4230 253 4298 cedente
275 4231 426 4316 pcrducti
441 4232 581 4301 fuissent
606 4233 649 4298 ad
664 4231 755 4318 pacis
771 4231 934 4314 unionem,
951 4239 985 4297 et
1002 4232 1248 4300 consensissent

126 4333 267 4406 inmetas
277 4341 506 4429 subactiquas,
523 4342 843 4427 peremptaquaiibet
853 4339 1248 4410 revocaminisfacultate.

126 4441 230 4513 Prima
247 4454 334 4516 meta
349 4449 462 4534 incipit
477 4451 519 4516 ub
536 4451 661 4518 oriente
676 4453 711 4518 in
729 4450 844 4518 arbore
860 4449 930 4534 bin,
947 4446 988 4515 de
1005 4467 1069 4534 qua
1084 4447 1248 4534 protendit

120 4550 154 4618 in
183 4554 300 4622 semita
331 4563 362 4622 et
393 4557 482 4624 venit
513 4558 555 4625 ad
588 4577 740 4643 magnam
772 4557 947 4642 viam‚que
973 4554 1248 4640 venirdepredio

1078 4665 1141 4732 26*-
