3080 5146
797 267 959 369 —eeo-

311 465 394 532 bere
409 467 443 531 et
456 464 547 532 nullo
563 457 659 530 modo
674 462 912 548 eontrevenire,
929 466 963 529 et
977 457 1065 545 quod
1074 458 1199 526 dobunt
1209 476 1353 546 opernm,
1364 456 1455 542 quod

314 569 377 638 heo
392 571 502 638 omniu
518 572 740 638 observentur.
757 571 796 636 In
807 569 903 638 huius
913 573 1023 636 eutem
1038 566 1272 654 testimonium,
1287 569 1320 632 et
1335 565 1455 632 uther

316 679 427 764 magis
459 679 557 746 robur
587 677 735 745 obtineat
765 677 937 761 firmitatis,
970 693 1107 761 presens
1123 680 1258 764 paetum
1273 679 1306 740 et
1322 689 1450 740 oonoor-

320 785 409 852 diem
425 781 520 850 iussit
536 783 642 851 dietus
658 783 807 852 dominus
822 783 898 850 Dux
916 781 1081 866 suisigilli
1099 779 1280 848 munimine
1294 779 1450 848 roboreti

318 893 408 958 Dete
422 889 570 958 Venetiis
586 889 620 956 in
645 889 774 974 palutio
803 890 952 956 Dueetus
973 888 1009 954 in
1024 887 1178 955 Rivoolto
1193 888 1275 954 urbe
1288 884 1377 952 fellei
1393 904 1451 968 per

318 1017 452 1065 menum
467 995 633 1064 Gabrielis
648 996 780 1064 Paulini
796 995 924 1063 Notarii
937 1001 1116 1081 nostreque
1132 993 1231 1062 Curio
1256 991 1453 1064 Cenoellarii

320 1104 473 1173 lelioiter.
488 1105 601 1172 Amen.

322 1301 360 1364 (A
378 1302 520 1356 uelenozei
536 1299 722 1368 ἰδιωτικός
754 1301 856 1352 »Liber
885 1299 1054 1352 Paetorum«
1086 1299 1178 1353 ozlmtl
1209 1297 1458 1364 tillemkdnyutbol

770 1392 793 1442 1.
812 1392 872 1442 kot.
894 1395 953 1442 256.
975 1393 1007 1456 l.)

857 2205 933 2274 tlt.

325 2405 391 2474 IV.
406 2407 491 2474 Be'lo
507 2405 685 2490 kirdlynule
700 2405 848 2491 bieooyoe
875 2401 981 2470 Kdriie
1006 2407 1190 2492 odrmeqyee‘
1221 2404 1359 2471 birtoleot
1392 2406 1457 2468 lde·-

325 2515 429 2600 9yasd
444 2515 631 2598 udomdnyo
647 2511 790 2598 Zlaynut'
806 2511 915 2598 Merqe
948 2513 979 2576 ee
1011 2511 1140 2578 Moesico
1172 2515 1331 2577 redencio-a.
1361 2509 1460 2574 1253.

417 2705 569 2773 BeleDei
579 2703 857 2790 grecieVngarie,
869 2703 1052 2792 Dulmeoie‚
1064 2705 1324 2796 Oroeeio,Rsme‚
1335 2701 1455 2783 Seruio,

331 2811 703 2898 Gallioie,1›odomorie,
720 2811 940 2895 (lomanieque
955 2813 1027 2880 Rex
1053 2813 1202 2882 omnibus
1219 2813 1342 2881 Christi
1357 2810 1453 2878 lideli·

326 2920 388 2988 bus
405 2927 589 3006 presentem
621 2921 777 3006 paginam
793 2921 990 3007 inspeoturie
1016 2921 1154 2990 sulutem
1171 2919 1206 2986 ln
1222 2941 1300 2989 vero
1316 2917 1462 2990 solutari.

329 3026 381 3096 Ao
412 3027 569 3096 noticiam
600 3029 825 3096 universorum
840 3028 955 3096 herum
977 3030 1064 3095 serie
1096 3028 1244 3096 volumus
1276 3029 1454 3115 pervenire,

335 3137 424 3220 quod
455 3137 570 3204 fideles
601 3137 715 3223 nostri,
746 3135 873 3221 providi
905 3135 978 3224 viri,
996 3137 1109 3221 llerge
1139 3135 1228 3206 filius
1245 3135 1415 3222 Stephani,
1430 3139 1461 3200 et

334 3243 470 3310 illothlro
494 3243 581 3310 filius
598 3243 737 3310 Wlkose
752 3243 794 3310 de
825 3243 964 3329 zmyrus,
996 3243 1041 3309 ad
1071 3250 1220 3310 nostrum
1254 3251 1456 3331 conspectum

331 3351 548 3437 eorporelitar
563 3352 743 3436 venientes,
760 3351 856 3418 nobis
875 3349 1057 3416 humillime
1072 3351 1286 3438 suplioerunt‚
1302 3352 1390 3436 quod
1403 3367 1457 3418 nos

331 3456 497 3542 quendem
529 3457 728 3544 pertoulem
753 3465 840 3525 terro
855 3477 958 3524 veeue
974 3477 1034 3526 seu
1049 3457 1292 3526 habitatoribus
1309 3457 1458 3528 destitute

331 3565 366 3630 in
383 3564 545 3634 comitatu
560 3569 670 3634 nostro
687 3565 843 3634 Crisiensi
859 3563 1005 3633 habitam
1030 3565 1154 3634 eisdem
1169 3567 1281 3651 Merge
1297 3574 1330 3634 et
1361 3567 1459 3635 lioth-

330 3672 410 3739 koni
427 3671 507 3740 dare
522 3679 555 3739 et
570 3671 748 3740 concedere
768 3672 988 3758 dignaremur.
1006 3673 1075 3742 Noe
1091 3673 1189 3758 igitur
1205 3675 1417 3744 attendentes
1431 3680 1458 3740 el

330 3779 572 3850 eonsiderentes
606 3777 798 3848 multimodo
814 3777 1020 3848 fidellissimu
1035 3780 1177 3850 servicio
1192 3783 1336 3871 ipsorum
1352 3785 1458 3866 ilergo

329 3895 363 3958 et
377 3886 576 3973 liothkonis,
592 3887 712 3973 quibus
727 3889 790 3974 ipsi
810 3887 952 3957 culmini
977 3895 1073 3958 notro
1104 3889 1327 3961 diversimode
1357 3890 1460 3959 stude·

330 4003 407 4064 runt
438 3996 653 4081 compleuere,
688 3995 809 4064 dietam
841 3996 1035 4083 partionlem
1053 4003 1138 4064 terre
1157 4003 1269 4066 nostre
1285 4018 1390 4067 reone
1407 4015 1462 4065 eeu

333 4103 464 4170 deserte
478 4101 560 4190 ipsis
577 4105 687 4187 Merge
703 4110 736 4170 et
750 4101 924 4172 Mothkoni
939 4103 1184 4190 heredibusque
1200 4111 1233 4174 et
1264 4105 1459 4193 posteritati·

333 4215 394 4282 bus
424 4209 568 4294 ipsorum
598 4209 759 4278 uniuersis
790 4211 907 4300 dumus
924 4219 956 4279 et
973 4211 1183 4282 eonoedimus
1208 4213 1461 4283 irremeabiliter

335 4323 492 4406 perpetuo
525 4316 711 4404 tenendum,
744 4317 930 4388 habendam
960 4326 992 4388 et
1022 4319 1269 4411 possidendum,
1296 4342 1393 4408 quem
1408 4335 1466 4388 noe-

335 4424 554 4512 personeliter
584 4425 796 4515 inspeximus,
824 4433 857 4494 et
881 4447 940 4515 per
956 4427 1134 4516 Georgium
1151 4429 1311 4499 Comitem
1327 4429 1461 4500 Orisien·

335 4553 414 4616 sem,
431 4540 531 4618 etque
560 4533 708 4604 Pteleum
733 4533 936 4604 'l’erreslrem
953 4536 1069 4605 meteri
1085 4535 1255 4624 fatientes,
1272 4537 1315 4607 de
1330 4554 1464 4623 quorum
