3150 5162
355 1117 416 1184 IV.
435 1117 518 1184 Belo
533 1115 709 1201 ltirdlpoolt
727 1111 834 1200 ostar,
851 1114 925 1201 sot,
951 1110 1110 1197 Osinkotu,
1140 1117 1271 1204 Nemus,
1303 1117 1412 1206 Nepae,
1439 1123 1472 1184 ὅσ

358 1225 541 1311 Akosoyire
555 1222 688 1290 mellette'
709 1221 826 1289 Ultord
840 1221 1035 1308 belpsdpeket
1049 1225 1207 1308 tdrpyasd
1237 1225 1422 1313 udomdnpn,
1450 1251 1470 1292 o

557 1329 750 1416 nprtlsss'peti
765 1327 992 1415 opdcsosdrda
1006 1333 1169 1396 szdmdro.
1194 1331 1295 1398 1259.

465 1523 545 1592 Belo
575 1522 637 1590 Dei
668 1521 783 1608 monis
813 1521 884 1589 Rex
914 1519 1092 1608 Hungsrie‚
1125 1522 1305 1610 belmeis,
1339 1521 1475 1608 (troanie,

356 1633 468 1718 Reme,
482 1629 606 1716 Seruis,
621 1626 770 1713 Gallicis,
788 1625 991 1715 Lodomeris‚
1016 1627 1239 1713 Bulgsrieque
1263 1629 1333 1696 Rex
1356 1629 1471 1697 rniuer·

357 1737 403 1806 sis
420 1737 536 1822 quibus
551 1741 719 1822 presentes
734 1733 908 1822 patuerint,
939 1735 1077 1802 salutem
1095 1735 1127 1800 iu
1144 1733 1286 1802 omnium
1310 1738 1474 1806 solnstors.

356 1843 414 1914 Pie
429 1843 546 1910 mentis
561 1841 758 1910 desiderium
777 1861 818 1909 ae
842 1839 1009 1908 laudande
1032 1839 1283 1910 deliberacionis
1314 1841 1476 1913 diffinicio-

357 1970 442 2040 nem,
473 1947 685 2034 religiosique
699 1947 858 2034 propositi
874 1949 1050 2034 puritatem
1068 1947 1279 2017 celsitudinis
1294 1949 1393 2036 Regis
1407 1971 1475 2019 eon·

358 2059 450 2146 gruis
465 2055 634 2126 fauoribus
650 2055 804 2142 intelligit
817 2054 1026 2144 attollendus,
1043 2057 1100 2142 qui
1116 2056 1160 2124 ad
1175 2057 1237 2126 boo
1252 2057 1361 2143 Reges
1386 2077 1473 2144 super

357 2171 473 2255 gentes
489 2169 523 2231 et
538 2163 652 2250 Regna
668 2161 861 2232 eonstitutos
876 2182 899 2230 a
912 2161 1054 2230 Domino
1069 2163 1266 2248 considerat,
1293 2171 1329 2232 rt
1344 2164 1475 2232 euellant
1557 2221 1558 2264 ἒ

357 2285 390 2347 et
405 2273 565 2362 dissipent
579 2271 687 2360 noxia,
714 2279 746 2340 et
762 2272 917 2340 virtutum
933 2269 1112 2339 seminaria
1128 2273 1311 2340 animarum
1335 2271 1481 2361 protenti-

362 2385 422 2452 bus
439 2385 599 2467 oportuna
614 2378 764 2448 edidoent
778 2386 880 2462 atque
894 2379 1054 2465 plantent.
1086 2377 1184 2446 cordi
1198 2377 1299 2465 igitur
1314 2377 1410 2450 debet
1421 2379 1465 2445 Be

360 2489 455 2576 gibus
471 2505 542 2556 esse
558 2492 656 2570 atque
673 2503 759 2573 eure,
776 2493 811 2552 vt
827 2504 867 2552 sa
882 2504 947 2569 que
962 2504 1022 2572 pro
1039 2485 1149 2570 quiete
1173 2485 1326 2572 religiose
1353 2505 1478 2555 oonuer·

359 2594 501 2665 sanionis
516 2598 591 2661 sunt
606 2591 768 2680 disposita
785 2599 817 2658 et
847 2591 1023 2659 salubriter
1053 2592 1217 2678 ordinate,
1247 2612 1309 2661 nee
1340 2595 1479 2680 ipsorum

357 2703 482 2786 Regum
497 2696 720 2768 dissimulatio
735 2697 895 2784 negliget,
921 2715 984 2766 neo
1007 2697 1146 2766 aliorum
1178 2698 1355 2786 plectibilis
1385 2701 1480 2786 possit

360 2804 563 2898 presumpcio
579 2806 779 2892 perturbare.
803 2803 977 2872 Nemeum
993 2805 1092 2873 niohil
1109 2804 1144 2872 in
1171 2806 1220 2872 eis
1251 2806 1384 2874 clariori
1413 2807 1485 2874 lune

358 2913 528 3000 refulgeat,
546 2931 643 2996 quam
659 2911 735 2978 fidei
751 2910 879 2998 puritas
894 2910 1061 2998 ortodoxe,
1088 2931 1153 2978 non
1169 2909 1291 2979 frustra
1315 2912 1480 2998 presertim

359 3021 447 3092 eirea
462 3019 632 3104 religiosas
647 3037 803 3105 personas
819 3017 853 3086 in
884 3017 1096 3086 fundamento
1126 3017 1204 3085 fidei
1235 3018 1356 3088 debent
1386 3037 1486 3106 opera

357 3127 546 3216 panteneia
558 3124 602 3193 sd
617 3123 719 3192 vitam
734 3123 859 3193 aditum
874 3123 1027 3210 solidare,
1059 3124 1303 3194 oonsiderantes
1319 3125 1480 3212 religioni·

358 3239 418 3304 bus
433 3233 557 3322 poeius,
575 3249 672 3316 quam
687 3229 801 3297 labore
818 3229 963 3315 eorporis
989 3228 1042 3298 vel
1074 3229 1192 3298 sudore
1221 3229 1340 3299 bellino
1372 3232 1481 3316 Regna

357 3343 420 3412 sibi
435 3340 607 3409 commissa
622 3337 787 3404 Diuinitus
803 3335 989 3422 gubernari.
1028 3337 1167 3406 Proinde
1193 3356 1266 3405 eum
1281 3358 1340 3406 nos
1365 3338 1485 3408 media·

359 3459 463 3519 torem
478 3445 541 3514 Dei
557 3453 590 3514 et
604 3443 768 3515 bominum
785 3443 949 3514 Christum
965 3444 1078 3514 lesum
1094 3453 1127 3512 et
1151 3445 1402 3514 Sunodssimam
1418 3447 1486 3516 eius

359 3553 567 3641 Genitrioem,
593 3571 657 3639 que
672 3550 774 3622 nostri
790 3551 896 3637 Regni
912 3551 1068 3640 speeialis
1085 3551 1198 3620 existit
1212 3551 1344 3622 domina
1367 3561 1401 3622 et
1430 3573 1481 3639 ps·
1555 3581 1556 3590 ¹

358 3676 460 3752 trous,
492 3660 700 3728 intendentes
717 3680 776 3746 pro
792 3659 1025 3745 possibilitatis
1040 3667 1150 3728 nostre
1166 3659 1300 3730 modulo
1316 3663 1393 3730 totis
1423 3661 1480 3730 sin·
1555 3639 1556 3665 ¹

357 3792 431 3843 nere
447 3769 564 3836 mentis
587 3765 760 3835 affectibus
790 3766 963 3855 bonorare,
994 3765 1225 3836 Monasterium
1256 3770 1301 3836 ad
1331 3769 1481 3838 bonorem

356 3880 459 3969 ipsius
476 3873 713 3945 Gloriosissime
730 3872 871 3959 Virginis
887 3873 921 3940 in
938 3873 1045 3943 insula
1061 3875 1225 3960 quondam
1249 3875 1400 3961 leporum
1430 3896 1481 3943 vo-

358 3996 433 4058 eata
449 3983 591 4053 oonstrui
607 3981 779 4048 leoerimus
796 4001 854 4049 seu
870 3979 1008 4048 fundori-
1020 4001 1186 4050 saerarum
1214 3983 1378 4068 uirginum
1411 3982 1479 4053 reli·

362 4095 591 4182 giossrumque
607 4087 809 4156 dominarum
836 4087 1013 4157 Ceuobium
1045 4110 1116 4156 eum
1146 4090 1479 4178 Arobyepisoopomm

359 4209 390 4272 et
406 4199 641 4287 Episcoporum
657 4215 696 4264 ao
711 4197 850 4264 aliorum
867 4197 1093 4282 religiosorum
1109 4198 1244 4268 oonsilio
1257 4200 1479 4268 constituimus

364 4311 397 4377 in
414 4305 539 4392 eodem,
555 4302 679 4372 salubri
694 4311 824 4390 potrum
839 4304 909 4370 Deo
926 4302 1117 4372 amabilium
1133 4305 1282 4373 Fratrum
1301 4305 1479 4374 Predinsto·

362 4435 432 4484 rum
450 4403 694 4496 gubernandum
710 4409 868 4495 regimine
884 4417 916 4476 et
931 4409 1099 4498 doetrinis,
1116 4431 1157 4478 ao
1172 4409 1368 4480 salutaribus
1384 4411 1483 4481 eonsi-

357 4532 412 4619 lijs
428 4515 677 4587 informandum.
700 4517 741 4583 st
756 4515 833 4584 lieet
848 4536 908 4585 nos
934 4515 1174 4586 consideremus
1207 4523 1391 4586 ereaturam
1419 4535 1479 4585 non
