3120 5148
694 333 738 411 93

145 529 200 610 ubi
217 525 370 608 Lobeuik
387 537 476 606 cadit
491 537 534 606 ad
550 539 650 606 alium
667 540 781 627 riuum,
796 536 916 606 deinde
930 537 1021 606 vadit
1044 537 1088 606 ad
1118 557 1271 626 magnum

142 649 255 734 fagum
271 647 328 714 nbi
346 654 397 714 est
414 653 499 713 meta
514 646 557 714 de
575 652 673 731 terra,
703 646 780 713 inde
797 645 887 713 vadit
902 644 945 712 ad
960 646 1065 712 iocum
1082 647 1139 732 qni
1155 643 1272 714 dicitur

143 753 251 840 Calue,
271 755 327 822 ubi
344 759 394 822 est
410 762 497 822 meta
513 753 554 820 de
570 761 666 834 terra,
682 755 757 822 inde
773 755 936 822 transiens
962 753 1054 820 iuxta
1078 753 1175 842 riam,
1209 774 1273 840 qne

141 863 232 930 eadit
247 863 283 928 in
298 861 413 948 rivum,
431 861 524 928 radit
540 859 582 927 ad
598 862 703 928 locum
721 861 776 928 ubi
793 861 881 930 rivus
899 859 988 927 cadit
1018 861 1052 925 in
1085 861 1270 946 Orapinam.

142 970 264 1038 Cosina
280 969 380 1054 igitur
396 969 498 1036 frater
514 968 673 1055 sepedicti
698 967 887 1056 V(ratiziai)
916 968 1049 1035 Comitis
1081 969 1179 1036 habet
1209 976 1271 1037 ter·

142 1099 222 1166 ram,
239 1097 303 1160 qne
320 1075 476 1144 dividitur
492 1095 513 1142 n
528 1085 618 1145 terra
632 1077 744 1144 fratris
772 1079 821 1144 sui
840 1073 1029 1163 V(rotizlni)
1061 1077 1206 1165 Comitis,
1236 1079 1271 1146 in

140 1187 213 1252 ioco
232 1186 288 1254 nbi
304 1183 472 1270 predictus
489 1187 578 1253 rivus
594 1185 681 1253 cadit
697 1185 730 1251 in
747 1184 933 1272 Crapinnm,
951 1186 1066 1268 inqua
1083 1181 1182 1252 babet
1198 1204 1267 1268 pre·

141 1293 230 1360 dium
249 1293 380 1360 nornine
396 1293 521 1376 Pibiuo,
540 1291 630 1360 cuius
646 1300 734 1359 mcta
749 1291 862 1376 incipit
893 1291 984 1358 iuxta
1017 1290 1198 1376 predictum
1228 1293 1269 1359 ri·

143 1423 232 1486 rom,
247 1402 302 1486 qui
321 1401 410 1468 cadit
424 1404 459 1470 in
475 1400 660 1486 (impiorum,
677 1421 774 1486 quam
784 1401 978 1467 monstrauit
989 1398 1123 1484 Nemog,
1135 1407 1167 1466 et
1178 1400 1269 1467 vadit

141 1510 185 1576 nd
202 1512 353 1578 arborem
370 1511 470 1596 pomi,
487 1508 605 1578 deinde
621 1510 664 1578 ad
680 1511 785 1578 locum
801 1512 932 1578 nomine
948 1509 1069 1596 Zavey,
1087 1506 1162 1574 inde
1178 1509 1269 1576 rodit

139 1621 179 1686 ad
196 1619 281 1686 duas
296 1621 431 1686 arbores
448 1617 508 1702 piri
525 1626 558 1686 et
573 1617 645 1685 tilio
661 1619 722 1685 sub
739 1618 856 1702 quibus
873 1625 923 1684 est
938 1615 1267 1703 metadeterra,inde

140 1747 197 1811 per
213 1733 355 1794 montem
372 1725 415 1793 ad
432 1727 580 1794 arborem
598 1725 698 1814 dumi,
715 1725 826 1810 ibique
842 1731 893 1794 est
909 1733 996 1794 meta
1012 1725 1053 1792 de
1084 1731 1180 1815 terra,
1211 1727 1266 1794 ab·

142 1833 217 1904 inde
234 1831 340 1904 tendit
355 1835 397 1901 od
415 1834 497 1903 duas
514 1841 628 1922 metas,
645 1856 707 1920 que
724 1840 799 1902 sunt
825 1836 885 1901 sub
917 1833 993 1918 sago
1024 1833 1116 1900 iuxta
1147 1853 1265 1918 aquam

141 1945 272 2010 nomine
288 1942 435 2031 Picbiua,
452 1942 528 2008 iude
543 1943 707 2010 transiens
723 1961 842 2025 aquam
859 1940 1007 2009 ascendit
1039 1940 1081 2007 ad
1114 1947 1264 2027 montem,

140 2051 185 2116 ibi
201 2050 393 2136 adiungitur
410 2071 482 2118 cum
499 2050 595 2117 metis
610 2049 722 2117 fratris
738 2050 789 2118 sui
805 2043 993 2136 V(rotizloi)
1009 2047 1154 2136 Comitis,
1186 2071 1263 2134 qun·

137 2180 206 2225 rum
223 2165 384 2226 metarum
400 2159 461 2225 suit
476 2155 600 2244 copton
617 2158 783 2228 meterius.
822 2157 974 2224 Pretcrca
990 2155 1135 2242 prefatus
1167 2155 1262 2244 V(ra-

138 2263 269 2354 tiriaus)
288 2267 402 2336 Comes
419 2267 518 2334 babet
534 2263 680 2350 predium
706 2265 835 2334 nomine
867 2265 1020 2349 Horsouz,
1053 2263 1145 2330 cuins
1177 2271 1264 2333 meto

137 2375 254 2461 incipit
270 2374 359 2440 iuxta
375 2375 478 2441 rivnm
494 2374 623 2460 Zelnik,
640 2395 738 2459 qnam
755 2374 948 2440 monstravit
964 2370 1071 2458 Boyla
1095 2372 1263 2460 merarius,

138 2490 170 2576 pt
184 2483 277 2550 vadit
293 2480 337 2548 ad
353 2487 451 2568 capnt
468 2481 645 2568 supradicti
661 2481 789 2567 Zoiuik,
817 2481 871 2546 nbi
903 2479 966 2547 fnit
997 2479 1082 2548 alius
1109 2480 1263 2548 meterius

137 2589 266 2655 nomine
285 2588 448 2676 Gerizlau,
465 2588 541 2656 inda
559 2587 664 2656 tendit
681 2587 725 2654 ad
750 2588 901 2656 arborem
926 2587 1046 2674 querci,
1077 2587 1187 2674 ibique
1215 2595 1264 2655 est

137 2704 223 2763 meta
239 2697 280 2762 de
297 2703 392 2780 terra,
410 2697 504 2764 cnius
521 2701 604 2764 meto
621 2695 682 2762 fuit
697 2694 829 2763 Rotaria
846 2696 1010 2782 meterius,
1021 2695 1263 2764 indetenditad

135 2805 239 2870 rivom
259 2803 585 2886 nomineLuciIniua,
603 2803 712 2888 ibique
740 2810 790 2870 est
820 2809 906 2870 meto
936 2809 1052 2890 terrea,
1084 2803 1159 2872 inde
1190 2825 1261 2891 per·

135 2913 300 2981 transiens
316 2912 418 2980 tendit
435 2906 625 2997 admotam,
644 2932 707 2997 qne
725 2918 773 2980 est
788 2912 879 2979 iuxta
896 2912 1023 2980 domum
1041 2911 1168 2998 Orisau,
1186 2911 1261 2981 inde

135 3019 365 3088 descendendo
382 3021 470 3088 cadit
487 3019 521 3086 in
538 3019 723 3107 Orapiuam,
741 3027 774 3086 et
789 3019 865 3086 inde
882 3021 1054 3087 revertitur
1069 3020 1112 3086 nd
1122 3019 1259 3106 primam

133 3135 262 3196 metam.
285 3127 532 3197 Prenominatns
549 3125 762 3216 V(ratizlans)
790 3128 906 3196 (lomes
939 3127 1029 3194 aliud
1061 3129 1159 3196 habet
1190 3149 1260 3214 pre·
1394 3139 1397 3144 '

133 3235 222 3302 dium
238 3237 369 3303 nomine
386 3236 552 3324 Plesiwua,
570 3236 661 3304 cuius
678 3245 765 3304 meta
782 3235 896 3322 incipit
911 3233 954 3302 ad
986 3242 1085 3322 capnt
1109 3237 1258 3305 Jaworoz

133 3349 165 3408 ot
181 3343 288 3410 tendit
303 3343 347 3411 ad
363 3345 495 3432 Liponz,
513 3344 569 3410 nbi
587 3349 637 3412 cst
652 3351 739 3412 meta
755 3342 797 3411 de
812 3350 908 3429 terra,
942 3341 1058 3409 deinde
1091 3345 1183 3412 rudit
1214 3345 1257 3413 ad

130 3453 271 3540 Drenec,
288 3452 398 3536 ibique
414 3457 464 3520 est
481 3458 568 3519 meta
584 3451 624 3518 de
642 3458 740 3541 terro,
756 3449 833 3518 iude
849 3450 892 3516 ad
909 3457 1008 3537 caput
1024 3451 1179 3537 Erigone,
1205 3455 1258 3520 obi

130 3565 180 3626 est
197 3567 283 3628 meta
300 3560 341 3626 de
356 3565 453 3642 terra,
471 3566 503 3627 et
519 3557 596 3626 inde
612 3559 783 3627 revertitur
799 3557 841 3625 od
858 3559 994 3645 primam
1006 3567 1134 3628 metam.
1150 3559 1258 3630 Habet

129 3665 348 3757 V(rntizluns)
367 3669 483 3737 Comes
500 3665 648 3754 predium
667 3667 798 3735 nomine
813 3667 1008 3752 Horongnna
1024 3669 1109 3735 inter
1124 3669 1258 3736 Zamam

130 3783 162 3842 et
180 3773 329 3861 Chrrniz,
345 3773 432 3861 quod
448 3783 497 3843 est
512 3795 682 3843 commuue
699 3774 852 3843 fratribus
869 3776 953 3863 suis,
968 3777 1058 3846 cuius
1074 3785 1162 3846 meto
1179 3778 1255 3845 inci·

127 3885 177 3968 pit
193 3883 236 3948 ad
254 3889 353 3968 capot
369 3885 505 3972 Drenec,
522 3884 580 3951 ubi
597 3891 647 3952 est
665 3891 752 3951 meta
767 3884 809 3951 dc
826 3890 922 3972 terra,
941 3905 1038 3969 quam
1064 3885 1259 3955 monstrauit

126 3992 283 4057 meterius
300 3993 422 4078 Boron,
439 3991 514 4058 indo
530 3992 633 4059 tendit
648 3990 692 4058 ad
707 3991 851 4060 anam.
869 3994 999 4061 Vransn
1014 3994 1123 4082 ctiam,
1140 4015 1257 4078 cogna-

125 4107 177 4166 tus
194 4098 376 4184 supradicti
395 4096 584 4188 Vitatizlni)
602 4097 747 4184 Comitis,
764 4107 813 4166 cst
828 4101 992 4187 particeps
1010 4101 1154 4170 eiusdem
1185 4126 1255 4191 pre-

125 4206 181 4273 dii.
222 4207 327 4273 'Poma
342 4226 419 4274 roro
436 4213 470 4273 et
486 4207 584 4274 Peius
602 4207 721 4274 fratros
737 4208 894 4294 sepedicti
911 4209 1096 4298 V(rntirlni)
1123 4211 1256 4279 Comitis

124 4315 250 4382 habent
266 4313 411 4399 predium
429 4313 558 4380 nomine
575 4312 680 4402 Otok,
710 4315 802 4382 onius
833 4324 919 4382 meta
949 4317 1066 4402 incipit
1097 4317 1131 4382 in
1164 4327 1257 4403 porto

125 4423 225 4508 Lilic,
242 4419 282 4488 do
299 4440 365 4505 qun
382 4421 538 4488 meterius
555 4419 616 4488 soit
627 4421 760 4504 Zobula,
777 4422 851 4488 inde
862 4423 1005 4491 raditud
1016 4427 1256 4493 rivumnomine

122 4531 253 4616 Bistua,
269 4529 346 4596 inde
363 4528 407 4594 ad
424 4531 528 4597 riuum
546 4530 667 4616 Pioisa,
688 4529 807 4598 deindo
825 4531 869 4598 ad
893 4551 1064 4601 arenosum
1091 4544 1254 4621 stagnum,

121 4639 198 4715 indo
218 4636 307 4704 radit
323 4637 364 4704 ad
382 4637 530 4728 iliacam,
549 4645 581 4706 et
596 4637 671 4704 iude
686 4639 774 4706 cudit
791 4641 823 4708 in
850 4639 993 4731 Zamam,
1020 4640 1061 4710 de
1092 4663 1156 4732 qun
1188 4644 1253 4728 init
