3120 5148
634 999 688 1066 98.

111 1198 230 1284 Apdcer'
244 1198 472 1283 kdptaloooole
489 1198 768 1284 bizompodpleuele,
785 1199 866 1283 kopp
883 1197 997 1262 medus
1014 1199 1229 1282 Atturzakfia

178 1306 276 1370 Bosal
290 1314 374 1370 mccii
391 1306 534 1371 dirtolodt
549 1305 644 1369 Pctcr
661 1305 901 1388 Endusflciroalc
919 1305 1034 1371 clodia.
1061 1305 1156 1372 1217.

205 1499 320 1566 Petrus
347 1498 706 1583 Quinqueeoclesiensis
738 1499 927 1585 Propositus
960 1509 991 1566 ct
1026 1506 1125 1568 totum
1158 1501 1228 1566 eius

114 1605 245 1670 Ecclesie
262 1605 449 1690 Capitulum
469 1608 629 1688 omnibus,
646 1605 689 1670 ad
706 1626 786 1688 quos
804 1614 972 1690 presentes
988 1605 1096 1674 littere
1113 1626 1227 1692 peruc-

111 1713 202 1777 uerint
217 1714 354 1780 salutem
372 1715 406 1781 iu
424 1713 573 1782 Domino.
599 1711 705 1790 Quum
725 1733 764 1780 ec
781 1733 843 1798 que
860 1723 1016 1798 geruntur
1032 1719 1064 1780 im
1081 1723 1225 1802 tempore

112 1818 169 1883 labi
185 1821 289 1885 solent
305 1841 377 1886 cum
395 1829 562 1905 tempore;
588 1819 719 1902 dignum
738 1828 798 1906 est,
815 1829 850 1887 vt
866 1841 905 1886 ea
933 1841 996 1904 qne
1027 1823 1226 1907 posteritatis

112 1925 249 1991 memorie
266 1928 525 1994 commendanda
540 1935 626 2009 sunt,
644 1929 825 1994 litterarum
843 1927 1027 1994 testimonio
1039 1929 1226 1994 confirmem·

111 2041 162 2098 tur.
183 2033 339 2118 indecor,
361 2033 447 2117 quod
463 2032 671 2102 uniuersiteti
689 2041 793 2102 vostre
819 2041 930 2102 uotum
965 2053 1037 2100 esse
1068 2037 1226 2120 volumus,

111 2138 183 2219 qood
198 2139 313 2208 Petrus
330 2141 417 2206 tilius
434 2141 555 2226 liuidus,
573 2162 613 2208 ex
630 2161 791 2209 consensu
810 2141 1026 2210 illustrissimi
1044 2141 1143 2223 Regis
1159 2143 1225 2208 Au·

110 2242 185 2326 dree,
201 2247 286 2330 terlij
304 2247 383 2314 Bele
398 2248 496 2331 Regis
515 2249 584 2334 lilij,
601 2251 644 2314 ab
661 2249 771 2315 Endos
788 2249 853 2315 tilio
869 2247 956 2313 Atha
968 2247 1113 2332 predium
1125 2249 1224 2331 quod·

111 2350 175 2416 dnm
191 2354 320 2420 momine
338 2355 447 2437 Bassi,
466 2375 536 2420 cum
548 2362 689 2440 quatuor
700 2354 860 2441 capitibus
872 2355 1106 2440 libertinorum,
1118 2363 1224 2422 octou-

105 2459 191 2540 ¹giuto
205 2467 343 2546 quatuor
360 2463 477 2528 marcis
495 2461 703 2549 comparauit,
722 2463 814 2546 eique
830 2465 1002 2547 pecuniam
1030 2482 1087 2545 per
1110 2481 1224 2530 manus

111 2565 242 2654 duorum,
259 2569 390 2634 Nicolai
409 2569 536 2636 scilicet
552 2571 607 2656 filij
626 2571 722 2655 Eser,
741 2577 772 2637 et
789 2571 916 2638 Nicolai
942 2570 997 2655 filij
1031 2570 1226 2656 sebastiani,

111 2691 180 2754 quos
196 2674 279 2740 inter
295 2675 385 2760 ipsos
401 2675 505 2760 Regia
522 2676 688 2744 Celsitudo
715 2675 893 2759 pristaldos
926 2677 1157 2758 destinauerat,
1188 2677 1222 2744 im

106 2783 267 2865 presencia
284 2785 562 2870 mostrnplemarie
589 2783 756 2868 persoluil.
798 2786 969 2851 Terminus
996 2792 1103 2852 eutem
1135 2783 1224 2852 illius

109 2887 213 2971 predij,
245 2891 327 2956 sicut
345 2912 386 2956 ex
402 2890 566 2957 relacione
583 2889 718 2956 duorum
737 2889 978 2976 pristaldorum,
1012 2899 1044 2958 et
1061 2893 1225 2976 Vtriusque

109 2996 202 3077 partis
218 3017 357 3064 assensu
373 2995 469 3086 (ispi),
487 2999 604 3084 incipit
621 2998 662 3064 de
679 2999 782 3082 Rywo
797 2997 904 3083 Alma,
922 3005 954 3064 et
967 2995 1063 3066 vadit
1077 3019 1136 3085 per
1151 3019 1224 3086 per·

110 3121 175 3169 uam
191 3106 311 3171 vallem
328 3106 371 3172 ud
388 3105 508 3172 Orman
526 3105 569 3172 ad
587 3103 806 3190 occidentem
832 3112 864 3172 et
889 3104 964 3171 iude
990 3107 1082 3172 uadit
1112 3127 1225 3175 versus

105 3212 284 3291 aquilonem
301 3213 336 3278 in
352 3213 416 3299 uis,
434 3219 466 3279 et
481 3214 633 3297 peruenit
649 3213 692 3280 cd
708 3219 828 3280 terram
845 3213 958 3280 Sancti
984 3212 1120 3296 Jacobi3
1145 3213 1222 3282 inde

108 3317 190 3383 usdit
205 3319 248 3385 ad
264 3323 418 3387 orientem
436 3321 480 3387 ad
498 3340 596 3387 vnum
614 3323 717 3388 muum
734 3321 789 3404 qui
805 3329 939 3388 vocatur
957 3320 1086 3386 Kutusd
1103 3325 1135 3387 et
1165 3341 1224 3404 per

107 3425 234 3492 enodem
251 3425 393 3494 riuulum
409 3425 501 3494 vadit
518 3427 560 3495 ed
577 3427 789 3514 occidentem,
807 3435 841 3495 et
855 3427 901 3494 ibi
918 3426 1064 3495 ascendit
1080 3447 1138 3512 per
1155 3427 1223 3494 usl-

107 3532 180 3616 lem;
204 3539 236 3600 et
252 3534 298 3600 ibi
314 3541 412 3621 mets,
430 3553 492 3618 que
508 3545 556 3603 est
581 3538 760 3603 communis
788 3557 860 3602 com
890 3535 973 3602 villa
1004 3534 1223 3621 Symigyensi,

106 3657 162 3721 que
178 3646 314 3708 vocatur
329 3641 424 3727 Bato,
442 3649 474 3710 et
491 3663 548 3728 per
565 3642 685 3709 vallem
703 3642 795 3710 uadit
812 3641 856 3709 ed
872 3641 1073 3710 occidentem
1090 3641 1133 3709 ud
1158 3663 1225 3707 ma·

104 3751 308 3831 gusmviem,
326 3767 390 3834 que
406 3756 541 3816 vocetur
568 3749 622 3816 rie
649 3751 868 3835 imperatoris,
904 3755 936 3816 et
965 3749 1028 3814 illc
1060 3749 1151 3816 uadit
1182 3751 1224 3816 ad

105 3854 262 3945 orientem,
279 3864 312 3922 et
329 3855 375 3921 ibi
392 3863 478 3922 meto
496 3876 558 3938 que
576 3863 626 3924 est
658 3856 836 3922 eommunis
870 3875 943 3922 cum
975 3857 1055 3921 villa
1086 3855 1225 3926 Abbatis

104 3961 208 4030 Sancti
223 3962 366 4039 Martini,
384 3981 444 4048 que
462 3969 595 4030 vocetur
612 3963 749 4050 Ruoroh,
768 3970 800 4031 et
816 3983 876 4049 per
902 3963 1038 4030 eundem
1065 3963 1153 4030 viam
1183 3965 1226 4033 ad

105 4077 227 4151 pontem
243 4071 349 4154 Alma,
368 4071 422 4154 qui
439 4078 576 4138 vocetur·
592 4091 731 4155 mugnus
748 4092 840 4157 pons,
858 4081 890 4137 et
915 4091 974 4156 per
999 4071 1137 4140 eundem
1168 4075 1226 4140 flu-

104 4179 184 4243 nium
200 4177 296 4244 Alma
313 4197 425 4244 versus
443 4177 610 4246 meridiem
627 4180 718 4246 iuxta
734 4179 879 4265 predium
897 4177 999 4264 Zuda‚
1031 4186 1063 4246 et
1089 4179 1225 4248 inlerius

102 4283 141 4347 ad
157 4292 277 4350 terrem
294 4285 452 4371 Stephani
467 4285 525 4368 lilij
544 4285 676 4351 Martini
692 4311 700 4368 ;
724 4285 799 4352 iude
816 4286 859 4352 ad
875 4293 992 4354 terrem
1020 4285 1136 4352 Jacobi
1163 4288 1220 4376 filij

102 4389 261 4476 Wogyus;
286 4391 362 4458 inde
379 4392 422 4457 ud
438 4393 574 4458 eundem
592 4393 696 4458 locum
714 4395 799 4460 vnde
815 4393 1015 4479 incepimus;
1039 4401 1072 4459 et
1104 4393 1149 4460 ibi
1176 4401 1225 4460 est

100 4505 183 4564 terro
199 4499 366 4566 Benedicti
383 4499 439 4582 filij
457 4499 597 4566 Martini.
640 4501 724 4566 Huic
740 4501 937 4588 condicioni,
964 4506 996 4566 et
1024 4499 1114 4570 illius
1141 4509 1225 4570 terre

99 4605 284 4673 drcuicioni
302 4614 511 4673 assenserunt
526 4625 638 4674 omnes
663 4607 760 4673 vicini
787 4607 1064 4690 circumiaceutes,
1089 4626 1228 4688 quorum
