3080 5146
646 383 711 448 355

597 473 754 480 ..ὴν-...μ-

85 581 178 646 ΔΙίιεεΐ
196 578 303 644 libras
322 583 450 644 centum
469 584 501 643 et
517 575 633 660 viginti
659 575 801 660 quinque
816 577 850 641 in
867 595 930 643 unc
947 596 1075 661 quoque
1091 577 1237 644 termino

92 683 371 772 supradictorum
403 688 540 766 quatuor
571 703 740 750 annorum.
770 684 852 748 Item
870 682 1032 751 Jadretini
1048 684 1156 752 omnia
1172 703 1233 750 sua

94 795 196 878 ligna
213 790 383 860 currentia
398 790 537 857 educent
554 789 595 855 dc
629 790 724 856 Nona
739 808 847 855 secum
864 790 898 856 iu
915 789 1062 876 Jadram,
1079 809 1142 872 qne
1158 791 1234 856 reti·

91 900 229 966 nebunt
246 903 303 964 aut
318 897 459 965 vendent
475 896 519 963 ad
544 894 743 963 voluntatem
775 895 895 962 domini
912 895 1083 975 Ducisvcl
1099 895 1235 965 Comitis

93 1007 117 1075 J
119 1006 218 1072 adre.
250 1005 392 1090 Insuper
415 1011 525 1071 autem
541 1008 711 1090 postquam
727 1000 889 1070 Jadretini
904 1001 1044 1090 predicti
1060 1005 1165 1088 primo
1181 1003 1230 1070 in·

97 1114 242 1180 trabunt
258 1111 424 1178 civitatem
439 1109 655 1198 Jadrctinam,
671 1109 940 1195 quandocumque
955 1129 976 1176 a
991 1107 1110 1179 domini
1128 1109 1228 1178 Ducis

94 1227 132 1287 et
150 1217 311 1285 (inmunis
331 1215 551 1283 ‘venetiarum
577 1215 710 1300 nuntiis,
736 1211 883 1300 syndicis
899 1234 956 1283 seu
972 1217 1235 1304 procuratoribus

92 1325 299 1412 requisitum
315 1323 423 1414 fucrit,
439 1323 584 1391 universi
601 1319 763 1390 ladrctini
780 1320 822 1390 ad
839 1323 993 1390 maiorem
1014 1324 1114 1391 etiam
1131 1323 1228 1390 drmi-

96 1440 207 1500 tatcm
225 1439 258 1500 ct
274 1431 470 1500 euidentiam
500 1430 677 1516 pleniorem
702 1429 880 1497 deliberato
897 1431 1033 1497 consilio
1050 1429 1083 1496 in
1099 1431 1231 1517 publica

97 1541 260 1609 contione
292 1539 440 1625 predicta
470 1547 575 1626 pacta,
608 1536 849 1624 promissiones,
876 1538 1092 1622 obligationes
1108 1545 1141 1605 et
1156 1558 1235 1606 con·

98 1647 249 1716 ditiones
280 1647 505 1734 approbabunt
529 1653 563 1711 et
593 1645 836 1731 confirmabunt,
854 1651 888 1712 ct
908 1646 1095 1732 promittent
1126 1665 1183 1732 per
1198 1665 1234 1714 se

99 1742 249 1839 suosque
279 1753 418 1822 heredes
449 1760 482 1820 et
496 1771 711 1839 successores,
728 1758 759 1818 ct
774 1751 958 1818 iuramento
973 1753 1145 1822 firmabunt
1163 1757 1233 1821 uni-

100 1863 193 1930 versi
210 1869 243 1930 et
254 1864 383 1947 'singuli
400 1883 460 1948 pro
477 1882 535 1930 suo
553 1859 660 1946 capite
674 1861 785 1926 omnia
815 1859 963 1943 predicta
980 1873 1011 1928 et
1042 1863 1171 1947 singula
1191 1871 1239 1929 at-

100 1970 241 2039 tendere
273 1971 384 2037 facere
415 1977 447 2036 et
473 1971 649 2036 observare
665 1969 698 2034 in
716 1975 914 2056 perpetuum,
932 1977 965 2037 et
981 1971 1072 2036 nullo
1089 1979 1233 2057 ternpore

103 2078 330 2146 contravenire
347 2077 456 2162 aliquo
474 2077 569 2143 modo
586 2077 638 2143 vcl
670 2075 852 2145 occasione.
885 2077 953 2143 Hec
981 2085 1093 2144 'autem
1124 2081 1235 2146 omnia

104 2186 257 2273 predicta
288 2195 321 2254 et
350 2185 480 2270 singula
496 2205 556 2252 nos
588 2185 681 2270 Papo
699 2181 754 2272 ,de
769 2183 909 2251 Patrona
925 2191 956 2250 et
973 2183 1173 2268 Grisogonus
1192 2185 1233 2256 dc

105 2295 222 2361 Mauro
254 2292 369 2377 nuntii,
402 2291 542 2378 syndici,
575 2299 799 2376 procuratores
824 2295 858 2356 et
872 2297 999 2357 actores
1016 2292 1234 2378 predictorum

97 2399 351 2468 dadretincrum
378 2399 593 2486 promittimus
625 2397 718 2464 vobis
764 2395 895 2464 domino
928 2405 1038 2466 nostro
1079 2399 1163 2467 Duci
1205 2411 1237 2469 et

107 2505 348 2576 successoribus
379 2507 497 2575 vestris
528 2525 587 2590 pro
619 2501 788 2572 Communi
803 2503 1023 2594 Venellorum,
1042 2515 1073 2574 et
1088 2508 1233 2576 iuramus

107 2615 151 2682 ad
165 2615 291 2682 Sancta
306 2613 369 2680 Dei
385 2611 566 2698 Evangelia
583 2613 616 2678 in
643 2613 813 2679 animabus
829 2613 973 2698 ipsorum
990 2614 1231 2685 Jadretiucrum

106 2729 141 2790 et
155 2723 189 2790 in
205 2721 380 2788 animabus
396 2719 515 2788 nostris
531 2718 710 2805 attendere,
728 2718 908 2806 adimplere
924 2729 955 2786 ct
969 2723 1103 2790 tirmiter
1121 2727 1230 2794 obser-

109 2850 187 2898 vare
215 2827 251 2894 in
285 2835 486 2916 perpetuum,
518 2833 551 2894 et
581 2827 671 2893 nullo
702 2833 846 2912 tempore
878 2832 1104 2900 contravenire
1120 2833 1230 2917 aliquo

109 2937 205 3006 modo
222 2937 277 3005 vel
293 2935 474 3002 occasione.
490 2935 599 3002 'Pcnor
614 2937 722 3001 autem
738 2933 816 3002 dicti
841 2935 1047 3004 instrumenti
1080 2959 1231 3024 procura-

100 3045 202 3112 tionis
234 3051 266 3110 ct
296 3041 490 3130 syndicarie,
539 3040 629 3108 cuius
660 3045 710 3108 est
740 3039 852 3108 habita
899 3043 1045 3128 superius
1094 3046 1226 3136 mentio,

108 3153 184 3221 lulis
202 3157 276 3221 est:

196 3261 237 3328 In
247 3257 377 3326 nomine
387 3255 449 3324 Dei
459 3256 569 3324 literni
579 3255 692 3324 Amen.
708 3255 803 3323 Anno
814 3260 855 3325 ab
866 3257 1092 3326 incarnatione
1103 3260 1235 3331 Domini

103 3368 208 3438 ·ncstri
225 3366 304 3436 desc
322 3363 444 3432 Christi
454 3363 629 3432 millesimo
640 3355 859 3432 ducentesimo
875 3363 1122 3450 quadragesimo
1133 3371 1233 3453 sapti-

110 3497 169 3558 mo,
181 3474 236 3541 dic
253 3473 368 3540 ultimo
383 3473 506 3538 mensis
520 3470 611 3558 Julii,
626 3469 803 3538 indictione
819 3471 941 3555 quinta.
958 3472 1038 3539 (lum
1054 3473 1236 3560 instigante

109 3581 240 3649 humani
271 3579 403 3663 generis
434 3579 564 3647 inimico
597 3584 630 3645 et
655 3577 1150 3664 exigentibuspeccatisnostris
1167 3604 1227 3651 nos

108 3688 271 3758 ladretini
302 3685 478 3754 Civitatem
510 3685 712 3754 Jadretlnam
744 3685 1013 3755 rebellaverimus
1045 3689 1116 3756 sine
1132 3711 1233 3760 causa

111 3805 222 3863 contra
237 3793 420 3882 piissimum
437 3793 601 3861 dominum
626 3799 768 3860 nostrum
785 3792 942 3860 Jacobum
972 3796 1157 3892 Teupplum
1173 3801 1236 3868 Dei

114 3906 214 3990 gratia
245 3903 464 3989 venetiarum,
496 3903 660 3969 Dalmatie
676 3909 773 3985 atque
798 3889 950 3970 Obroatie
965 3901 1098 3989 Ducem,
1125 3907 1235 3975 Domi-

114 4032 185 4077 num
216 4031 346 4096 quoque
372 4009 495 4089 Quarto
526 4007 632 4075 Partis
663 4017 694 4075 et
726 4007 867 4076 Dimidio
898 4009 995 4077 totius
1028 4011 1157 4099 imperii
1173 4017 1237 4084 Rc-

116 4118 224 4206 manie,
257 4127 289 4184 et
320 4123 433 4185 costra
462 4115 714 4184 famosissimam
747 4124 779 4182 et
809 4117 1016 4199 magnificam
1033 4120 1234 4189 Prorintiam

116 4223 327 4314 venetiarum,
354 4231 386 4292 et
416 4245 526 4292 eorum
557 4223 785 4292 incurrerimus
817 4224 1074 4310 indignationem
1107 4227 1167 4296 huc
1193 4231 1236 4298 de

117 4349 209 4400 causa
223 4331 256 4399 in
289 4338 427 4415 mutum,
460 4332 582 4416 quoda
599 4331 864 4400 victoriosissimo
885 4333 1028 4399 exercitu
1046 4317 1234 4405 eorumdem

117 4447 205 4524 capta
234 4439 369 4508 civitate
401 4439 581 4524 Jadretina,
613 4440 739 4508 volente
771 4441 910 4507 Domino
942 4439 1036 4508 eiecti
1051 4450 1083 4511 et
1099 4445 1235 4530 expulsi

115 4539 263 4614 ‘fuerimus
281 4545 463 4632 decadem,
481 4553 513 4614 et
528 4547 748 4615 confusionem
758 4553 789 4614 et
799 4546 1033 4615 desolationem
1056 4552 1235 4618 maximam

113 4652 195 4735 ‚passi
209 4651 363 4720 fuerimus
379 4653 413 4718 in
429 4653 523 4724 terris
539 4653 665 4742 alienis,
683 4663 801 4738 tamen,
819 4655 896 4722 licet
927 4656 1089 4742 immeriti,
1117 4659 1234 4727 contisi

1065 4765 1128 4832 23*
