3078 5128
108 1187 203 1254 neae
219 1188 324 1254 reddor
341 1188 612 1275 biaeuyadplceele
628 1211 649 1252 a
665 1190 755 1256 Kuta
770 1191 996 1276 memactedpbdl
1011 1194 1087 1259 eald
1105 1197 1228 1264 Ponetb

109 1298 171 1359 tae
187 1296 364 1360 eaethmdrc'
379 1301 440 1360 ede·
456 1293 598 1382 eacupeet'
612 1295 854 1382 edrjobddpyui
880 1298 1014 1384 Mdtyds
1044 1303 1077 1366 de
1107 1303 1226 1372 Milclde

104 1403 201 1468 ltdzbtt
216 1425 296 1468 caea
311 1401 362 1467 ket
378 1403 491 1490 cledaya'
498 1403 578 1489 feld
592 1405 684 1468 iudet
699 1404 762 1468 leelt
780 1407 990 1490 epyeeedprdl,
1020 1409 1106 1494 moly
1114 1411 1224 1494 fdldet

105 1509 213 1576 Ponetb
228 1535 266 1576 ez
280 1512 405 1578 multati
420 1512 704 1598 ee'rjebbdpyolctdl
719 1514 801 1598 crepy
816 1515 982 1579 merkddrt
998 1527 1139 1602 mappae,
1154 1518 1224 1582 deu

101 1613 263 1699 edrsdldck
288 1617 624 1704 eieeacfopluldsalccr
649 1616 821 1684 Saatltmdr
846 1623 988 1686 edrdbez
1018 1624 1221 1690 eieezuadett.

608 1723 706 1790 1239.

199 1917 366 1986 Dionisine
381 1917 444 1984 Dei
460 1917 574 2000 gracia
589 1917 758 1984 Palatinus
774 1926 806 1985 et
823 1917 939 1986 Comes
955 1919 996 1986 de
1012 1921 1127 1988 Zenok
1153 1924 1220 1990 vni·

100 2024 195 2090 nemis
210 2043 344 2110 presens
359 2025 514 2108 scriptum
531 2023 725 2109 inspecturis
740 2025 878 2091 salutem
888 2025 922 2090 in
933 2025 1081 2094 Domino.
1097 2030 1217 2098 Netum

99 2129 227 2198 iacimus
243 2130 452 2217 presentibus
470 2151 508 2198 ac
526 2131 675 2218 posteris,
691 2131 778 2216 qued
795 2151 866 2198 eum
882 2129 1008 2198 Ponetb
1033 2132 1074 2201 de
1097 2155 1219 2219 genere

101 2240 202 2306 Kaiba
216 2247 352 2324 accepte
368 2237 499 2305 homine
514 2247 624 2306 nostre
644 2238 800 2308 Gabriele
816 2238 857 2306 de
873 2239 977 2324 Tehh,
996 2239 1154 2307 Mathiam
1181 2251 1214 2308 et

99 2347 280 2414 Nieholanm
297 2348 338 2414 de
353 2347 436 2412 uilla
451 2345 601 2429 Ohenger
618 2347 812 2431 iobagiones
838 2345 945 2414 Casiri
976 2345 1018 2413 de
1050 2346 1215 2436 Zatbmar,

98 2455 135 2519 ad
150 2461 287 2521 nestram
306 2454 440 2520 uitasset
455 2454 669 2542 presenciam,
696 2474 794 2538 super
820 2454 931 2539 precio
964 2460 1049 2522 terre
1081 2453 1215 2522 duorum

99 2569 278 2648 aratrorum,
305 2582 402 2644 qnam
420 2565 537 2628 emisse
553 2559 683 2629 dicebat
699 2562 739 2628 ab
757 2562 805 2628 eis
824 2567 961 2646 quatuor
987 2563 1115 2647 marcis,
1148 2585 1212 2648 que

96 2668 189 2736 iuerat
203 2668 236 2736 in
253 2671 465 2736 resecatione
481 2673 640 2736 terrarum
657 2668 771 2736 Castro
796 2669 956 2756 restituta,
989 2690 1053 2737 non
1080 2691 1210 2757 eompa-

95 2785 215 2844 roernnt
230 2777 332 2844 semel
348 2784 380 2842 et
396 2775 546 2862 seeundo,
563 2777 695 2842 tandem
710 2777 744 2842 in
760 2777 863 2844 tercia
894 2777 1065 2860 citatione,
1097 2783 1211 2845 nestra

96 2885 305 2970 permissione,
322 2891 573 2970 composnerunt
587 2885 622 2950 in
638 2884 722 2950 bunc
747 2883 887 2970 medum,
912 2882 1106 2974 quibusdam
1131 2885 1210 2953 uiris

95 2993 190 3075 probis
205 2991 432 3077 mediantibus,
448 2991 531 3056 Bille
547 2991 707 3076 videlicet,
725 2991 925 3058 etlliehaele
941 2990 1040 3058 fratre
1053 2991 1207 3080 einsdcm,

94 3108 120 3164 et
134 3101 254 3167 Jeanea
271 3100 395 3166 Gemite
410 3098 478 3166 filie
496 3099 617 3183 Turap:
631 3099 717 3182 quod
735 3099 812 3164 dicti
827 3099 967 3166 Mathias
984 3104 1015 3164 et
1030 3099 1207 3168 Nieholaus

93 3213 197 3275 terram
213 3207 376 3294 quandam
394 3207 530 3272 duorum
557 3213 749 3288 aratrorum,
772 3225 868 3290 quam
901 3205 1117 3272 uendiderunt
1147 3228 1206 3292 pre

93 3314 241 3382 dotalibus
256 3315 454 3402 quibusdam
472 3315 651 3400 extraneis,
683 3315 790 3380 Peuse
817 3321 848 3378 et
873 3312 1063 3394 Laurencio,
1089 3313 1204 3398 quibus

95 3425 174 3489 nulla
203 3423 367 3489 affinitate
397 3421 569 3506 spectabat
601 3421 746 3508 emenda,
780 3421 978 3505 requirerent
1009 3420 1051 3486 ab
1082 3419 1202 3488 eisdem

91 3530 282 3615 emptoribus,
299 3529 371 3613 ipse
388 3527 513 3595 Ponetb
529 3526 727 3612 adiuuante;
746 3529 884 3611 quamsi
901 3527 1044 3612 recipere
1059 3537 1201 3613 possent,

91 3636 219 3704 Ponetbo
235 3635 303 3702 iarn
319 3637 406 3702 dieto
431 3642 588 3717 tanquam
615 3634 777 3701 affinitate
810 3635 991 3719 eeninnete,
1022 3636 1199 3704 secundum

90 3751 194 3812 rectam
211 3742 452 3812 estimacionem
472 3743 651 3809 uenderent
666 3743 807 3810 mediam
824 3749 950 3828 partem
967 3743 1072 3828 ipsius
1102 3749 1198 3831 terre,

90 3861 114 3918 et
127 3853 242 3920 Ponetb
259 3851 466 3935 supradictus
482 3850 624 3933 precium
639 3850 827 3936 supradicte
843 3857 996 3936 terrepre
1007 3871 1073 3935 qua
1083 3852 1200 3920 eitaroe·

88 3969 168 4027 ratet
181 3965 305 4046 partem
322 3958 356 4023 in
373 3959 497 4025 duobus
512 3957 653 4045 iudiciis,
665 3979 728 4042 que
737 3959 842 4042 ipsum
853 3958 1071 4048 contingebat,
1081 3959 1198 4044 qnibns

89 4074 294 4134 remanserant
333 4066 367 4132 in
407 4065 613 4153 negleceione
653 4065 789 4131 deornm
829 4065 1050 4155 terminorum,
1074 4067 1198 4134 eisdem

88 4177 257 4256 remitteret,
274 4193 332 4261 pre
349 4175 434 4240 bene
451 4173 553 4262 pacis,
570 4180 602 4239 et
616 4173 665 4240 illi
680 4173 857 4240 Nieholaus
874 4173 1061 4240 etMathias
1086 4191 1197 4259 super-

87 4283 228 4352 adderent
243 4283 389 4350 Penetho
405 4285 528 4366 absque
543 4283 653 4368 preeie
680 4283 785 4348 locum
819 4281 994 4348 molendini
1027 4289 1059 4348 et
1090 4283 1195 4349 lecum

86 4391 161 4457 curie
174 4413 244 4458 cum
260 4397 342 4474 orto,
360 4389 536 4457 seeundum
554 4391 642 4476 quod
657 4393 766 4458 Pensa
782 4395 814 4456 et
825 4390 1024 4456 Laurencius
1050 4390 1195 4474 posside·

86 4497 159 4566 bant.
180 4500 264 4568 Etsi
281 4498 385 4582 ipsam
402 4503 522 4564 terram
539 4520 560 4566 a
576 4500 686 4566 Pensa
702 4507 734 4566 et
755 4499 935 4567 Laurencie
962 4500 1104 4583 recipere
1129 4518 1194 4566 nen

80 4613 208 4691 possent,
230 4606 464 4674 nichilominus
491 4606 608 4674 darent
622 4605 766 4676 Ponethe
783 4607 889 4673 lecum
916 4605 1094 4674 molendini
1119 4625 1193 4674 cnm
