3150 5162
653 247 812 346 443¹...

151 459 280 534 remus.
303 441 389 522 Quia
406 462 479 510 cum
503 441 691 527 frequenter
721 442 764 511 ad
796 442 931 511 diuma
961 442 1137 510 trahantur
1168 435 1307 522 iudicia,

161 547 384 632 periculosum
400 549 554 616 existeret
570 556 702 637 propter
718 549 844 618 uiarum
861 549 1051 617 discrimina
1061 547 1095 613 in
1106 544 1303 630 quibuscun-

162 675 229 739 que
246 655 379 739 iudicijs
395 654 576 741 principale
592 656 800 742 priuilegium
817 656 978 724 exhibere.
1012 653 1080 724 Nos
1098 651 1200 738 igitur
1214 651 1307 737 ipso-1

164 781 237 828 rum
253 761 349 830 iustis
365 763 517 847 precibus
542 771 635 847 grato
661 769 890 832 concurrentes
920 781 1067 846 assensu,
1090 759 1300 847 priuilegium

166 871 269 936 beate
283 869 436 938 memorie
450 869 563 938 Sancti
574 869 732 956 Ladislaij
745 870 844 954 Regis
855 889 913 957 per
923 869 1052 938 fidelem
1061 865 1301 934 (lancellarium

165 981 316 1042 nostrum
331 975 499 1062 Matbyam
515 977 719 1063 Propositum
736 979 854 1064 inspici
869 977 1016 1062 fecimus,
1033 983 1066 1044 et
1081 974 1183 1058 sigilli
1196 973 1301 1042 nostri

167 1083 350 1150 munimine
365 1083 529 1170 insigniri.
554 1083 653 1152 Cuius
668 1091 761 1152 tenor
777 1084 853 1152 talis
869 1093 928 1154 est.

283 1191 440 1269 Quamuis
457 1191 552 1262 homo
569 1193 757 1277 omniaque
774 1193 920 1278 possidet
934 1189 1175 1276 aDeohabeat,
1193 1195 1306 1256 tamen

167 1298 204 1362 id
220 1299 308 1382 quod
324 1299 423 1366 habet
438 1299 509 1366 Deo
525 1301 660 1385 prebere
676 1321 740 1367 non
758 1301 895 1368 dubitet.
933 1299 1060 1367 Etenim
1076 1299 1104 1365 si
1122 1297 1263 1378 Christo,
1279 1313 1302 1360 a

169 1425 236 1488 qno
251 1406 352 1472 multa
367 1407 475 1490 habet,
492 1425 598 1491 pauca
614 1408 780 1491 porrigere
797 1407 937 1492 dubitat;
952 1415 983 1472 et
999 1406 1079 1474 illud
1095 1402 1183 1488 quod
1201 1399 1304 1487 possi·

170 1511 227 1578 det
244 1513 363 1599 perdit,
387 1521 419 1579 et
435 1514 505 1580 eius
521 1515 787 1582 remuneracione
803 1523 838 1580 ut
853 1517 1031 1582 absconsor
1061 1511 1155 1580 unius
1186 1508 1305 1576 talenti

170 1621 305 1686 carebit.
330 1618 416 1697 Quia
433 1621 487 1704 qui
504 1622 538 1688 in
555 1621 619 1708 hiJs
635 1621 837 1700 delectantur
859 1643 922 1706 que
947 1621 1044 1688 huius
1074 1619 1186 1688 mundi
1218 1623 1303 1702 sunt,

170 1746 302 1812 semper
318 1727 505 1795 mendicant
522 1735 553 1796 et
569 1729 603 1794 in
619 1735 767 1814 egestate
784 1737 986 1816 permanent.
1009 1726 1082 1806 Qua
1099 1748 1176 1795 uero
1202 1746 1305 1794 remu·

175 1834 351 1902 neracione
367 1855 409 1902 ne
425 1837 639 1924 priuaremur;
659 1837 872 1904 Beatissimae
888 1837 957 1902 Rex
973 1835 1171 1923 Stephanus,
1182 1852 1308 1902 succes·

174 1961 265 2009 soree
281 1944 398 2028 Reges,
426 1945 543 2030 Duces,
570 1940 751 2027 PontificeS,
784 1943 936 2028 Comites,
967 1942 1133 2025 ceterique
1163 1940 1306 2026 religiosi

173 2050 333 2134 homiues,
349 2061 381 2116 et
397 2051 466 2134 Ego
481 2051 549 2117 Rex
566 2050 745 2118 Ladizlaus
762 2051 994 2118 Monastcrium
1029 2049 1140 2116 Sancti
1172 2048 1307 2115 Martini

174 2177 277 2242 supra
293 2158 436 2224 Mentem
451 2155 622 2224 Panuooie
653 2158 761 2238 sitnm,
792 2165 888 2244 prout
918 2159 1022 2240 Regia
1051 2157 1102 2223 nis
1134 2156 1309 2240 concessit,

178 2263 290 2332 multis
307 2263 565 2332 condouauimus
581 2266 708 2350 opibus.
734 2264 841 2352 Vnde,
859 2283 937 2332 uero
967 2285 1009 2330 ne
1040 2283 1097 2348 per
1112 2263 1306 2332 uiolenciam

174 2373 366 2458 aliquorum,
383 2374 435 2438 uel
454 2373 601 2440 fraudem
619 2393 677 2439 seu
693 2392 752 2458 per
778 2371 1018 2457 negligenciam
1051 2371 1178 2455 aliquid
1210 2371 1307 2454 depe·

173 2487 256 2564 reat,
290 2479 359 2564 Ego
375 2480 445 2546 Rex
460 2480 638 2548 Ladizlaue
656 2479 791 2548 consilio
807 2480 948 2547 omnium
966 2481 1073 2563 Regni
1088 2479 1152 2544 mei
1182 2479 1305 2546 Prima-

176 2597 245 2654 tum
261 2590 373 2656 curaui
391 2589 596 2656 dinumerare
612 2597 646 2656 et
663 2588 892 2656 commendare
917 2587 993 2654 huie
1020 2597 1109 2654 carte
1141 2587 1308 2673 scriptum.

175 2695 218 2759 Et
233 2703 270 2762 ut
285 2703 418 2781 propter
435 2683 660 2779 antiquitatem
678 2693 883 2780 negligencie
899 2695 988 2761 locus
1005 2714 1046 2761 ne
1063 2691 1217 2779 daretur;
1244 2694 1308 2762 ius·

175 2803 288 2883 simue,
306 2808 341 2868 ut
357 2802 399 2868 ad
415 2801 603 2868 memoriam
620 2803 759 2888 posteris
777 2823 837 2888 per
852 2801 1067 2870 succedencia
1083 2808 1231 2888 ternpore
1252 2805 1308 2870 ob·
1396 2801 1400 2809 '

174 2917 371 2976 seruaretur.
395 2907 463 2988 Que
480 2917 587 2976 eutem
604 2909 725 2976 tradita
740 2917 825 2995 eust,
854 2931 981 2993 queque
1006 2910 1171 2992 acquisitu
1203 2907 1308 2976 eidem

176 3017 298 3083 Sancte
314 3017 374 3082 Dei
393 3016 536 3084 Ecclesia
551 3015 593 3083 ab
620 3017 672 3083 his
704 3017 841 3101 prelatis
874 3015 1056 3082 homiuibus
1088 3035 1159 3081 oum
1193 3016 1310 3083 ceteris

175 3123 337 3190 reditibus
354 3125 388 3190 in
405 3131 501 3210 terra,
518 3126 552 3190 in
568 3145 666 3210 aqua,
683 3126 718 3192 in
735 3126 866 3210 tributo,
898 3127 979 3192 etin
996 3123 1084 3193 omni
1115 3123 1306 3192 substancia

178 3239 213 3300 et
227 3231 395 3318 facultate,
412 3234 617 3300 continentur
633 3233 768 3300 subhac
785 3233 1005 3300 denotacione.
1023 3231 1092 3298 Hec
1108 3238 1182 3300 sunt
1197 3237 1307 3298 cutem

179 3339 296 3425 predia
313 3347 345 3406 et
362 3341 548 3406 mansiones
564 3348 737 3422 ceteraque
754 3341 887 3408 mobilia
912 3339 1056 3408 eiusdem
1089 3340 1209 3406 Sancte
1241 3338 1305 3404 Dei

174 3445 341 3513 Eccleeie:
360 3447 501 3512 Primum
517 3445 664 3531 predium
680 3455 729 3516 est
745 3445 925 3530 Pannonia,
943 3447 997 3513 ubi
1014 3449 1111 3514 situm
1130 3456 1180 3514 est
1194 3447 1308 3513 Mona·

175 3551 320 3620 sterium.
346 3549 529 3618 Secundum
546 3550 693 3636 predium
727 3561 776 3620 est
807 3553 962 3638 Roronty,
994 3552 1080 3637 qnod
1111 3550 1203 3619 dedit
1234 3553 1304 3620 Rex

175 3659 353 3728 ladizlaus
370 3678 429 3744 pro
447 3659 667 3744 redemptione
683 3662 791 3728 anime
807 3681 875 3748 suo,
909 3671 941 3727 et
959 3661 1079 3728 siluam
1113 3681 1212 3728 unam
1245 3681 1308 3745 que

174 3766 360 3854 appellator
375 3767 499 3851 Haeag.
523 3767 672 3835 Tercinm
688 3769 836 3854 predium
852 3775 904 3836 est
919 3767 1052 3854 Hymdy
1078 3771 1207 3836 nomine
1231 3767 1310 3834 uille

174 3873 389 3962 appellatum.
413 3871 570 3952 Quartum
586 3875 734 3961 predium
751 3873 904 3959 estquod
922 3883 1055 3945 uocetur
1079 3875 1178 3962 Lazy.
1211 3873 1311 3954 Quin·

173 3991 240 4048 tum
258 3980 407 4068 predium
425 3983 575 4066 estquod
591 3991 727 4050 uocatur
743 3984 886 4069 Wosyan
916 3982 1029 4050 eodem
1054 3981 1149 4049 modo
1180 3982 1311 4050 nomine

177 4089 255 4157 ville
270 4089 485 4175 appellatum.
510 4090 642 4157 Sextum
660 4090 809 4175 predium
827 4095 876 4156 cst
892 4089 1028 4158 Wenha.
1066 4088 1245 4174 Septimum
1260 4096 1310 4157 est

173 4197 263 4282 quod
280 4196 371 4264 dedit
384 4197 473 4284 Kery
489 4197 602 4266 eodem
619 4197 727 4284 modo,
744 4197 873 4266 nomine
897 4197 966 4264 eius
990 4196 1178 4282 appellatus
1206 4197 1310 4264 locus.

176 4305 339 4372 Oetaeum
355 4303 504 4390 predium
520 4311 571 4374 eet
587 4292 711 4390 quod‘a
726 4305 843 4374 colono
859 4303 988 4391 accepit
1002 4323 1119 4372 nomen
1144 4303 1310 4393 Weynnlr,

180 4423 213 4480 et
228 4410 424 4496 quandoque
438 4411 485 4480 ibi
502 4411 699 4500 piscatorum
716 4415 810 4502 copia
825 4422 884 4500 est,
902 4413 945 4480 ad
961 4411 1116 4480 auxilium
1133 4431 1244 4480 eorum
1255 4411 1311 4478 de·

177 4520 225 4588 dit
238 4522 312 4590 Rex
328 4519 505 4590 Ladizlaue
521 4520 628 4588 lacum
646 4541 742 4590 unum
761 4523 816 4606 qui
832 4529 968 4590 uocatur
985 4518 1119 4604 Cremu,
1143 4529 1176 4586 et
1191 4526 1312 4588 terram
