3098 5132
568 323 728 418 „¹93³-

101 518 191 605 predio
200 537 259 585 suo
270 515 446 603 toto,quod
455 517 539 584 inter
549 515 704 584 Drawnm
714 521 745 584 et
754 515 879 584 Murum
889 513 1214 601 habebut,prelatsm

105 625 250 710 petuniam
278 625 472 692 adversario
488 645 548 692 suo
564 621 774 710 persolveret,
791 621 849 688 toli
867 627 978 689 tamen
994 620 1209 690 eondioione:

105 740 130 799 ut
148 736 173 800 si
195 753 298 818 usque
325 732 371 800 ad
397 733 613 799 Nativitatem
629 729 761 798 Domini
786 732 935 817 proximo
961 739 1133 799 venturum
1149 749 1217 796 non

105 841 238 924 redderet,
248 846 328 908 tune
345 847 379 906 et
393 847 495 908 totum
510 840 656 926 predium
668 838 828 926 perderet,
839 827 870 906 et
881 843 996 907 eontra
1019 837 1213 924 Episcopum

108 947 225 1032 emplius
255 949 290 1015 in
324 947 436 1032 aliquo
467 969 526 1034 pro
552 947 666 1036 predio
682 949 953 1017 reolomooionem
979 967 1044 1016 non
1060 945 1206 1012 haberet.

107 1055 210 1139 ltquis
222 1054 342 1122 dietum
355 1057 526 1142 pecuniam
536 1075 642 1140 usque
653 1055 836 1142 predictum
846 1057 1018 1124 terminum
1034 1049 1210 1122 seeundum

106 1161 307 1230 conditionem
340 1162 472 1248 laetam,
504 1165 546 1232 ab
562 1165 636 1252 ipso
652 1183 730 1232 vero
761 1165 900 1232 ulterius
927 1162 1094 1232 dilacione
1125 1163 1214 1230 faeta

103 1288 186 1350 usque
200 1270 328 1338 Pascha
352 1270 459 1338 noluit
473 1273 578 1340 etiam
596 1273 804 1358 persolvere,
820 1271 935 1339 habito
951 1269 1088 1339 oonsilio
1111 1273 1211 1338 omni·

103 1377 363 1460 unllsgnstuum
387 1385 571 1446 nostrorum
603 1385 636 1445 et
662 1395 822 1448 consensu
854 1377 1035 1464 predictum
1066 1379 1212 1462 predium

107 1481 245 1569 lluteriui,
260 1484 380 1551 Bistrie
406 1484 558 1553 videlieet
573 1492 605 1552 et
630 1484 713 1552 Otoe
729 1483 848 1571 Seiget,
867 1485 1029 1572 Episcopo
1044 1486 1079 1552 in
1095 1505 1208 1573 perpe·

107 1593 178 1655 tunm
217 1590 478 1660 adiudieevimue
510 1592 753 1679 possidendum.
794 1591 957 1661 Pristuldo
988 1591 1084 1660 huius
1114 1611 1213 1660 oense

109 1698 202 1764 totalis
217 1700 387 1788 existente,
404 1701 487 1768 sieut
518 1701 731 1788 prediximus,
764 1699 889 1768 Gemite
921 1701 1029 1769 Chele.
1047 1697 1091 1767 Ut
1113 1699 1216 1786 igitur

109 1801 156 1868 hoo
169 1803 288 1872 firmum
305 1815 338 1874 et
361 1809 482 1876 stabile
512 1813 698 1894 perseveret
725 1817 908 1893 presentem
937 1809 1094 1896 peginam
1110 1807 1210 1892 sigilli

108 1929 155 1974 nos
169 1911 193 1974 ri
208 1913 409 2000 inpressione
420 1915 576 1982 munitam
593 1916 626 1982 in
638 1921 781 1983 tenorem
796 1916 974 1984 testimonii
985 1917 1214 1986 eoncessimut.

107 2014 208 2080 Datum
224 2039 282 2104 per
298 2041 415 2088 manus
430 2021 555 2090 Muthie
569 2021 730 2110 Prepesiti
745 2023 988 2108 Zograbiensis,
1012 2025 1087 2092 aule
1102 2031 1218 2094 nostre

109 2119 292 2192 Camellani.
310 2129 405 2193 Anno
422 2127 465 2193 ab
482 2129 714 2196 incarnacione
729 2131 860 2210 Domini
878 2129 1088 2200 MOOXXVL

215 2323 372 2386 (Thalosicu,
392 2325 517 2376 Menum.
537 2327 602 2376 hist.
621 2327 715 2391 Epire.
736 2329 856 2394 Zagrab.
876 2331 898 2380 1.
918 2331 977 2380 litt.
1000 2333 1042 2379 56.
1061 2329 1091 2394 l.)

585 2615 636 2622 -.0-

619 3143 691 3214 130.

119 3327 185 3396 Belo
199 3332 295 3416 istaut
310 3341 490 3424 leirdlynolr
513 3341 621 3410 Ventus
636 3351 887 3434 somoyymepyei
901 3349 1051 3436 helyetqet
1061 3351 1222 3437 to'rpyasd

204 3444 381 3533 adorndnyo
398 3445 512 3515 Iotodrt
528 3452 664 3536 euprobi
676 3455 806 3542 pdspdlo
820 3461 985 3523 ozdmo'ro.
1011 3459 1109 3522 1226.

202 3638 355 3707 (Tkulosiee,
374 3645 498 3696 Murrum.
517 3647 584 3697 hist.
603 3647 693 3712 Epioe.
713 3649 908 3716 Zagrabiensis
926 3655 948 3704 I.
967 3656 1027 3706 lrdt.
1048 3659 1090 3706 ts.
1108 3655 1139 3718 l.)

209 4730 295 4780 loten.
311 4741 393 4778 suso.
411 4742 480 4780 nrsr.
499 4751 541 4762 -
558 4743 628 4781 urru.
644 4743 686 4780 xx.
