3120 5148
824 263 983 361 -ss-

335 458 476 527 ecclesie
486 457 587 524 Beate
597 458 709 541 Maris,
723 477 785 541 que
800 457 864 523 sita
881 464 931 524 est
947 458 981 523 iu
996 459 1088 525 curia
1103 459 1246 543 ipsorum
1264 459 1400 526 fratrum
1420 462 1468 525 de·

339 569 400 652 dit,
417 569 461 633 sit
492 565 526 630 iu
544 565 699 631 memoria
729 564 834 649 ipsius
851 573 882 631 et
899 566 997 632 nostri
1030 564 1150 632 stabile
1167 567 1200 632 iu
1218 565 1333 633 eodem
1343 567 1418 634 loco
1435 569 1464 632 iu

341 671 674 758 sempiternumlpsis
684 671 843 757 siquidem
853 671 1007 739 fratribus
1019 680 1139 739 terram
1148 675 1314 757 quandam
1326 674 1465 741 civilium

341 783 382 849 de
398 780 563 847 domitura
579 779 619 845 de
636 780 741 846 Gorra
758 799 830 845 oum
846 781 913 846 suis
924 780 1207 866 hominibus,filiis
1224 802 1354 866 quoqne
1369 784 1466 848 homi·

343 911 429 976 uum,
445 895 602 974 perpetuo
619 885 849 970 possidendam
876 886 1081 954 contulimus.
1098 889 1170 967 Que
1187 897 1275 956 terra
1292 889 1356 957 hiis
1373 891 1464 958 metis

343 996 596 1078 cucnnciugitnr
618 1022 625 1063 :
659 994 765 1079 prima
781 999 868 1062 meta
884 1017 905 1062 a
920 997 1055 1082 publica
1086 1004 1198 1081 strata
1214 1019 1279 1080 qne
1296 998 1399 1081 vulgo
1416 1001 1466 1063 via

344 1106 504 1173 exercitus
522 1101 648 1189 dieitur,
684 1109 716 1168 et
733 1102 839 1169 tendit
854 1103 898 1170 ad
914 1105 1091 1187 Trezteuic‚
1120 1105 1236 1172 dehinc
1252 1125 1380 1190 quoqne
1397 1104 1467 1170 diri·

347 1216 433 1299 gitur
449 1211 492 1278 ad
507 1211 594 1298 riam
627 1211 796 1293 antiquam
829 1213 1022 1279 cementario
1052 1232 1151 1297 opere
1171 1215 1421 1298 supereffusam,
1438 1220 1465 1277 et

343 1326 461 1393 dehinc
475 1317 657 1406 protelatur
671 1336 772 1400 usque
788 1318 832 1384 ad
848 1316 980 1405 Gepeui,
997 1327 1031 1386 et
1040 1319 1082 1387 de
1097 1317 1220 1405 Oepeui
1237 1339 1340 1403 usque
1355 1317 1399 1386 ad
1416 1319 1466 1385 flu·

344 1434 430 1500 vium
442 1427 552 1509 Gliua,
563 1424 654 1491 cuins
670 1423 812 1491 fluminis
827 1433 996 1510 utramque
1012 1427 1117 1512 ripam
1135 1447 1303 1510 quousque
1312 1427 1347 1492 in
1358 1426 1466 1493 eadem

343 1548 431 1608 terra
447 1534 589 1602 decurrit
604 1537 774 1617 pretaxate
790 1531 901 1599 domni
916 1531 1074 1601 dedimus.
1092 1535 1142 1602 De
1158 1533 1271 1600 eodem
1289 1540 1398 1600 autem
1415 1534 1465 1599 flu·

344 1649 398 1714 uio
413 1641 602 1725 adiungitur
632 1644 718 1702 terre
735 1637 818 1725 Bris,
851 1639 1020 1721 tenditque
1036 1639 1080 1707 ad
1091 1639 1295 1725 hipecheua,
1310 1662 1350 1709 ac
1366 1661 1465 1706 rever·

345 1756 422 1820 titur
437 1750 481 1816 ad
497 1747 617 1814 dictam
644 1754 803 1811 muratam
822 1752 918 1814 viam.
948 1747 1122 1814 Hominum
1151 1767 1228 1815 vero
1246 1751 1464 1816 nominarunt

344 1864 405 1929 hec
425 1887 432 1926 :
449 1855 548 1938 Oche,
564 1852 670 1937 Budil,
688 1853 789 1917 frater
804 1851 873 1919 eius
888 1853 1032 1939 Slanem,
1058 1853 1201 1939 Drasila,
1221 1855 1365 1938 Waseto,
1381 1854 1464 1921 Wol-

346 1971 415 2037 ohe.
455 1963 570 2030 Dictus
586 1961 686 2043 igitur
716 1958 862 2028 homiues
879 1969 911 2028 et
927 1962 1194 2047 supervenientes
1212 1962 1334 2028 ineam
1351 1968 1465 2029 terram

344 2077 406 2144 sub
423 2072 482 2140 tali
503 2070 606 2135 forma
621 2067 783 2134 libertatis
799 2069 964 2135 nominate
996 2068 1106 2135 domni
1138 2067 1305 2135 dedimus:
1337 2077 1373 2134 ut
1388 2070 1464 2135 nulli

345 2179 550 2270 respondere
566 2171 635 2242 seu'r
650 2175 774 2240 servire
790 2181 971 2261 teneantur,
989 2175 1052 2242 nisi
1078 2175 1234 2258 magistro
1251 2184 1284 2242 et
1300 2175 1466 2244 iratribus:

345 2295 505 2359 immunes
530 2285 634 2352 eciam
654 2281 720 2347 siut
736 2282 877 2348 omnium
895 2283 1160 2350 exacciouionum
1178 2289 1210 2348 et
1225 2284 1462 2357 colleociouum

345 2419 409 2486 que
424 2415 482 2482 per
498 2389 705 2459 Sclavoniam
730 2389 904 2476 habentur,
928 2389 997 2456 sire
1013 2410 1071 2474 pro
1097 2390 1296 2456 necessitate
1327 2393 1467 2458 Ducatus

345 2509 560 2593 imponentur.
591 2497 682 2563 Villa
699 2517 786 2581 vero,
818 2505 1028 2582 quevooatnr
1061 2498 1229 2585 Cresseuo,
1247 2519 1343 2581 quam
1377 2506 1467 2584 pater

348 2621 461 2683 noster
478 2607 633 2695 predictis
650 2605 805 2672 fratribus
822 2605 921 2692 dedit,
939 2605 1114 2672 secuudum
1147 2614 1291 2672 tenorem
1309 2606 1466 2690 privilegii

346 2730 458 2792 nostra
488 2715 683 2783 auctoritate
715 2716 907 2780 inconeussa
939 2721 1140 2799 permaneat.
1174 2714 1264 2780 Villa
1280 2732 1405 2797 quoqne
1429 2713 1467 2776 de

346 2829 485 2898 Tresina
503 2843 574 2888 cum
603 2821 751 2887 omnibus
768 2822 838 2886 suis
858 2821 1070 2906 pertinenciis
1103 2820 1198 2887 certis
1215 2824 1310 2887 metis
1343 2822 1467 2886 circum·

346 2936 477 3023 scriptis
493 2986 503 3020 ,
541 2948 678 3015 quarum
716 2925 873 3010 siquidem
913 2936 1071 2995 metarum
1110 2929 1242 2995 uomina
1280 2936 1355 2994 sunt
1392 2927 1467 2992 hec:
1558 2961 1559 2969 κ

347 3051 466 3116 flumen
498 3039 582 3125 quod
614 3042 750 3103 vocatur
781 3034 999 3120 Cremekysa,
1041 3035 1127 3118 quod
1161 3034 1251 3101 vadit
1290 3056 1391 3118 usque
1427 3034 1468 3098 ad

347 3161 496 3241 Cupam,
535 3168 574 3213 ex
613 3144 680 3210 alia
719 3151 811 3226 parte
849 3164 907 3228 per
945 3164 1097 3228 magnam
1136 3142 1221 3208 viam
1263 3144 1375 3229 regis,
1410 3162 1468 3224 quo

347 3263 439 3332 uadit
463 3253 658 3337 Zagrabiam
684 3270 724 3316 ex
750 3254 842 3333 parte
867 3250 1010 3316 Bouiehe
1035 3269 1136 3332 usque
1161 3251 1203 3315 ad
1231 3251 1365 3334 Cupam,
1382 3269 1469 3333 supe-

347 3378 413 3440 rius
429 3372 479 3432 est
509 3359 640 3446 quidam
667 3377 759 3422 mons
786 3357 840 3440 qui
866 3356 984 3422 dividit
1012 3364 1115 3423 metas
1146 3356 1235 3423 illius
1259 3366 1343 3423 terre
1375 3377 1470 3439 usque
1557 3415 1558 3472 ,

348 3479 390 3545 ad
408 3477 512 3540 locum
528 3466 585 3549 qui
601 3464 719 3530 dicitur
735 3462 858 3548 Selath,
876 3471 910 3528 ut
927 3465 1076 3547 superins
1091 3462 1279 3530 dictumest
1293 3465 1334 3530 de
1349 3465 1469 3531 Cressa-

347 3582 567 3670 no,perpetuo
584 3569 737 3655 predictis
748 3568 906 3634 fratribus
922 3578 1113 3655 permaneat
1129 3571 1332 3637 inconcussa.
1350 3569 1468 3637 civitas

350 3709 425 3759 vero
441 3687 539 3763 Scev,
557 3699 654 3761 quam
672 3677 718 3743 eis
734 3676 869 3743 illustris
901 3675 1010 3760 B(ela)
1028 3677 1097 3742 Rex
1114 3677 1166 3762 pie
1184 3678 1422 3745 recordacionis
1437 3678 1468 3741 iu

351 3814 464 3885 puram
479 3785 614 3855 contulit
630 3785 847 3871 elemosinam,
864 3804 936 3849 cnm
949 3785 1096 3851 omnibus
1107 3786 1310 3870 appendiciis
1329 3788 1406 3869 suis,
1419 3785 1466 3852 sil·

347 3908 398 3974 vis
429 3897 555 3968 scilicet
571 3899 603 3961 et
619 3892 757 3977 pascuis,
774 3892 952 3976 ceterisque
968 3893 1012 3958 ad
1027 3894 1077 3959 ius
1094 3895 1205 3976 regale
1237 3893 1466 3979 spectantibus,

350 4013 429 4099 ipsis
445 4002 600 4072 iratribus
616 4019 744 4084 semper
759 4000 850 4066 firma
865 4007 1053 4084 permaneat
1063 4001 1173 4066 otiure
1190 4011 1350 4086 perpetuo
1366 4001 1468 4067 incon·
1556 3983 1557 4074 l

349 4136 456 4201 cussa,
472 4130 544 4178 cum
563 4109 700 4175 ecelesia
716 4108 810 4174 Beati
823 4103 952 4189 Georgii
971 4109 1003 4172 in
1021 4108 1166 4174 eiusdem
1193 4109 1338 4175 civitatis
1353 4110 1468 4175 territo-

347 4233 395 4296 rio
410 4225 484 4305 sita,
502 4236 598 4300 quam
616 4216 663 4280 eis
679 4215 795 4281 Petrus
821 4213 1094 4300 Archiepiscopus
1125 4214 1262 4282 Salonic
1285 4215 1385 4302 dedit,
1402 4235 1468 4279 con·

322 4314 325 4324 ,
345 4339 447 4406 sistat
482 4324 603 4390 Villam
621 4340 757 4405 quoqne,
775 4340 838 4403 que
854 4329 988 4387 vocatur
1020 4320 1213 4405 Glogoniee,
1231 4342 1330 4405 quam
1353 4320 1465 4388 Proda-

344 4428 647 4519 nusZagrabieusis
658 4427 839 4512 Episcopus
855 4448 915 4494 sua
932 4429 1068 4513 pecunia
1079 4430 1165 4515 emit,
1184 4435 1216 4494 et
1227 4450 1268 4494 ex
1285 4431 1384 4514 paru]
1400 4447 1468 4494 uos-
1555 4480 1556 4508 Ξ

347 4555 387 4618 tri
404 4545 490 4629 regis
507 4534 616 4622 B(ele)
634 4537 925 4603 concessiouecum
937 4538 1084 4603 omnibns
1101 4537 1245 4604 eiusdem
1265 4535 1468 4621 pertinenciis
