3120 5148
848 468 1008 574 ff*

366 700 705 722 uuuuuu
726 669 766 738 do
780 669 859 758 Iseo,
892 665 1124 736 Constantinus
1143 662 1183 730 de
1199 663 1335 746 Genera,
1367 661 1434 729 Leo
1450 659 1484 726 do

365 777 460 846 Drusi
472 779 580 846 ettilia
591 781 661 847 eius
677 778 806 861 Seioua,
824 777 951 844 Straaia
968 775 1009 842 de
1019 771 1159 860 Spador,
1168 769 1284 838 mulier
1293 769 1334 834 de
1344 769 1483 852 Streoha,

366 881 532 954 Johanues
549 886 591 953 rle
621 886 766 971 Zupana,
782 883 848 951 Leo
864 883 905 950 de
922 881 1057 968 Onemo,
1089 877 1310 946 christoforus
1326 899 1400 945 oum
1418 876 1485 944 filiis

364 992 492 1060 eius-
513 1034 549 1044 -
570 1031 612 1043 -
633 1031 669 1043 -
692 1035 730 1046 -
744 1001 776 1060 et
790 993 914 1077 Moneo,
933 989 1089 1068 Quirinus
1106 1005 1207 1071 gener
1225 987 1266 1054 de
1282 985 1387 1052 Paulo
1404 984 1484 1068 Sudi,

364 1101 487 1186 Symon
503 1102 545 1168 ds
560 1103 697 1188 Mariua,
716 1103 808 1168 Ruba
840 1101 951 1184 Saeuo,
969 1097 1088 1165 Mulier
1102 1095 1208 1162 Minoo
1226 1091 1267 1162 de
1293 1093 1405 1178 Drusi,
1435 1094 1483 1159 Pe·

362 1215 431 1277 trus
447 1209 488 1276 de
503 1208 583 1276 Sudi
599 1215 631 1276 et
648 1210 716 1276 eius
732 1208 899 1290 iratribus,
926 1207 1013 1274 filius
1030 1205 1071 1272 de
1086 1205 1188 1271 Paulo
1207 1235 1484 1252 —————

363 1314 477 1386 Petrus
496 1319 538 1384 de
553 1319 684 1398 Duimo,
702 1317 787 1384 iilius
799 1315 947 1384 Pisoadri
957 1323 990 1381 et
1007 1315 1077 1381 eius
1094 1333 1185 1380 soror
1201 1311 1317 1394 Maria,
1333 1308 1483 1378 Constan-

363 1421 450 1490 tinus
467 1425 510 1492 de
526 1424 650 1510 Siauga
667 1433 699 1492 et
716 1425 816 1493 irater
841 1425 912 1492 eius
928 1421 1043 1510 Sdari,
1061 1421 1167 1488 Binna
1184 1421 1226 1488 de
1242 1419 1320 1502 Stoi,
1354 1417 1479 1485 Andron

362 1534 403 1598 de
428 1533 580 1614 Mamma,
612 1533 777 1600 iohannes
801 1532 841 1600 de
866 1535 1011 1618 Alberto,
1041 1529 1209 1600 Johanues
1237 1529 1278 1594 de
1302 1525 1480 1595 Andreade

362 1641 492 1726 Manno,
507 1641 641 1726 Aritino,
657 1642 853 1730 Sararisius,
885 1641 1048 1708 Vuleinna
1065 1645 1097 1704 et
1114 1645 1217 1705 mater
1243 1637 1325 1722 eius,
1354 1634 1479 1702 Andron

361 1747 546 1817 Permunno
570 1757 602 1817 et
634 1752 735 1818 irater
750 1750 820 1817 eius
837 1749 1015 1834 Johannes,
1049 1749 1145 1814 Mena
1161 1745 1203 1814 de
1219 1745 1341 1824 Stasia,
1358 1742 1478 1810 Medius

361 1855 447 1923 filius
463 1857 596 1942 Boriuii,
626 1857 788 1926 Vuloinna
814 1858 900 1924 filius
926 1857 1036 1924 Marco
1054 1855 1094 1921 de
1110 1853 1294 1940 Speraveri,
1321 1849 1481 1920 Barbarie

359 1963 512 2049 Matelda,
524 1966 692 2034 Suororius
708 1965 749 2033 de
765 1967 930 2049 Anselmo,
947 1963 1086 2031 Niohola
1103 1963 1143 2030 de
1158 1961 1281 2046 Madio,
1297 1959 1413 2049 Cerne,
1426 1961 1482 2028 Ra-

347 2069 457 2152 .doeti‚
476 2073 660 2157 Meneagna
675 2073 716 2138 de
726 2075 836 2140 Barba
854 2078 886 2140 et
902 2069 970 2137 iilia
986 2069 1054 2137 eius
1070 2071 1183 2158 Dobri,
1201 2069 1308 2155 Bisso,
1318 2069 1480 2137 iohannes

358 2179 400 2246 de
415 2177 544 2269 Chroni,
559 2183 674 2248 Petrus
693 2181 792 2248 Aeius
818 2179 859 2246 rle
877 2179 1011 2264 Marino,
1028 2178 1155 2246 Manius
1169 2198 1273 2264 gener
1289 2176 1480 2266 Lampredii,

358 2285 462 2353 Redin
477 2288 647 2374 Dragimo,
663 2289 779 2356 Bunna
789 2287 830 2354 de
841 2289 961 2372 Dabro,
977 2288 1095 2354 Dennn
1106 2307 1195 2355 soror
1205 2285 1246 2354 do
1256 2287 1374 2371 Bravo,
1385 2285 1480 2352 Dobri

358 2395 398 2460 de
414 2395 537 2483 Simon,
552 2398 664 2464 Bellus
679 2416 777 2482 gener
802 2396 916 2480 Risini,
933 2395 1122 2462 Benedoeoo
1138 2403 1170 2461 et
1186 2401 1289 2462 mater
1305 2395 1376 2463 eius
1391 2398 1480 2462 Dom-

358 2525 408 2591 za,
440 2504 591 2572 Dabrosn
617 2503 655 2570 de
671 2505 780 2572 Dabro
797 2509 829 2570 et
845 2503 913 2569 filia
928 2503 998 2570 eius
1014 2503 1175 2587 Matrona,
1193 2503 1325 2590 Drosia,
1348 2505 1419 2571 fitia
1443 2503 1479 2570 de
1552 2555 1553 2587 ,

359 2609 492 2699 Grossa,
507 2611 609 2678 Natta
633 2611 673 2678 de
688 2614 788 2699 Auso,
814 2611 930 2678 mulier
962 2610 1004 2676 do
1030 2610 1161 2696 Seluva,
1193 2609 1306 2696 Beroo,
1332 2611 1479 2695 Strueog·
1550 2621 1552 2697 J

357 2740 410 2799 na,
428 2719 599 2808 eirardus,
616 2719 725 2787 Grubo
742 2719 782 2786 de
797 2719 903 2786 Kerzo
920 2727 952 2786 et
967 2717 1034 2785 filio
1049 2718 1130 2806 eius,
1147 2717 1286 2788 Bonoius
1302 2719 1345 2786 de
1368 2721 1478 2804 Morta,
1548 2737 1550 2807 j

357 2829 444 2896 filius
461 2827 503 2894 de
518 2826 705 2912 Maioriano,
735 2835 839 2895 mater
862 2827 904 2894 de
921 2827 1002 2893 Muri
1035 2827 1135 2910 Suno,
1166 2825 1284 2912 Pletto,
1317 2827 1479 2896 Johannen
1546 2851 1548 2917 g

358 2936 401 3003 de
416 2935 572 3020 Jordano,
587 2935 702 3022 Sergia
728 2935 769 3002 de
784 2935 918 3020 Schera,
935 2935 1034 3002 Vtala
1051 2939 1084 3001 et
1099 2933 1166 3000 filia
1185 2933 1254 3001 eius
1287 2935 1385 3023 Vera,
1419 2957 1480 3002 ma·
1544 2955 1546 3027 j

353 3053 447 3112 trena
463 3043 504 3111 de
521 3043 670 3129 Trotioio,
685 3041 822 3110 filiaster
838 3043 880 3110 de
894 3043 1018 3128 Zappo,
1034 3041 1166 3110 Andrea
1182 3043 1369 3130 Dogiroina,
1381 3045 1479 3132 Sinus,
1542 3059 1544 3138 ς

338 3152 469 3224 nrulier
484 3151 526 3218 de
542 3151 675 3220 Andrea
699 3151 740 3218 de
760 3149 842 3238 Gne,
858 3151 946 3220 filius
963 3150 1004 3217 de
1018 3151 1116 3234 Nata,
1131 3149 1194 3217 Bia
1207 3149 1324 3236 Delas,
1339 3153 1428 3222 iilius
1443 3153 1480 3220 de

353 3262 455 3329 Zerno
471 3259 575 3345 Velio,
593 3259 765 3342 Pilzaerni,
781 3257 949 3326 Johannes
966 3256 1006 3326 de
1022 3259 1181 3340 'l‘r-ellata,
1200 3259 1279 3327 Piau
1295 3259 1338 3329 do
1352 3261 1482 3344 Dresle,

351 3368 499 3454 Caerula,
514 3366 699 3454 Grampiza,
718 3367 834 3434 mulier
850 3366 980 3452 Teouni,
997 3365 1175 3454 Neootana,
1192 3367 1279 3434 filius
1297 3369 1424 3437 Bonieii
1441 3370 1480 3435 de

339 3477 468 3562 Gneus,
484 3475 625 3558 Crassio,
642 3473 734 3542 Bona
750 3475 791 3541 do
806 3476 956 3561 Belauso,
988 3475 1075 3543 filius
1092 3475 1133 3542 de
1149 3475 1286 3562 Grigoro
1318 3477 1360 3546 de
1389 3479 1480 3546 Man-

351 3585 438 3652 duea
451 3581 570 3663 Vaeoa,
586 3582 670 3652 filius
690 3583 729 3652 de
750 3583 856 3650 Minoo
872 3583 983 3666 Deleo,
1008 3583 1096 3651 filius
1112 3583 1153 3650 de
1169 3583 1349 3672 Visvugna,
1376 3581 1480 3654 Maria

350 3691 452 3760 Doleo
477 3691 519 3758 de
541 3691 755 3782 Miragambu,
772 3693 869 3760 Dessi
886 3691 984 3778 Niga,
1003 3693 1128 3760 Strasia
1144 3690 1184 3760 do
1200 3693 1319 3781 Sieelo,
1337 3695 1427 3764 filius
1443 3696 1482 3761 da

241 3801 243 3806 “
352 3801 438 3890 Uga,
456 3797 569 3867 Gruba
585 3801 627 3867 de
643 3801 770 3890 Treuto,
787 3801 954 3870 Johannes
972 3801 1012 3868 de
1029 3802 1184 3888 Zenoehi,
1200 3803 1319 3870 mulier
1333 3803 1376 3872 de
1402 3807 1480 3873 Rus·

351 3909 443 3990 tella,
459 3907 552 3996 Mari,
574 3909 663 3996 Visa,
680 3909 842 3996 Pinataro,
860 3910 930 3977 filia
946 3910 986 3978 de
1002 3909 1172 3998 Riehelda,
1188 3911 1310 3999 Murco,
1326 3913 1481 3982 Sarrace-

349 4036 425 4102 nns,
443 4015 646 4103 Habraham,
672 4016 780 4084 Reddi
798 4017 838 4084 de
854 4017 953 4084 Drusi
978 4027 1010 4086 et
1036 4019 1220 4107 filiuseius,
1244 4021 1313 4087 fitia
1336 4023 1378 4088 de
1403 4025 1484 4093 Bur·

347 4123 471 4211 dasolo,
496 4123 629 4208 Miraza,
650 4123 800 4212 Bonfazo,
818 4125 980 4193 Martinus
996 4126 1037 4193 de
1055 4125 1163 4214 Crira,
1195 4128 1312 4214 Corad,
1329 4131 1482 4200 Andreas

349 4229 537 4320 unsarana,
561 4231 663 4316 Belgi,
680 4230 787 4298 Maria
803 4233 972 4315 Assalaza,
990 4231 1160 4301 Johannes
1177 4234 1218 4302 de
1234 4235 1346 4324 Virrsa,
1363 4237 1482 4308 (iusiu-

345 4341 443 4430 linus,
460 4339 546 4408 Vera
562 4341 602 4407 de
628 4337 746 4406 Vescia
762 4341 848 4409 filius
873 4341 914 4410 de
944 4341 1067 4427 Piaina,
1091 4343 1259 4426 Manaeoa,
1290 4344 1482 4434 Grigurino,

344 4449 489 4518 Marinus
505 4447 546 4515 de
562 4448 680 4532 Korno,
696 4447 844 4515 Andreas
861 4448 902 4515 de
918 4447 1035 4534 Keruo,
1054 4449 1164 4517 Stasia
1181 4449 1223 4516 de
1238 4451 1412 4542 Umoento,
1427 4459 1487 4524 Pe·

343 4565 412 4624 trus
428 4553 469 4622 de
484 4553 583 4622 Audis
599 4555 746 4642 diacono,
769 4553 962 4642 Franzueoo,
994 4559 1102 4625 Fusus
1119 4555 1161 4624 de
1191 4557 1292 4648 Auso,
1316 4559 1410 4632 Stosi
1446 4567 1487 4634 de

328 4661 481 4738 ,Glitana
503 4660 635 4750 Spento,
659 4665 780 4731 Servus
800 4663 840 4733 de
863 4665 1042 4752 Foriporta,
1059 4663 1170 4751 Viusa,
1187 4667 1299 4736 Menoo
1318 4669 1360 4735 rie
1381 4671 1489 4764 Stosi,

344 4768 466 4879 Maioio
483 4768 568 4838 tilius
583 4771 758 4864 presbiteri
774 4769 946 4867 iohannis,
966 4775 1053 4844 Vera
1078 4775 1119 4844 de
1149 4773 1256 4870 Sergi,
1287 4775 1412 4852 Mazza
1447 4785 1493 4864 ris
