3078 5128
575 361 735 371 ..n—...—

101 459 421 536 Venerabilis-irater
436 467 547 536 hoster
562 465 790 536 Orneoniensis
806 463 986 552 Episcopus
1002 461 1097 534 nubis
1121 483 1220 572 expo·-

103 563 161 639 sui't
185 574 423 660 conquerendo,
448 574 535 657 quud
560 573 747 661 Prepesitus
773 571 920 641 lindesie
943 573 1058 642 Saneti
1083 575 1215 642 Martini

103 679 340 770 strigoniensis,
374 681 564 765 etquidem
590 679 648 767 alij
681 681 920 765 strigoniensis
943 679 1092 750 Dioeesis
1123 702 1222 769 snper

100 787 241 857 tecleda
256 787 377 857 Sancte
391 789 502 876 Maria,
518 795 551 856 et
564 789 762 874 quidusdam
778 788 856 875 alijs
871 788 1029 876 Eoelesijs
1045 787 1089 856 ad
1105 790 1218 858 Euole-

102 897 177 964 siam
192 917 285 965 suam
302 897 400 982 pleno
415 897 486 965 inre
502 898 725 982 spectantibus
744 895 878 964 decimis
895 903 929 963 et
943 897 1040 966 rebus
1055 896 1222 983 al'pjsiniu

105 1001 221 1071 riantur
236 1003 355 1072 eidem.
378 1002 518 1090 Ideoque
534 1003 724 1073 discretioni
740 1010 848 1070 nestre
859 987 922 1090 'per
936 1004 1126 1090 Apostolina
1141 1005 1219 1072 seri·

105 1117 156 1195 ptn
169 1109 370 1196 mandamus,
386 1117 547 1196 quatenns
565 1110 711 1198 partibus
723 1111 910 1178 oonuooatis
920 1109 1065 1178 audiatis
1076 1129 1219 1199 oausam,

107 1225 136 1283 et
164 1218 386 1304 appellatione
417 1225 543 1288 remota
573 1219 637 1286 fine
667 1219 776 1285 debito
807 1218 1004 1302 terminetis3
1051 1218 1220 1307 facientes,

30 1369 34 1381 .
106 1325 185 1408 quod
199 1325 406 1392 decesseritis
422 1345 481 1411 per
498 1343 667 1392 pensuram
686 1325 937 1394 ecelesiasticam
954 1327 1088 1394 firmiter
1112 1327 1221 1395 obser-

107 1433 180 1500 uari.
202 1433 317 1501 Testes
333 1439 455 1520 autem,
488 1434 543 1519 qui
560 1433 682 1502 fuerint
697 1433 814 1522 uocati,
831 1433 860 1500 si
876 1453 912 1501 se
927 1433 1045 1520 gratia
1077 1432 1153 1501 odio
1169 1433 1222 1502 uel

109 1542 213 1608 timore
228 1543 459 1628 subtraxerint,
475 1561 534 1628 per
550 1561 720 1611 sensuram
736 1541 873 1610 eandem
905 1542 1126 1628 appellatione
1156 1560 1224 1608 ees·

109 1654 196 1716 sente
218 1648 344 1734 engetis
374 1649 510 1716 ueritati
540 1647 757 1716 testimonium
788 1647 967 1736 perhibere.
1005 1647 1129 1726 Quodsi
1159 1667 1223 1715 non

109 1775 212 1824 omnes
227 1755 287 1841 hys
304 1755 503 1840 exequendis
520 1758 690 1842 potueritis
718 1759 881 1836 interesse,
912 1756 976 1823 duo
1007 1763 1153 1824 uestrum
1184 1774 1224 1822 ea

109 1863 306 1930 nihilominus
322 1869 532 1946 exequantur.
555 1865 675 1929 Datum
693 1862 819 1946 Perusij
849 1863 918 1931 Vll.
955 1859 1034 1930 Idus
1063 1861 1224 1947 lanuarij,

110 1969 310 2038 Pontifinatus
326 1970 427 2038 nostri
442 1991 529 2038 anno
546 1979 671 2040 netauo.

111 2166 240 2228 (uadetis
252 2166 430 2234 borhtrtydn
444 2167 527 2234 pipai
542 2167 696 2220 dlnmbulla
708 2169 788 2232 alato,
808 2169 959 2222 akralrkdi
981 2167 1117 2234 klptalan
1140 2169 1224 2222 level·

594 2259 733 2324 toronen.)

633 3098 706 3168 lde.

119 3297 221 3368 Lento
235 3302 488 3389 orsedpde'rduuk
504 3319 562 3388 epp
578 3299 699 3386 olimpi,
714 3287 852 3364 Jenddea
867 3297 933 3364 leod
940 3294 1051 3384 f'o'ldet
1078 3294 1233 3381 teinpyuad

118 3409 279 3476 itllulenele
294 3435 316 3476 a
332 3409 477 3477 naeinoki
492 3405 729 3493 eurjoddeppot
745 3403 953 3492 upotporot,
970 3423 1035 3470 aue
1046 3403 1233 3488 assurgant

503 3516 624 3602 eppheta
638 3515 718 3580 tunt.
735 3512 833 3580 1234.

214 3711 282 3784 lies
295 3713 476 3783 ‘Ladinlaus
492 3711 599 3782 Judex
614 3709 699 3778 Aule
714 3707 815 3790 Regio
830 3715 862 3775 et
893 3707 1008 3776 Comes
1039 3703 1232 3774 Baehiensia

122 3821 328 3906 significamus
345 3813 496 3889 omnibus
511 3826 578 3888 tam
603 3818 810 3906 presentibus
842 3837 938 3900 quam
969 3815 1085 3883 suturis
1116 3814 1233 3898 quibus

120 3937 274 4012 presentes
291 3931 399 3998 littere
416 3936 548 3998 ostense
562 3926 684 3994 ineunt
699 3951 707 3994 :
723 3922 810 4009 qnod
825 3943 895 3990 oum
907 3921 1103 4007 jobagioner
1128 3918 1234 3987 Castri

120 4033 155 4103 de
170 4037 276 4105 Zonun
291 4056 431 4104 nnaeum
446 4037 574 4104 niuibus
590 4035 736 4102 eiusdem
753 4031 858 4100 Casiri
874 4037 994 4098 terram
1010 4029 1107 4095 onius
1134 4027 1234 4094 aratri

122 4143 151 4208 in
167 4145 243 4212 uilia
257 4145 352 4212 Yned
368 4143 411 4212 ab
426 4143 573 4210 Enelesia
589 4138 806 4224 Strigoniensi
832 4137 873 4205 de
904 4135 1024 4204 Saneto
1054 4131 1233 4201 Adalbertu

125 4270 222 4319 euram
236 4253 330 4320 nobis
345 4254 564 4337 requirerent;
581 4249 711 4334 qnidam
728 4247 913 4316 canonieus
929 4243 1118 4312 Ambrosius
1135 4241 1235 4307 nomi·

124 4377 169 4444 ne,
183 4367 212 4430 et
225 4362 316 4432 Feud
331 4359 556 4430 ministerialis
572 4357 716 4427 eiusdem
732 4356 878 4424 Ecclesie
892 4374 911 4421 e
926 4351 1089 4420 contrario
1104 4369 1235 4434 respon-

125 4463 228 4534 derunt
242 4469 389 4536 dieentes
409 4497 415 4532 :
434 4487 506 4536 eam
522 4473 642 4534 terram
659 4486 698 4532 ex
713 4469 858 4549 tempore
875 4461 1009 4546 antiquo
1025 4459 1111 4526 diote
1125 4459 1237 4526 uente-

128 4571 167 4644 nie
180 4594 305 4664 semper
322 4575 433 4668 tuisse,
449 4577 508 4646 sub
524 4592 607 4664 paee
624 4579 656 4641 et
672 4573 791 4660 quiete,
817 4571 958 4656 absque
975 4564 1235 4650 eontradieoionp
