3164 5154
804 256 824 318 6

260 452 381 522 Montis
397 450 575 538 Pannonia,
591 469 664 517 cum
679 467 737 517 suo
754 446 925 518 conuentu
938 448 1155 520 meditatibus
1169 453 1288 524 litteris
1298 458 1391 543 ipso·

267 582 337 628 rum
354 556 518 626 amicabili
534 543 758 644 postolacione
782 555 999 626 amicabiliter
1023 580 1045 625 a
1074 559 1169 630 nobis
1198 563 1388 648 postulaue-

258 674 343 756 runt,
358 675 394 734 vt
410 665 452 734 de
468 665 595 731 decreto
619 661 803 731 Santissimi
816 664 915 750 Regis
932 665 1100 752 Stephani,
1118 673 1152 735 et
1174 665 1218 736 de
1240 668 1384 755 legenda

259 774 415 860 eiusdem,
430 792 470 838 ae
486 773 590 839 eciam
606 771 647 840 de
662 771 813 856 registris
829 773 975 841 Ecclesia
990 783 1100 842 nosne
1115 775 1149 844 in
1176 785 1382 846 conseruato

255 884 305 950 rio
321 881 546 962 existentibus,
563 898 626 962 que
641 877 686 945 ad
700 879 883 947 libertatem
900 880 1088 968 Monoaterij
1104 882 1252 950 Ecclesie
1283 883 1382 952 Beati

258 991 392 1059 Martini
407 985 609 1057 confessoris
625 987 704 1056 dicti
721 987 816 1056 Sacri
830 987 949 1056 Montis
973 988 1143 1057 Pannonie
1167 988 1391 1077 pertinerent,

250 1102 284 1167 in
294 1098 475 1168 subsidium
486 1103 520 1164 et
529 1095 701 1165 tuicionem
712 1093 855 1163 eiusdem
864 1096 1053 1180 Monasterii
1063 1098 1239 1166 reinneniri
1251 1104 1285 1165 et
1295 1095 1379 1186 clari,

255 1207 317 1276 sub
331 1207 440 1290 sigillo
455 1211 565 1273 nosue
581 1202 767 1270 authentico
783 1201 917 1270 easdem
933 1202 1066 1272 concedi
1081 1205 1246 1291 petebant,
1262 1213 1298 1272 vt
1329 1211 1381 1272 est

256 1322 433 1401 protectum
449 1337 458 1380 ε
473 1311 532 1380 sed
548 1311 625 1394 quia
640 1309 824 1378 huiusmodi
847 1309 1035 1380 reinueneio
1067 1320 1099 1380 et
1123 1313 1289 1381 concessio
1320 1332 1385 1398 per

257 1422 439 1507 simplicem
455 1417 650 1506 peticionem
665 1415 733 1484 fieri
750 1438 816 1485 non
832 1417 972 1486 cebebat
1000 1419 1179 1488 secundum
1208 1419 1380 1504 antiquum

254 1527 523 1598 consuetudinem
540 1525 687 1594 Bccleme
701 1533 820 1611 nosue,
836 1527 895 1592 sed
910 1525 953 1592 ad
969 1533 1156 1614 preceptum
1172 1528 1377 1594 dominorum

252 1644 438 1704 nostrorum
453 1634 552 1718 Regis
569 1639 602 1702 et
616 1635 749 1719 Regiae,
767 1635 819 1700 rel
836 1634 1059 1720 superiorum
1081 1635 1156 1702 idco
1171 1635 1217 1700 ad
1240 1637 1377 1702 mandu-

251 1749 321 1809 tum
335 1741 531 1808 litterarium
549 1741 670 1809 domini
703 1739 863 1810 (luidonis
893 1741 1106 1809 miseracione
1135 1741 1259 1810 Dinina
1290 1743 1377 1808 tituli

254 1847 375 1915 Sancte
391 1847 510 1914 Oecilie
525 1849 711 1934 Presbyteri
727 1847 921 1932 saranatis,
938 1849 1127 1933 Apostoliue
1141 1847 1236 1916 Sedis
1245 1849 1374 1936 Legati,

251 1955 285 2022 in
302 1953 443 2040 legenda
458 1953 664 2024 Sanctissimi
679 1955 778 2040 Regis
794 1955 951 2041 Stephani
968 1974 1026 2040 per
1049 1957 1282 2024 Sanctissimos
1314 1958 1378 2024 Pa·

251 2081 314 2148 pas
329 2064 513 2150 approbata
528 2070 560 2130 et
575 2063 813 2150 anthentioata,
829 2081 892 2148 que
916 2060 960 2129 ud
988 2063 1110 2130 (lictum
1141 2063 1374 2133 Menasterium

254 2171 349 2240 Beati
363 2171 496 2240 Martini
511 2171 717 2256 contessoris,
733 2169 824 2238 etad
841 2172 1024 2238 libertatem
1039 2170 1185 2239 eiusdem
1194 2173 1377 2240 loculenter

254 2285 287 2344 et
302 2278 469 2346 euidenter
484 2280 659 2364 pertinent,
684 2276 886 2363 excipienda.
925 2277 1025 2344 Cuius
1055 2279 1301 2348 eonstituoiouis
1330 2279 1374 2346 le

248 2386 354 2467 gende
369 2390 461 2452 tenor
475 2385 553 2452 talis
568 2395 636 2454 eet:

358 2491 454 2558 »Post
470 2493 593 2560 obitam
608 2513 684 2560 vero
697 2493 762 2560 stb.
780 2491 875 2580 (mint
891 2490 1046 2577 sentebb.)

351 2599 420 2666 Nos
436 2599 535 2683 igitur
551 2606 619 2667 tam
635 2599 679 2665 ad
695 2607 883 2686 preceptum
907 2599 987 2666 dieti
1019 2597 1143 2667 domini
1173 2598 1376 2688 cardinalis,

242 2725 340 2788 quam
357 2726 459 2774 eausa
473 2708 652 2777 communis
663 2707 797 2793 justicie
812 2728 862 2793 ea,
878 2727 942 2791 que
967 2708 1132 2793 pertinent
1161 2707 1204 2774 ad
1235 2707 1370 2777 libertu-

250 2819 317 2879 tem
333 2811 412 2880 dieti
427 2813 632 2903 Monastarit,
649 2815 691 2883 de
706 2816 807 2882 verbo
822 2812 864 2881 ad
880 2815 1013 2882 verbam
1037 2815 1216 2882 uberiorem
1246 2819 1294 2884 rei
1325 2816 1370 2882 ad

245 2921 406 2989 mutulam
422 2925 547 3006 absque
561 2923 713 3010 scrupulo
728 2921 867 2990 alieuius
891 2921 1044 2991 sulsimis
1071 2923 1171 2992 inseri
1203 2929 1235 2998 et
1265 2930 1369 2990 uane-

244 3028 325 3096 oribi
343 3029 488 3098 fecimus.
513 3030 552 3096 In
567 3029 660 3100 euius
676 3029 970 3115 bansson'pcionia
986 3030 1202 3115 prerogatiue,
1219 3030 1368 3098 reincen-

243 3137 359 3223 cionis,
373 3136 534 3204 libertatis
551 3146 585 3205 et
614 3135 859 3205 constitutionis
889 3137 1079 3204 memoriam
1110 3145 1369 3224 perpetuamque

242 3244 456 3312 stabilitatem
472 3244 579 3313 eidem
594 3247 793 3312 Monasterio
809 3245 904 3312 Beati
918 3245 1053 3312 Martini
1067 3244 1264 3314 contessoris
1296 3264 1374 3330 pre·

248 3356 356 3417 sentes
373 3352 500 3418 litteras
516 3359 644 3419 nestas
660 3351 883 3438 priuilegiales
899 3373 972 3419 cum
988 3350 1160 3438 pendentis
1176 3359 1209 3420 et
1232 3351 1369 3420 authen·

233 3457 290 3523 tici
305 3457 410 3542 sigilli
424 3459 527 3524 nostm
543 3459 718 3526 munimtne
733 3457 881 3527 duximus
896 3459 1110 3528 roborandas.
1133 3461 1254 3528 Datum
1277 3479 1372 3528 anno

241 3563 411 3631 Dominiee
425 3565 670 3633 iucarnationis
684 3567 859 3635 millesimo
874 3569 1099 3636 trecentesimo
1114 3566 1366 3652 quadragesimo

251 3689 346 3740 nouo.
368 3673 558 3740 Reuerendo
572 3673 643 3742 viro
669 3675 827 3759 Magistro
859 3676 1069 3744 Thatamerio
1100 3675 1187 3746 dicte
1218 3675 1367 3745 Ecclesia

243 3786 354 3847 nostre
369 3781 540 3867 Proposito
565 3784 703 3869 anteque
727 3781 826 3868 Regio
850 3785 931 3853 Vice
963 3783 1189 3868 Cancellari03
1213 3783 1365 3851 discretis

243 3888 324 3955 viris
339 3888 491 3958 Jobunne
508 3887 659 3979 Cantore,
671 3893 835 3960 Demetrio
861 3891 1012 3982 Custode,
1027 3893 1204 3981 ⁸Stephano
1228 3891 1370 3958 Deeano

232 3995 380 4063 Ecclesia
395 4006 505 4065 nostre
520 3997 743 4087 existentibus,
758 4000 819 4068 XI.
833 3999 996 4068 kalendas
1011 4000 1160 4085 Augusti.

341 4101 378 4190 b)
402 4105 687 4176 Excellentissimo
703 4108 844 4177 Domino
867 4111 1012 4197 ipsorum
1037 4107 1168 4175 domino
1197 4104 1371 4173 lodouico

233 4211 300 4282 stb.
324 4209 478 4281 Albensis
493 4213 641 4284 Ecclesia
658 4213 848 4301 Capitulum
863 4219 926 4285 stb.
943 4212 1031 4304 (taso
1048 4215 1144 4302 Fejer
1169 4212 1279 4282 codex
1305 4211 1368 4278 Di·

231 4318 479 4404 plcmaticus-tt
495 4319 563 4389 vlt.
579 4321 647 4390 ket.
666 4331 694 4394 1.
709 4344 735 4389 r.
755 4329 827 4395 108.
844 4323 881 4414 l.)
