3120 5148
644 935 697 1004 86.

116 1135 155 1198 Η.
169 1133 274 1199 Eudrs
288 1135 473 1219 lirulyuak
489 1133 613 1218 Nyilru
631 1136 753 1222 meyyei
767 1134 945 1202 Kosaoluu
968 1145 1053 1204 uendi
1063 1137 1145 1226 fuld
1161 1143 1239 1206 udo-

118 1244 232 1329 muyut
247 1244 406 1328 ldrqyuzd
427 1242 661 1329 privileyiuma
678 1242 916 1330 fdpobdrnolcu
950 1243 1040 1314 Sedes
1072 1253 1237 1314 szdmdru.

624 1351 722 1415 1216.

213 1548 249 1612 In
288 1545 420 1612 numine
459 1544 577 1614 Sancte
609 1545 779 1614 Trinitatis
810 1554 844 1614 et
876 1546 1047 1616 indiuidue
1079 1547 1237 1618 Unitatis.

119 1651 258 1719 Andreas
274 1651 338 1720 Dei
363 1652 481 1737 grauis
510 1650 687 1738 Hungunm,
719 1651 899 1739 Dalmeeie‚
931 1655 1097 1744 Oreueuie,
1129 1657 1240 1744 Reme,

118 1757 231 1842 Seruis,
247 1758 389 1838 Gulieie,
407 1756 662 1844 Ludumerieque
677 1761 749 1828 Rex
764 1761 797 1826 in
813 1767 1016 1847 perpetuum.
1043 1763 1120 1831 Ourn
1136 1763 1239 1848 Regis

118 1866 316 1934 eelsitudinis
332 1865 560 1934 munificencia
575 1866 676 1934 nullis
691 1867 836 1936 terminis
853 1875 1025 1956 coartetur,
1042 1871 1100 1937 sed
1114 1873 1240 1958 optimu

119 1975 147 2038 iu
160 1973 309 2060 Principe
325 1971 471 2040 donandi
486 1993 637 2042 mensura
661 1975 854 2044 immensitas
879 1975 1040 2046 iudiuetur
1058 2003 1065 2044 :
1084 1979 1240 2064 preeipus

118 2091 218 2149 tumen
235 2089 286 2149 est
302 2101 382 2166 erge
410 2083 493 2150 bene
523 2084 655 2150 meritos
689 2083 933 2170 uireumspeetio
965 2083 1162 2172 adhibenda,
1196 2107 1238 2154 ne

118 2191 183 2273 quis
198 2189 288 2276 apud
304 2189 396 2256 illum
414 2189 465 2256 sui
481 2189 601 2256 laboris
617 2191 740 2275 premio
756 2191 978 2276 defraudetur,
996 2194 1052 2275 qui
1069 2213 1130 2260 suu
1156 2193 1238 2260 libe·

117 2297 248 2364 rslilutis
263 2297 425 2365 benefieiu
442 2297 545 2365 seiam
561 2298 605 2364 ad
622 2305 795 2366 extraneus
812 2318 913 2384 usque
932 2299 1107 2387 protendit.
1118 2299 1241 2386 Eupru·

118 2413 184 2491 pler
198 2405 289 2474 fideli
304 2415 416 2474 nostro
433 2407 535 2475 Sebes
552 2407 594 2474 ub
611 2407 797 2474 continuum
814 2427 870 2476 sue
886 2407 1053 2478 fidelitatis
1069 2406 1241 2475 seruieinm

118 2521 147 2580 et
159 2515 399 2599 prerogetiuem
415 2515 610 2602 meritorum,
627 2515 795 2600 quandum
806 2524 927 2586 terrum
939 2515 1100 2584 Gustuluu
1110 2516 1242 2584 nemine

118 2623 325 2692 incomitata
343 2623 502 2690 Nitriensi
517 2623 624 2710 sitnm,
641 2631 673 2690 et
688 2621 731 2690 nd
757 2623 864 2710 ipsum
898 2623 1046 2690 (instrum
1079 2625 1240 2712 pertinen·

121 2741 190 2814 uem,
207 2731 309 2800 eertis
323 2729 420 2798 metis
437 2733 579 2798 exomni
597 2737 689 2815 parte
705 2752 725 2798 n
740 2731 1042 2800 eircumisnentibus
1067 2733 1163 2800 terris
1195 2729 1241 2796 di·

116 2840 268 2906 surdum
279 2838 342 2906 sibi
358 2844 389 2904 et
405 2857 462 2923 per
479 2858 554 2905 eum
569 2838 638 2906 suis
655 2837 831 2906 heredibus
843 2837 919 2923 jure
950 2845 1109 2924 perpetuu
1134 2845 1244 2906 eontu-

117 2943 207 3013 iimus
220 2947 465 3031 pumidendam,
482 2953 514 3013 et
546 2963 618 3012 eum
651 2963 708 3032 per
740 2943 939 3030 pristaldum
970 2951 1119 3014 nestrum
1149 2946 1244 3014 Hune

119 3052 392 3138 musunguineum
429 3052 539 3138 Hyree
579 3052 742 3137 quondum
774 3052 911 3121 Comitis
941 3052 975 3120 in
1006 3052 1244 3138 pussessionem

118 3159 257 3228 eiusdem
273 3167 358 3226 terre
373 3159 510 3228 fecimus
523 3159 706 3244 introduei;
729 3169 833 3228 melus
848 3160 952 3230 seium
969 3179 990 3226 a
1015 3158 1148 3245 prefato
1180 3160 1243 3244 pri·

117 3265 218 3334 staldo
234 3272 360 3334 erentes
374 3268 419 3334 ud
435 3269 589 3338 maiorem
606 3267 655 3336 rei
686 3267 913 3336 uertitudinem
945 3265 1090 3354 presenti
1120 3266 1244 3352 scriptu

117 3373 266 3441 duximus
279 3374 481 3444 inserendae.
506 3374 602 3442 Dicte
618 3381 707 3441 terre
732 3374 849 3461 incipit
876 3375 920 3442 sb
949 3394 1039 3458 aque·
1065 3371 1239 3462 Dwdwag,

116 3480 157 3548 ibi
173 3485 262 3548 tenet
276 3487 396 3548 metam
412 3502 483 3550 eum
501 3487 588 3550 ternu
603 3481 683 3550 ville
698 3481 935 3569 Byssenorum3
961 3489 994 3550 et
1021 3479 1101 3550 inde
1131 3499 1246 3548 asuen-

116 3587 157 3654 dil
172 3589 336 3676 superius,
353 3595 386 3656 et
402 3589 610 3659 inueniuntur
626 3589 772 3677 arbores,
790 3596 822 3658 et
837 3590 883 3658 ibi
898 3595 973 3658 sunt
988 3594 1074 3656 ruebu
1084 3587 1248 3656 suberbu-

115 3693 210 3782 ribus‚
227 3695 384 3764 videlieet
398 3701 486 3764 ternu
499 3703 700 3784 eongregutn
716 3715 814 3783 super
829 3697 957 3784 stipites
981 3695 1126 3783 ipserum
1152 3698 1248 3762 erbo·

115 3821 201 3888 mm;
224 3802 346 3869 ibidem
362 3803 466 3871 eeiem
481 3813 572 3873 tenet
596 3812 715 3872 melem
748 3824 821 3872 enm
853 3804 931 3891 lilijs
960 3803 1176 3891 jebsgionum
1206 3799 1247 3870 de

115 3909 228 3998 Nitriu,
245 3911 399 3980 videlieet
414 3911 557 3982 Funebul
574 3917 606 3980 et
622 3911 759 3980 fratrum
791 3931 940 3997 suorum;
964 3919 997 3979 et
1027 3911 1104 3978 inde
1135 3930 1246 3996 prees·

115 4017 219 4084 dendo·
234 4025 327 4086 tenet
342 4027 465 4087 metum
479 4035 554 4089 enin
567 4019 652 4089 ville
663 4020 822 4106 Buguns;
849 4026 884 4087 et
896 4019 944 4087 inl
960 4019 1121 4106 reperitur
1135 4017 1244 4104 rsllis,

116 4131 144 4188 el
157 4125 356 4208 pervellem
373 4123 478 4194 eundo
494 4127 646 4213 superius
670 4129 768 4195 tenet*
784 4133 905 4194 metum
936 4139 1009 4194 eum
1039 4124 1135 4192 terris
1168 4123 1248 4191 rille

115 4228 297 4319 Radiehov3
321 4237 353 4300 el
367 4233 413 4301 ibi
429 4235 587 4320 reperitur
612 4233 752 4320 quedem
776 4233 833 4301 vie
865 4253 929 4317 que
959 4235 1095 4317 separet
1126 4221 1248 4298 dietum

116 4345 232 4408 terrum
246 4361 268 4408 n
282 4341 379 4411 terris
395 4342 474 4410 ville
489 4342 693 4429 wyrundus,
720 4342 836 4429 positis
867 4348 978 4408 tumen
1007 4336 1122 4406 terreis
1151 4335 1250 4404 metis

116 4448 278 4533 aliquibus
294 4451 387 4518 iuxta
403 4449 540 4518 eandem
557 4451 662 4535 uium;
688 4447 795 4515 seium
813 4446 929 4516 eudem
946 4445 1002 4513 via
1017 4440 1152 4512 ulterius
1177 4460 1252 4528 pru·

115 4555 237 4626 sedens
252 4563 518 4644 separatienem
535 4558 740 4644 sepslflulm
757 4556 887 4624 atolfi!
903 4555 1044 4622 filiorum
1076 4547 1253 4636 Jollllnnifl‚
