3078 5128
837 893 912 962 216.

309 1091 368 1155 IV.
384 1091 469 1156 Bora
484 1091 659 1176 kirolynak
672 1112 836 1176 poronoeo
852 1115 874 1158 a
888 1091 988 1157 budoi
1005 1092 1234 1180 kdptolonhoz,
1262 1096 1349 1182 hoqy
1375 1095 1443 1158 Νά-

310 1199 422 1264 odnok
438 1197 556 1264 86th
569 1198 727 1284 helyeeqer
743 1199 898 1285 toryyozo
914 1199 1179 1282 odomdoyleeelet
1194 1203 1306 1286 doio-jo
1320 1223 1343 1264 α
1353 1201 1447 1287 myol-

493 1307 602 1390 eziqeti
617 1305 849 1392 opdezozdrolo
865 1309 1025 1370 ezdmo'ro.
1044 1305 1140 1372 1239.
1156 1307 1259 1374 romu.

418 1497 455 1562 Β.
472 1498 534 1565 Dei
551 1499 663 1583 gracia
679 1499 749 1564 Rex
764 1498 907 1582 Vngarie
923 1497 1010 1564 fideli
1026 1517 1085 1566 suo
1101 1499 1260 1586 Magistro
1294 1501 1334 1566 Α.
1368 1501 1442 1566 Pre-

315 1603 421 1689 posito
437 1603 580 1672 Budensi
595 1605 731 1672 salutem
750 1611 782 1670 et
797 1605 950 1688 greoiam.
983 1603 1064 1672 (ium
1095 1624 1192 1692 super
1222 1613 1311 1673 terra
1344 1607 1443 1674 Nona

312 1707 369 1794 filij
386 1713 489 1794 Naue,
505 1709 560 1794 qui
576 1709 691 1778 relicto
707 1706 794 1798 (igy)
811 1710 926 1777 habitu
942 1709 1084 1778 seculari
1109 1711 1256 1778 habitum
1286 1713 1444 1780 Fratrum

310 1815 551 1883 Predioatorum
569 1815 686 1884 dieitur
701 1819 875 1902 recepisse,
893 1815 1058 1883 Sovsiruth
1075 1824 1201 1901 uoeete,
1217 1818 1300 1886 inter
1320 1817 1446 1884 offioia·

312 1923 376 1990 lem
392 1941 537 1990 sororum
552 1923 673 1991 Soneio
688 1921 791 1990 Marie
816 1920 857 1990 de
888 1921 1011 2007 Insula,
1043 1929 1076 1988 et
1106 1923 1308 1991 Demetrium
1341 1925 1445 1991 filium

314 2029 440 2114 Restm,
456 2029 583 2113 questio
597 2029 641 2096 sit
656 2049 764 2096 eoram
780 2029 886 2116 nobis,
917 2029 1071 2096 fidelitati
1089 2035 1144 2097 tue
1160 2030 1355 2097 mandamus
1371 2051 1445 2117 pre·

315 2133 481 2222 oipiendo;
505 2144 666 2220 quatenus
692 2136 851 2221 inspeetis
876 2135 1064 2221 priuilegijs
1096 2137 1243 2222 parcium
1272 2137 1444 2205 vicesimo·

313 2241 455 2310 seeundo
472 2242 525 2310 die
541 2242 734 2310 festiuitatis
761 2241 873 2308 Sanoti
905 2241 1075 2310 Michaelis
1108 2249 1249 2310 tenorem
1282 2242 1445 2312 dictorum

316 2349 561 2435 priuilegiorum
578 2349 619 2415 de
636 2350 734 2417 uerbo
750 2349 793 2415 ad
810 2351 943 2416 uerbum
961 2367 1116 2416 unacum
1133 2349 1285 2437 Capitulo
1310 2355 1368 2416 tuo
1395 2369 1444 2415 re

313 2457 409 2524 seribi
426 2453 531 2522 facias
547 2455 703 2539 seriatim,
721 2461 752 2521 et
769 2455 1016 2540 transscriptum
1049 2455 1225 2522 eorundem
1256 2455 1444 2541 priuilegio·

314 2581 384 2628 rum
401 2561 462 2628 sub
478 2559 586 2644 sigillo
602 2569 656 2627 tuo
672 2567 705 2627 et
720 2559 865 2645 Oepituli
881 2562 929 2628 tui
945 2562 987 2627 ad
1004 2567 1137 2628 octonas
1163 2559 1348 2648 Epiphanie
1377 2562 1443 2628 Do-

315 2667 403 2750 mini,
419 2667 453 2733 in
469 2667 586 2750 quibus
601 2677 713 2754 partos
728 2667 845 2735 iterato
861 2687 1049 2752 comparere
1065 2667 1184 2734 debent
1200 2687 1310 2734 coram
1336 2668 1444 2750 nobis,

315 2773 411 2839 nobis
427 2775 638 2842 transmittas.
664 2777 784 2841 Datum
816 2793 917 2860 prope
950 2775 1186 2842 monasterium
1217 2774 1379 2842 Modoeha
1410 2774 1444 2840 in

314 2877 399 2946 festo
417 2881 549 2968 Mathey
564 2881 724 2968 Apostoli.

323 3076 349 3126 Δ
379 3077 465 3130 budai
492 3079 687 3143 keptalannslr
720 3093 888 3145 ugyenszon
916 3080 973 3130 idei
1003 3078 1165 3141 etiratfibbl,
1209 3078 1282 3129 mint
1313 3077 1396 3129 alebb
1428 3093 1453 3126 s.

776 3174 836 3219 218.
869 3184 906 3219 sz.
939 3169 976 3231 a.)
