3080 5146
556 224 718 326 ...em
757 307 762 322 .

69 419 111 487 ad
127 419 190 488 boc
222 417 401 506 deputarit,
420 424 453 486 et
468 418 660 502 Magistrum
676 414 877 482 Benctictum
893 415 1199 502 Quinqueeclcsien-

70 549 146 614 seru,
164 526 297 596 fidelem
314 527 476 593 bominem
492 531 649 610 nos-trum,
665 543 724 609 pro
750 523 844 592 metis
869 522 1053 591 eorumdem
1085 524 1198 592 distin·

71 635 212 724 guenffis
229 635 381 704 duximus
407 631 687 716 transmittendos,
704 653 746 700 no
762 653 916 719 processu
932 640 1112 719 temporum
1129 654 1200 720 pre·

70 745 128 810 fati
142 745 340 829 iobagiones
357 744 465 813 castri
481 742 522 810 de
537 747 624 810 terra
640 740 855 810 castrensium
871 741 1005 810 valeant
1030 762 1200 830 occupare,

80 854 130 920 rel
162 857 350 920 castrenses
381 856 492 918 contra
509 847 650 918 ‘eosdem
666 847 872 920 occasionem
889 867 946 916 seu
963 851 1131 918 materiam
1148 853 1206 920 ha·

73 963 170 1027 beant
185 957 393 1046 querelandi.
417 960 467 1026 Ex
482 958 610 1048 quibus,
626 958 781 1028 videlicet
796 957 1023 1042 icbagionibus
1039 963 1202 1050 predictis,

73 1073 331 1136 motuterrarum
341 1068 440 1156 Petri,
458 1066 617 1154 Gregorii,
636 1067 778 1154 Martini,
794 1065 1028 1156 Bartholomoi,
1046 1070 1208 1141 Jobunnis

74 1183 105 1244 et
134 1177 313 1264 Dominici‚
339 1177 481 1244 filiorum
505 1175 666 1262 Berialay‚
697 1183 793 1262 prout
810 1175 917 1244 dietus
932 1179 1091 1264 Magister
1106 1180 1207 1250 Beue·

76 1283 181 1352 dictus
197 1283 295 1351 nobis
310 1283 430 1369 retulit,
447 1285 531 1351 sicut
546 1287 580 1348 et
596 1282 741 1367 prefatus
757 1283 961 1367 Pangraoius
988 1307 1046 1372 per
1077 1307 1156 1358 suas
1172 1289 1207 1360 li·

75 1397 162 1458 teras
176 1392 355 1477 intimavit,
370 1389 482 1457 taliter
498 1389 720 1472 distinguntur
741 1416 749 1457 :
765 1387 875 1458 Prima
891 1398 978 1458 meta
994 1393 1035 1462 de
1049 1393 1206 1466 Polichna

77 1498 191 1584 incipit
218 1519 261 1568 ex
278 1505 374 1584 parte
389 1505 472 1566 terre
488 1498 638 1582 Magistri
653 1498 748 1583 Moys
765 1501 808 1566 ab
826 1501 950 1567 oriente
966 1503 1060 1572 iuxta
1077 1505 1221 1575 fluvium.

79 1604 281 1673 Cbernalika
291 1607 325 1672 in
336 1606 417 1688 loco,
429 1605 485 1670 ubi
496 1606 566 1672 exit
575 1603 616 1670 do
626 1603 724 1670 fluvio
734 1605 778 1670 ab
795 1626 894 1674 unam
911 1607 1040 1695 vallem,
1057 1619 1209 1682 etasccn-

82 1711 127 1778 dit
136 1713 179 1781 ad
189 1719 312 1780 metam
324 1721 462 1780 terream
473 1719 662 1796 separantes
674 1711 793 1779 limites
806 1712 908 1802 Garig
918 1722 950 1780 et
961 1716 1132 1804 deencbp
1146 1724 1208 1790 ibi-

83 1840 141 1903 que
157 1823 263 1888 intrat
278 1822 409 1906 silvam,
435 1827 468 1887 et
494 1839 553 1904 per
572 1819 691 1886 siluam
723 1819 757 1887 iu
773 1822 942 1891 arboribus
958 1827 1210 1914 crucesignatis

85 1929 269 2011 pervcnitur
284 1927 328 1994 ad
345 1927 491 1994 arborem
524 1926 638 2010 tulgfa,
656 1928 716 1994 sub
732 1947 798 2011 qua
814 1935 864 1996 est
880 1939 967 2000 meta
982 1945 1098 2020 terrea,
1116 1945 1149 2005 ct
1164 1939 1211 2007 ibi

86 2034 192 2103 relicto
225 2035 382 2103 deeneb
408 2034 524 2121 incipit
539 2039 651 2100 tenere
666 2041 784 2100 mamm
802 2056 874 2103 cum
891 2037 1046 2122 obruant,
1062 2065 1120 2129 per
1137 2048 1223 2114 val-·

86 2141 466 2212 lcmSubnakvenieudo
476 2162 535 2227 per
550 2157 703 2225 magnum
720 2144 866 2227 spacium
885 2146 973 2213 cadit
984 2150 1017 2214 iu
1028 2152 1210 2234 predictum

88 2249 212 2319 flurium
247 2250 466 2334 Chernolika;
493 2249 611 2316 deinde
642 2247 810 2318 descendit
840 2272 943 2339 usque
974 2256 1018 2324 ad
1034 2257 1139 2325 locum
1155 2263 1211 2328 ubi

89 2357 206 2425 rivulus
224 2357 385 2424 Polichna
406 2356 495 2424 cadit
509 2357 543 2424 in
562 2356 699 2423 eundem
723 2357 966 2450 Obernalikam,
983 2385 1041 2450 per
1073 2367 1221 2436 rivulum

90 2469 188 2532 autem
222 2465 384 2532 Palicbna
415 2464 573 2531 veniendo
605 2465 754 2549 superius
784 2467 852 2534 exit
886 2469 931 2535 ad
966 2493 1063 2539 unam
1088 2477 1210 2544 siccam

90 2571 211 2658 uallem,
230 2581 262 2640 et
277 2593 336 2660 per
353 2591 425 2638 eam
442 2571 534 2638 vadit
549 2573 699 2655 superius
724 2573 766 2639 ad
798 2576 947 2644 arborem
978 2581 1085 2666 tutgta
1117 2603 1214 2654 cruce

92 2678 269 2764 signatam3
295 2679 415 2744 deindo
445 2678 488 2744 ad
520 2680 608 2746 viam
639 2680 695 2749 ubi
710 2687 786 2748 sunt
802 2681 865 2749 duc
880 2693 976 2770 mete,
994 2709 1059 2756 una
1075 2689 1213 2760 filiorum

91 2785 239 2854 Beriztaii
255 2789 289 2853 in
305 2785 470 2871 gertaufa,
486 2787 591 2854 altera
607 2784 751 2853 Otrocbk
767 2788 801 2854 in
832 2791 938 2877 narse,
970 2793 1080 2881 ibique
1111 2798 1214 2868 intrat

93 2912 239 2978 maguam
270 2896 401 2980 silvam,
433 2903 465 2962 et
495 2913 554 2980 per
585 2893 727 2961 medium
757 2897 839 2964 sitve
871 2900 976 2968 cundo
994 2905 1026 2969 in
1044 2907 1212 2979 arboribus

95 3020 181 3070 cruce
212 3003 353 3089 signatis
386 3003 453 3070 exit
469 3004 514 3069 ad
531 3003 618 3071 riam
635 3006 669 3070 in
685 3005 838 3098 planicie,
855 3019 888 3076 et
907 3014 1109 3083 transeundo
1127 3019 1223 3084 viam·

95 3115 138 3176 est
152 3120 240 3179 meta
256 3111 317 3180 sub
334 3113 450 3179 arbore
466 3110 563 3176 bassa
573 3132 613 3179 ex
623 3120 717 3198 parte
732 3119 817 3182 terre
836 3117 959 3201 Castri3
983 3120 1059 3187 inde
1075 3125 1215 3192 tenendo

94 3225 205 3286 metam
238 3239 311 3286 eum
342 3218 563 3286 castrensibus
589 3219 679 3286 vadit
695 3220 737 3287 ad
754 3224 872 3291 vallem
889 3224 932 3292 ad
948 3234 1068 3294 metam
1086 3231 1150 3296 sub
1167 3251 1219 3297 ar·

95 3325 165 3393 bore
179 3325 295 3411 bikfa;
319 3325 396 3392 inde
412 3325 455 3392 ad
471 3333 569 3410 caput
586 3328 671 3394 dicte
686 3330 795 3416 uallis,
812 3332 868 3398 ubi
884 3341 935 3400 est
952 3339 1040 3402 meta
1056 3337 1090 3402 in
1100 3337 1217 3407 arbore

97 3435 214 3522 tulgfa3
237 3433 356 3502 deinde
371 3453 487 3520 parum
505 3435 610 3502 eundo
626 3436 727 3502 intrat
743 3440 857 3506 silvam
884 3439 918 3505 in
950 3441 1067 3510 arbore
1099 3445 1227 3513 klensa.
1282 3458 1295 3478 ⁸

97 3561 182 3611 cruce
199 3542 350 3626 signata;
375 3541 452 3608 inde
483 3541 589 3610 condo
605 3529 664 3629 per
680 3544 796 3612 silvam
812 3546 903 3613 radit
919 3549 962 3614 ad
979 3550 1083 3636 riam3
1109 3557 1144 3620 et
1160 3555 1214 3622 deu
1266 3535 1269 3540 ¹

99 3649 168 3720 indo
193 3654 262 3720 exit
277 3652 320 3719 ad
336 3653 484 3720 semitam
501 3660 533 3718 et
549 3653 582 3718 in
598 3672 638 3720 ea
655 3655 760 3724 eundo
776 3655 879 3722 intrat
896 3659 997 3728 aliam
1011 3661 1151 3748 silvam;
1177 3665 1243 3733 de:

101 3757 154 3825 illa
167 3759 236 3826 exit
251 3759 294 3825 ad
310 3757 427 3845 bulgio,
445 3759 506 3826 sub
523 3780 587 3844 qua
604 3768 655 3827 est
672 3769 758 3830 meta
774 3767 881 3831 terrea
891 3783 900 3848 ;
917 3765 994 3834 inde
1010 3766 1129 3836 directo
1145 3789 1220 3837 euu-

101 3863 139 3933 do
167 3887 281 3934 uersus
298 3865 500 3934 occidentem
516 3868 604 3934 cadit
620 3868 800 3956 invallem,
817 3877 850 3936 et
866 3870 908 3938 de
924 3874 1011 3941 valle
1027 3875 1070 3941 ad
1086 3881 1219 3964 metam,

102 3971 202 4056 ibique
218 3975 320 4040 intrat
335 3973 436 4042 aliam
452 3976 584 4062 vallem,
601 3974 635 4041 in
653 3977 746 4045 cuius
763 3979 872 4064 capite
903 3987 952 4048 est
982 3991 1070 4048 mota
1102 3991 1228 4074 terrea„

8 4133 9 4137 ,
102 4079 203 4166 ibique
219 4083 320 4150 intrat
336 4081 465 4168 silvam,
477 4089 509 4149 et
519 4084 623 4151 eundo
640 4086 769 4152 venitur
785 4087 828 4152 ad
844 4089 996 4155 arborem
1013 4089 1107 4158 bikfa
1126 4111 1222 4160 cruce

105 4189 279 4274 singaram
302 4207 362 4274 per
377 4188 520 4256 medium
537 4189 619 4258 silve
635 4192 742 4258 eundo
758 4191 791 4258 in
808 4195 980 4263 arboribus
1003 4217 1097 4264 cruce
1114 4199 1228 4284 rigna--

105 4293 142 4362 tis
156 4297 220 4365 exit
236 4297 279 4364 ad
295 4303 415 4363 metam
432 4305 571 4364 terream
587 4299 678 4367 iuxta
695 4301 793 4383 viam,
811 4309 843 4368 et
855 4321 912 4388 per
927 4301 1015 4370 uiam
1033 4306 1161 4375 venitur
1178 4305 1223 4374 ul

107 4410 215 4471 metam
244 4403 306 4470 sub
337 4404 453 4472 arbore
485 4405 625 4493 almuia5
650 4407 728 4476 inde
759 4408 852 4478 vadit
867 4410 910 4478 ad
928 4419 1047 4479 metam
1064 4415 1124 4480 sub
1140 4413 1223 4500 piro,

106 4508 203 4596 ibique
217 4511 335 4581 relicto
351 4509 465 4581 Castro
480 4513 595 4601 incipit
619 4521 731 4587 waere
752 4525 872 4588 motam
904 4539 977 4587 oum
1008 4519 1143 4589 Tektisa
1175 4522 1230 4588 iu—
