3150 5162
616 315 777 416 ...Q

125 510 242 577 munem
259 509 397 580 tutelam
413 507 611 596 adherendo,
626 505 687 594 pe'r
702 527 813 578 eornm
831 512 1154 580 strenua-certamina
1165 534 1280 598 qno,u

129 616 203 684 darn
217 614 372 684 ductores
388 614 533 700 ipsorum
564 614 776 684 'l'arlarorum
798 633 1018 704 sequacesque
1049 638 1160 686 eorum
1192 618 1276 686 dire·

127 723 218 792 necis
234 723 433 791 exterminio
448 743 574 808 necare,
596 731 629 790 et
645 724 802 808 quosdam
820 733 933 811 captos
949 727 1043 796 nobis
1059 727 1186 816 offerre,
1202 725 1259 794 vbi

129 833 230 899 eciam
249 834 367 902 erebra
382 835 536 916 stigmata
551 838 584 899 et
600 833 719 916 grania
733 833 944 918 sustulerunt,
963 836 1082 903 multos
1099 857 1139 904 ex
1149 855 1260 905 eorum

128 940 210 1006 caris
225 939 396 1025 proximos
412 945 445 1005 et
462 937 642 1006 familiares
657 939 815 1022 amittere,
833 960 997 1027 supraque
1012 943 1162 1010 omnibus
1190 963 1276 1028 pre·-

126 1048 269 1114 narratis
279 1047 446 1132 copiosam
456 1045 667 1130 pecuniarum
678 1044 831 1132 ipsorum,
849 1047 884 1113 in
894 1067 972 1114 auro
982 1049 1095 1134 eciam,
1111 1057 1259 1138 argento,

127 1161 157 1220 et
170 1155 272 1222 rebus
288 1152 447 1240 preciosis
463 1149 677 1237 quantitatem
694 1152 739 1219 ad
754 1151 873 1238 uiginti
889 1153 982 1222 milia
1007 1176 1190 1226 marearum
1222 1176 1260 1226 se

128 1258 357 1327 extendentem
374 1258 469 1328 nobis
484 1277 545 1346 pro
560 1257 770 1329 assumendis
786 1259 1011 1348 stipendiarijs
1028 1269 1060 1328 et
1077 1263 1274 1350 expedicio-1-

127 1369 219 1434 nibus
234 1368 343 1458 rarijs
359 1367 464 1436 olerre
480 1367 669 1434 maluerunt
683 1365 864 1452 diligenter.
879 1367 1024 1447 Quorum
1041 1372 1082 1439 ob
1098 1372 1259 1458 meritum,

128 1473 229 1544 donec
244 1475 365 1544 laciori
382 1495 438 1543 eos
454 1473 688 1560 prouideamus
703 1475 931 1564 retribucione,
957 1478 1047 1565 ipsos
1072 1477 1256 1547 Feldrieum

128 1588 159 1648 et
171 1581 448 1670 Bartholomeum,
466 1600 641 1666 eorumque
657 1580 794 1650 heredes
810 1589 843 1650 et
858 1603 1063 1653 successores
1074 1586 1256 1675 uniuersos,

128 1687 166 1757 de
181 1689 320 1758 oonsilio
338 1689 467 1756 domine
483 1689 585 1758 llario
602 1687 769 1758 carissime
785 1696 946 1760 consortis
978 1701 1099 1782 nostre,
1130 1695 1257 1762 rniuer·

128 1797 170 1864 sis
185 1797 324 1882 inribns,
340 1796 472 1883 grocijs,
487 1797 678 1880 honoribus,
695 1804 728 1864 et
744 1797 961 1884 solempniom
978 1801 1167 1872 libertatum
1184 1805 1256 1871 illu·

128 1903 236 1972 atrium
251 1903 434 1974 Primatum
449 1905 555 1988 Regni
570 1904 672 1971 nostri
689 1904 857 1989 Hungarie
883 1907 1100 1992 prerogatiuis
1124 1909 1257 1994 partiei-

128 2029 184 2094 pes
199 2017 232 2080 et
248 2029 437 2080 communes
453 2011 654 2080 instituimus
671 2017 704 2079 et
719 2011 869 2098 iacimus,
884 2021 984 2098 atque
998 2016 1033 2081 in
1042 2016 1255 2104 consorcium,

128 2123 290 2186 catemam
308 2127 341 2186 et
357 2138 525 2186 numerum
541 2117 702 2200 locamus,
719 2117 891 2202 loeumque
907 2120 1005 2188 eisin
1019 2121 1127 2189 medio
1153 2124 1267 2192 noemi

127 2223 293 2311 Ministerij
311 2232 345 2292 et
362 2223 504 2293 Consilio
530 2222 733 2292 conferimus.
774 2223 972 2310 Eisdemque
1001 2226 1135 2313 insuper
1165 2227 1265 2300 hanc·

128 2329 289 2400 libertatis
304 2331 546 2418 prerogatiuam
563 2339 596 2398 et
611 2329 757 2416 graciam
775 2332 950 2416 specialem
982 2333 1124 2420 benigne
1153 2337 1254 2423 largi·

127 2459 193 2506 mur
206 2440 240 2506 in
256 2437 501 2524 sempiternum,
517 2439 680 2506 ninellus
698 2438 793 2508 Onne
809 2447 842 2506 st
857 2440 963 2526 Regni
979 2443 1083 2510 nostri
1099 2445 1252 2514 Jndieum

127 2553 157 2612 et
168 2545 440 2634 Juaticiariorum,
465 2567 572 2631 neque
587 2547 686 2613 ceteri
703 2546 849 2631 quipiam
866 2547 980 2615 laciori
997 2551 1113 2618 saltem
1129 2551 1253 2623 honore

127 2651 282 2738 fulgentes
299 2665 358 2722 ant
374 2653 541 2741 dignitate,
567 2653 656 2738 ipsos
672 2654 706 2720 in
722 2654 882 2740 personis,
914 2656 1011 2726 rebus
1026 2664 1059 2725 et
1075 2661 1267 2742 possessio·-

126 2760 182 2827 bns
197 2781 310 2830 eorum
324 2781 410 2828 nune
426 2759 558 2843 habitis,
575 2767 608 2826 et
623 2761 657 2827 in
683 2761 827 2828 futurum
857 2759 1041 2846 ubicunque
1072 2766 1105 2832 in
1136 2771 1266 2854 Regno·

126 2874 229 2935 nostro
245 2889 307 2956 per
323 2869 413 2955 ipsos
430 2868 723 2953 quomodocunque
754 2868 959 2952 acquirendis
990 2873 1045 2938 vel
1076 2873 1250 2967 habendis,

122 2974 275 3059 judicare,
302 2984 360 3044 aut
375 2978 410 3044 in
425 2983 603 3060 conspeetu
619 2975 669 3042 sui
700 2973 820 3060 Jndioij
853 2975 1012 3045 aduersus
1044 2998 1267 3070 quoscunque

126 3085 221 3148 astari
237 3093 274 3152 at
290 3084 469 3170 compareri
488 3084 598 3151 faeere
616 3083 840 3168 possitneque
873 3084 1013 3166 debeat;
1037 3087 1169 3175 dempta
1200 3112 1250 3160 so·

125 3187 283 3258 lummodo
310 3191 443 3277 propria
474 3189 608 3274 Regalis
640 3189 850 3258 Celsitudinis
881 3211 1032 3277 persone,
1064 3215 1129 3279 que
1159 3199 1250 3284 ipsos

125 3303 195 3362 ante
210 3305 419 3383 conspectum
434 3297 611 3365 tribunalis
626 3299 678 3366 sui
693 3296 815 3382 Juuieij
832 3318 1021 3384 comparere
1038 3307 1070 3368 et
1095 3303 1250 3388 judicare

126 3402 245 3473 debeat.
269 3406 461 3491 Preseripta
477 3412 586 3474 autem
602 3405 736 3488 singula
759 3425 820 3493 per
850 3427 910 3474 nos
942 3407 1024 3494 ipsis
1056 3429 1117 3495 pro
1148 3417 1262 3484 tantis·

127 3512 298 3597 ceterisque
314 3532 410 3596 quam
429 3511 576 3599 pluribus
606 3512 757 3580 fidelibus
789 3513 1000 3582 famulatibus
1031 3537 1152 3604 eornm,
1186 3541 1249 3606 que

126 3621 324 3703 presentibus
339 3621 468 3706 inprimi
486 3619 671 3706 peremnia
689 3621 728 3689 ob
746 3641 855 3688 eorum
872 3624 1000 3708 copiam
1032 3625 1150 3710 obstat,
1183 3631 1249 3698 ele·
1273 3669 1283 3680 -

126 3735 240 3795 menter
254 3728 384 3795 indulta
399 3730 568 3794 uniuersos
585 3745 790 3794 successores
807 3736 936 3796 nostros
953 3729 1067 3798 felices
1077 3731 1248 3818 Hungorie

126 3833 223 3917 Reges
239 3835 271 3900 in
289 3836 418 3902 Christo
435 3837 525 3919 Rege
557 3834 756 3919 sempiterno
788 3835 997 3905 deuotissime
1028 3841 1261 3930 obsecramus,

126 3959 162 4006 ne
177 3942 403 4030 comminuent,
421 3965 480 4010 nee
498 3946 786 4029 transgrediantur,
804 3943 881 4030 quin
896 3966 972 4031 ymo
987 3956 1060 4014 rata
1075 3957 1187 4018 tenere
1216 3958 1249 4019 et

126 4060 250 4134 accepta
267 4051 444 4118 obseruare
460 4051 631 4134 dignentur
648 4053 758 4137 vigore
784 4054 944 4138 presentis
975 4065 1085 4124 nostre
1115 4059 1260 4144 pagine..

126 4153 273 4240 utigitur
289 4159 543 4244 presenptarum
560 4159 748 4228 libertatum
766 4168 798 4226 et
824 4162 1012 4244 graciarum
1037 4167 1247 4249 prerogatiue

125 4273 270 4350 perpetua
285 4266 438 4362 firmitate
455 4266 646 4352 solidentur,
665 4279 836 4352 presentes
868 4270 1088 4337 concessimus
1120 4273 1244 4342 eisdem

126 4367 256 4454 duplicis
273 4373 377 4457 sigilli
394 4376 496 4441 nostri
514 4375 690 4442 munimine
707 4377 886 4442 roboratas.
919 4377 1039 4443 Datum
1056 4398 1114 4462 per
1129 4400 1246 4448 manus

127 4475 246 4547 disereti
263 4483 324 4548 viri
339 4483 485 4564 Magistri
503 4481 649 4570 Fareasij
670 4483 819 4550 Albensis
845 4483 990 4551 Ecclesia
1020 4485 1138 4569 Electi,
1170 4487 1249 4555 aule

127 4595 225 4654 nostre
240 4589 319 4656 viee
336 4589 544 4677 Cancellarij,
578 4590 688 4658 dilecti
707 4599 739 4659 et
757 4591 861 4658 fidelis
877 4593 992 4682 nostri,
1024 4613 1110 4661 anuo
1127 4593 1256 4663 Gracia:
