3150 5162
820 303 980 401 —522—

340 499 549 586 presentibus
565 501 802 569 confirmamus.
835 499 930 565 Anno
958 497 1079 566 Graoie
1108 496 1229 564 Μ”ΟΟο
1259 499 1462 584 sexagesimo

337 609 488 677 seeundo.

339 806 480 868 (medone
509 804 694 873 bothartyam
726 803 942 872 avorsa-arga
960 806 1197 870 aelyemzainoron
1224 806 1340 872 isiggso'tt
1371 805 1465 871 penset

338 899 494 962 elveszett3
512 912 530 948 a
541 896 626 948 badai
638 897 692 948 kin.
705 895 834 948 kamarai
845 895 1022 948 leveltairnak
1041 895 1209 962 ztgrabban
1230 895 1295 948 levo
1314 895 1462 958 tenebam)

768 1184 1035 1196 *—

863 1721 939 1788 365.

336 1921 368 1988 Α
406 1924 585 2009 aequanimis
609 1927 641 1988 έυ
663 1922 858 1987 almissaiak
881 1921 952 1984 kozt
973 1919 1123 2004 bizonyoa
1145 1917 1313 1984 emheriile's
1334 1923 1467 2006 tdrppd-

703 2030 779 2093 boni
802 2027 971 2093 kibtkatle'a.
1000 2029 1093 2095 1262.

442 2229 539 2295 Anno
551 2225 685 2304 ¹Domini
706 2223 878 2290 millesimo
895 2221 1113 2290 ducentesimo
1128 2222 1335 2306 sexagesimo
1352 2241 1466 2290 senun-

337 2336 389 2423 do,
407 2335 528 2402 mensis
543 2332 743 2419 Septembris
758 2330 813 2398 die
828 2331 970 2398 seeundo
987 2335 1135 2416 exeunte,
1162 2328 1339 2396 indietione
1362 2336 1468 2418 sexta,

337 2453 483 2527 tempore
514 2439 630 2506 Comiti
661 2439 804 2506 Radosio
837 2437 872 2503 in
901 2437 1040 2504 Almisio
1072 2437 1133 2502 hoo
1165 2445 1272 2504 aetum
1288 2444 1338 2504 est
1354 2458 1468 2504 coram

337 2551 389 2616 bis
403 2549 549 2634 testibus,
566 2566 701 2633 quorum
717 2547 851 2613 nomina
866 2544 1001 2612 inferius
1017 2547 1177 2628 leguntur.
1196 2544 1259 2622 Qui
1275 2565 1335 2612 nos
1350 2547 1471 2612 Comes

335 2655 444 2723 Rados
475 2662 507 2720 et
538 2655 652 2720 Comes
678 2655 698 2720 J
702 2673 776 2720 arra
792 2672 865 2718 eum
882 2654 1000 2720 nostris
1016 2651 1208 2738 propinquis
1225 2657 1257 2716 et
1273 2671 1347 2718 enm
1363 2658 1469 2718 totam

338 2765 572 2832 (inmunitatem
583 2769 691 2829 nostre
702 2760 848 2829 Civitatis
865 2759 1076 2829 testificantes
1092 2759 1316 2843 testificamus,
1333 2759 1469 2827 venisse

337 2872 379 2939 ad
390 2880 536 2940 nostram
553 2873 749 2958 presentiam
765 2869 897 2938 nuntios
913 2869 1134 2952 Ragueienses
1150 2888 1223 2935 eum
1241 2867 1346 2935 literis
1362 2867 1470 2936 nobili

339 2979 408 3045 viro
426 2980 556 3047 domino
571 2979 710 3065 Phylipo
727 2977 895 3045 Contarini
910 2975 1029 3044 comiti
1046 2975 1260 3060 Ragnsiensis
1280 2982 1314 3041 et
1343 2976 1468 3044 Jndiei·

340 3087 400 3153 bus
432 3095 465 3154 et
494 3096 562 3155 toto
594 3085 792 3154 Oomunitati
825 3083 969 3151 eiusdem
997 3085 1106 3168 Terre,
1140 3084 1195 3168 qui
1213 3094 1472 3168 oomposnernnt

337 3195 461 3259 firmam
478 3212 591 3277 paoem
608 3191 774 3258 nobiscum
791 3200 823 3259 et
839 3213 911 3260 oum
931 3191 1116 3258 hominibus
1147 3198 1233 3257 terre
1264 3197 1374 3286 nostre
1407 3213 1469 3278 pro

337 3301 513 3368 homicidio
533 3303 565 3366 in
586 3301 729 3385 Ragusio
749 3305 946 3387 perpetrato,
961 3297 1113 3366 videlieet
1128 3297 1263 3369 duorum
1280 3300 1465 3388 hominnm,

333 3417 364 3476 et
379 3409 480 3476 ternio
495 3409 657 3495 semivivo,
674 3408 708 3474 in
733 3410 818 3476 huno
834 3407 965 3476 modum
980 3406 1127 3474 fenerant
1143 3413 1202 3473 eto.
1222 3407 1409 3495 (Statuitur,
1427 3418 1465 3479 nt

335 3518 515 3602 Ragosium
545 3517 651 3583 solvat
666 3537 726 3603 pro
742 3517 845 3602 primo
865 3515 966 3582 libras
985 3519 1049 3584 160
1066 3513 1269 3583 denariorum
1286 3537 1469 3603 parvorum

342 3627 545 3706 Venetorum,
562 3645 620 3710 pro
637 3627 778 3693 seeundo
798 3627 871 3705 150,
886 3631 919 3691 et
934 3643 993 3710 pro
1023 3626 1127 3691 ternio
1160 3628 1203 3692 45
1236 3625 1270 3691 in
1302 3625 1354 3691 die
1385 3626 1473 3694 festo

339 3733 451 3800 Sanoti
466 3731 648 3820 Michaelis,
665 3733 762 3799 aliter
777 3731 920 3817 duplum.
941 3731 1051 3799 Rados
1071 3739 1104 3798 et
1116 3741 1268 3816 parentes
1287 3733 1472 3800 occisorum

338 3839 517 3907 iuramento
533 3859 568 3906 se
580 3840 794 3926 obstringunt,
811 3839 910 3906 ullam
927 3839 1027 3906 aliam
1043 3839 1301 3908 satisfactionem
1324 3861 1474 3924 unquam

336 3949 494 4032 petituros
525 3967 582 4033 pro
617 3947 682 4016 ista
709 3969 765 4032 re‚.
790 3955 822 4013 et
841 3947 1024 4031 testificant,
1041 3947 1127 4032 quod
1143 3967 1243 4031 snpra
1261 3949 1471 4016 nominatam

340 4075 496 4121 summam
513 4077 533 4122 a
548 4055 808 4136 Ragusiensibus
838 4056 879 4121 de
896 4055 996 4146 ¹iaeto
1028 4062 1060 4124 et
1092 4075 1132 4122 ex
1162 4061 1230 4122 toto
1264 4059 1466 4142 aeoeperint.

336 4163 403 4246 Ego
419 4163 564 4249 lupanas
582 4163 709 4248 Petrus,
726 4161 814 4228 Civis
830 4162 1048 4246 Aimisiensis,
1066 4169 1198 4230 emente
1215 4163 1351 4231 Notario
1368 4185 1468 4248 roga·

332 4277 383 4334 tus
400 4273 442 4336 ab
459 4275 596 4352 utraque
612 4276 706 4355 parte
722 4269 861 4356 seriptor
878 4291 948 4337 sum
965 4276 997 4334 et
1012 4269 1115 4337 testis.
1156 4307 1159 4312 ·

437 4466 571 4533 (Ljubios,
590 4468 714 4519 Menum.
735 4471 823 4532 spent.
841 4467 908 4518 hist.
928 4465 1004 4518 slav.
1022 4467 1123 4520 Mariti.
1142 4468 1166 4518 1·.
1186 4469 1246 4521 iniit.
1267 4473 1309 4519 99.
1329 4469 1362 4532 l.)
