3080 5146
811 287 972 387 Asu.

327 486 525 572 respondere
540 483 584 569 ad
598 483 835 552 restitutionem
851 487 918 548 mm
936 480 1138 567 prolatarum
1154 479 1361 567 decimarum,
1388 503 1440 568 qne
1533 515 1536 560 r

327 593 461 660 suerunt
476 599 509 660 et
525 597 600 659 sunt
615 591 754 657 ducente
771 595 805 656 et
819 587 1062 676 quinquaginta
1087 587 1179 673 libre,
1211 608 1309 674 quam
1339 589 1438 658 iuriun

331 700 473 767 omnium
490 699 629 768 aliorum
646 695 871 782 temporalium
897 701 929 763 ct
960 695 1212 783 incorporalium
1245 697 1439 780 Traguriemi
1519 710 1536 772 :l

329 809 493 895 Episcopo
509 813 542 875 et
556 805 704 874 Ecclesic
720 820 778 874 sue
794 825 853 891 per
869 802 1315 892 dicteshrchipresbyterum
1325 805 1439 894 etSybi·
1520 808 1525 861 ἱ

330 914 479 984 nicensss
496 914 705 1001 presbyteres
733 918 766 978 et
796 911 933 979 elericos
964 917 1090 978 ceteros
1122 910 1366 998 subtr-aetorum,
1393 931 1440 980 seu
1520 962 1536 1004 ,Ἴ

331 1023 433 1091 etiam
450 1043 666 1109 expensarum
681 1020 745 1088 hac
760 1020 933 1088 occasione
957 1018 991 1085 in
1018 1024 1170 1104 presente
1201 1019 1259 1086 lite
1289 1019 1441 1105 lactarem,
1535 1054 1536 1062 κ

332 1129 488 1198 videlicet
504 1129 760 1214 octingentarum
771 1125 935 1212 librarum,
949 1126 990 1195 de
1000 1127 1117 1212 quibus
1127 1123 1284 1213 judiciali
1293 1127 1442 1194 texatiene

333 1236 507 1323 prehabito
523 1257 600 1322 pars
616 1237 722 1304 altera
737 1234 816 1302 iecit
830 1234 925 1301 fidem
941 1235 976 1300 in
992 1232 1122 1302 Jndicio
1138 1253 1250 1300 eoram
1266 1233 1443 1319 nobis‚sepe

332 1344 438 1412 dictos
455 1343 780 1429 llrehipresbyterum
796 1347 829 1410 et
843 1344 1052 1430 presbyteros
1067 1361 1109 1409 ac
1124 1345 1251 1408 ceteros
1268 1341 1394 1410 elericos
1409 1340 1447 1407 de

332 1451 491 1539 Sybinieo
508 1471 565 1518 suo
580 1471 702 1536 sueque
718 1451 865 1518 Ecclesie
880 1449 1012 1518 nomine
1037 1449 1193 1534 Magistro
1221 1449 1359 1534 ecorgto
1387 1449 1446 1516 sin-

332 1560 406 1626 dico
422 1565 453 1624 et
470 1557 672 1643 procuratori
687 1556 919 1643 Traguriensis
936 1559 1091 1644 Episcopi
1107 1557 1333 1643 procuratorio
1356 1555 1444 1622 nomi·

332 1685 384 1753 ne,
415 1670 448 1733 et
464 1664 526 1748 ipsi
541 1666 703 1750 Episcopo
719 1685 843 1750 sueque
858 1663 1005 1733 Ecelesie
1021 1664 1154 1732 nomine
1169 1663 1401 1731 sententialiter
1418 1667 1446 1730 et

332 1774 367 1838 in
383 1777 572 1859 perpetuum
588 1771 851 1840 condemnantes.
890 1773 933 1838 Et
948 1777 983 1838 ut
999 1769 1041 1839 de
1057 1777 1163 1838 cetero
1179 1771 1213 1837 in
1230 1770 1369 1837 futurum
1382 1789 1446 1856 pre·

332 1883 421 1947 stent
438 1879 548 1946 emnia
564 1879 753 1964 supradicta
769 1885 802 1946 et
817 1881 948 1964 singula
964 1878 1054 1947 dieto
1069 1879 1232 1965 Episcopo
1247 1875 1447 1962 Traguriensi

334 1993 367 2055 et
381 2005 441 2054 sue
456 1985 615 2072 Ecclesia
632 1985 838 2074 supradictos
854 1987 888 2054 S.
905 1986 1242 2073 Archipresbyterum,
1276 1991 1309 2054 et
1327 1984 1450 2072 presby·
1535 2047 1536 2080 ἦ

332 2101 419 2164 teres
435 2099 467 2160 et
483 2099 606 2162 ceteros
621 2093 757 2163 elericos
772 2095 814 2162 de
829 2094 986 2182 Syhinico
1002 2113 1062 2162 suo
1078 2111 1200 2178 sueque
1230 2091 1375 2161 Ecclesia
1403 2112 1449 2158 no
1535 2089 1536 2092 ’

332 2203 420 2270 mine
436 2200 644 2270 nihilominus
660 2205 913 2270 condemnamus
930 2202 970 2268 de
985 2201 1082 2268 dictis
1098 2199 1247 2268 ducentis
1263 2199 1450 2284 etquinqus·

335 2309 427 2394 ginta
442 2308 533 2376 libris
549 2310 680 2376 nomine
696 2307 905 2395 decimarum,
938 2313 970 2374 et
986 2305 1183 2391 octingentis
1207 2305 1300 2374 libris
1331 2305 1450 2373 nomine

337 2435 564 2502 expensarum,
581 2417 624 2484 ad
641 2417 830 2484 solvendum
845 2416 941 2484 unius
964 2415 1087 2482 mensis
1118 2414 1264 2498 spatium,
1290 2414 1451 2482 terminum

334 2524 550 2607 assignantes.
582 2525 623 2589 Et
639 2525 719 2609 qnia
733 2524 827 2591 nobis
843 2523 1019 2590 manifeste
1036 2528 1173 2604 constat,
1205 2521 1291 2606 quod
1307 2521 1452 2606 Traguri-

333 2629 422 2696 ensis
437 2629 617 2716 Episcopus
632 2637 765 2719 propter
779 2633 851 2699 iura
867 2629 1068 2697 decimarum
1085 2637 1118 2696 et
1143 2629 1210 2697 alia
1234 2629 1307 2696 iura
1337 2631 1454 2714 episto

332 2735 423 2821 palia
440 2757 500 2822 per
515 2737 619 2806 dietus
635 2735 971 2827 archipresbyterum,
989 2737 1177 2806 sacerdotes
1193 2743 1226 2804 et
1251 2735 1383 2804 clericos
1417 2738 1453 2804 de

332 2842 488 2928 Sybinico
505 2844 647 2914 indebite
664 2847 726 2915 sihi
743 2849 912 2914 subtracta
927 2845 1095 2932 premissis
1111 2845 1269 2930 legitimis
1295 2845 1454 2913 adement-

332 2949 477 3019 tionibus
493 2953 584 3020 iuxta
599 2953 735 3032 sormam
754 2954 889 3024 Consilii
907 2953 1078 3023 Generalis
1093 2954 1184 3038 ipsos
1200 2953 1453 3020 exeommunica-

332 3057 431 3126 tionis
460 3059 588 3130 vinculo
619 3061 812 3130 innodavit:
844 3063 1008 3149 prelatum
1038 3059 1236 3129 sententiam
1267 3060 1454 3128 auctoritate

333 3168 526 3252 Apostolioa
542 3169 780 3251 confirmantes,
804 3191 846 3237 ne
863 3170 904 3237 de
920 3190 980 3237 sua
995 3168 1201 3237 contumacia
1232 3169 1363 3236 valeant
1393 3169 1456 3254 glo·

336 3273 425 3358 nari,
443 3275 521 3356 quia
537 3275 700 3345 humilitas
716 3277 762 3343 nil
778 3276 932 3364 prodesse
947 3276 1124 3344 humilibus
1140 3274 1315 3362 videretur,
1345 3275 1375 3343 si
1390 3295 1456 3343 con·
1535 3305 1536 3308 ¹

335 3384 478 3466 temptas
494 3383 738 3452 contumacibus
753 3404 819 3452 non
835 3384 985 3466 obessct;
1002 3383 1213 3452 Stanimirum
1228 3381 1456 3468 Archipresby·

336 3493 450 3578 terum,
466 3491 602 3559 'Polcum
619 3499 650 3557 et
665 3491 835 3580 Rodinem‚
868 3498 900 3559 et
913 3491 1095 3560 iohannem
1111 3489 1154 3557 de
1169 3489 1272 3558 Viaco
1299 3493 1457 3576 presbytc·

335 3616 400 3683 ros,
433 3603 465 3664 et
480 3597 621 3666 Strieum
638 3601 821 3687 diaconum,
853 3599 908 3686 qui
926 3599 1132 3682 postmodum
1159 3598 1323 3666 sententia
1354 3597 1457 3666 huius·

336 3703 423 3769 modi
440 3705 690 3792 dampnabiliter
705 3707 867 3795 vilipensa
882 3705 1004 3773 Divina
1020 3707 1197 3794 celebrare,
1214 3705 1290 3787 imo,
1308 3711 1457 3790 quantum

335 3809 370 3877 in
387 3813 435 3880 eis
454 3817 515 3898 est,
547 3815 654 3898 petius
672 3813 874 3900 prophanare
898 3819 1097 3900 presumunt,
1128 3819 1160 3881 et
1174 3811 1240 3879 iam
1257 3811 1378 3882 diutius
1393 3833 1459 3900 pre·

336 3926 542 4005 sumpserunt
584 3921 619 3988 in
650 3923 832 3990 animarum
865 3942 995 3990 suarum
1025 3921 1219 4008 periculum,
1250 3923 1459 4008 plurimorum
1535 3907 1536 3978 ἶ

338 4029 540 4116 scandalum,
572 4035 605 4096 ct
620 4029 838 4098 ecclesiastice
855 4029 1026 4116 discipline
1039 4034 1271 4125 contemptum,
1303 4029 1345 4096 ab
1378 4027 1459 4097 omni

339 4136 446 4205 ollieio
463 4143 495 4204 et
510 4136 666 4205 beneficio
696 4129 918 4206 ecelesiastici
949 4136 1041 4204 iuxta
1072 4138 1250 4206 canonicas
1282 4135 1461 4204 sentencias
1535 4159 1536 4212 ς

339 4241 492 4310 duximus
508 4244 744 4312 sententialiter
760 4243 980 4330 deponendos.

304 4425 307 4432 ,
447 4351 518 4436 Ege
536 4349 639 4419 (laudi
663 4351 705 4420 de
721 4351 836 4436 Regno
851 4351 1064 4420 Examinator
1078 4311 1226 4418 ursanum¹
1243 4367 1349 4417 meam
1381 4347 1461 4418 misi.

311 4523 313 4528 .
447 4462 517 4546 Ego
533 4459 683 4528 Priamus
699 4458 819 4526 Sancte
834 4459 1009 4528 Anastasis
1024 4457 1232 4526 Primicerius
1249 4463 1281 4524 et
1295 4453 1463 4525 Jadrcnsis
1535 4503 1536 4560 3

304 4631 306 4642 .
339 4569 496 4638 Notarius
511 4567 587 4636 huie
602 4567 765 4638 sententie
781 4566 944 4637 audiende
973 4573 1107 4654 rogatus
1138 4563 1281 4652 interfui,
1310 4564 1464 4650 signoque
1535 4575 1536 4642 ξ
