3150 5162
768 171 930 312 „gu

281 433 286 438 -
390 399 431 464 Et
446 419 506 484 ego
522 401 700 472 Gerrasius
717 403 904 474 Ocnumnnis
920 403 1072 492 Tragurij
1090 403 1228 474 Juratus
1254 407 1425 476 Notarius

283 505 459 630 atPasculo
476 528 549 576 cum
563 509 660 578 Helia
677 511 762 578 banc
777 517 900 578 cartam
926 511 1041 598 scripsi
1074 518 1106 578 et
1135 514 1231 598 signo
1264 521 1432 582 consuetu·

282 632 422 697 signavi.

499 815 619 874 (Farlati
639 815 787 880 Illyricum
804 816 921 868 Sacrum
940 817 988 867 1v.
1008 817 1068 868 ket.
1089 821 1150 868 346.
1165 819 1195 881 l.)

712 1101 980 1112 ....-...-—..-...

811 1594 886 1664 332.

280 1789 339 1860 IV.
355 1793 438 1858 Be'la
468 1791 640 1876 kirrilpualc
663 1815 684 1856 u
706 1791 940 1874 paauoubalmc'
963 1796 1107 1878 upritcdp
1123 1793 1235 1880 jopait
1258 1801 1422 1884 trirqycrzc'

611 1919 698 1982 napy
717 1900 960 1983 precileqr'uma.
976 1897 1076 1964 1260.

389 2095 471 2164 Bcla
486 2095 547 2162 Dei
561 2091 676 2179 grecia
700 2093 879 2178 Hungarie‚
905 2094 1085 2179 Dalmacie,
1120 2095 1265 2184 Oroacie,
1296 2100 1419 2180 Rene.

277 2206 403 2294 Seruie,
420 2202 570 2290 Gallicie,
586 2201 787 2284 horlemede,
802 2201 1023 2286 eumanieque
1048 2205 1116 2272 Rex
1141 2205 1290 2275 omnibus
1311 2229 1410 2294 quern

277 2313 483 2397 presentibus
499 2331 597 2396 quarn
613 2309 729 2376 suturis
747 2314 915 2395 presentes
947 2309 1072 2377 litteras
1097 2311 1293 2398 inspecturis
1323 2318 1411 2382 saln-

279 2425 344 2485 tem
362 2419 396 2484 in
412 2419 553 2484 omniurn
569 2417 742 2486 saluatorc.
782 2415 826 2482 Ut
842 2414 1010 2484 Geleitudc
1026 2418 1131 2502 Regia
1146 2419 1320 2505 priuilegia
1351 2423 1412 2492 lie·

278 2523 450 2592 clesiaruru
466 2545 609 2610 suarum,
623 2547 686 2610 que
701 2525 881 2593 casualiter
898 2525 1065 2592 maculata
1081 2535 1157 2594 sunt
1173 2535 1205 2593 et
1230 2527 1408 2616 confracta,

279 2642 413 2700 renouet
429 2640 462 2702 et
476 2632 652 2717 confirmet,
670 2633 777 2718 pietus
792 2635 919 2722 suadet,
937 2634 1026 2702 racio
1044 2635 1200 2722 postulat,
1212 2636 1410 2720 justiciere-

277 2741 397 2826 quirit3
421 2739 565 2808 maxime
580 2761 650 2808 cnm
669 2741 703 2807 id
718 2741 943 2808 inconcussum
959 2749 1159 2828 permaneat,
1190 2742 1277 2825 qued
1302 2743 1406 2829 Regio

277 2847 376 2916 suerit
391 2849 573 2934 patrocinio
588 2855 791 2916 renouatum.
824 2848 965 2916 Proinde
995 2847 1039 2915 ed
1069 2851 1294 2916 uniuersorum
1325 2852 1409 2918 noti·

277 2958 363 3024 ciam
379 2963 489 3023 tencre
505 2955 708 3042 presencium
724 2957 875 3022 uolumus
893 2955 1074 3041 peruenire,
1092 2955 1180 3042 quod
1206 2957 1346 3029 dilectus
1373 2968 1408 3025 et

277 3062 385 3133 fidelis
401 3071 513 3130 noster
528 3064 638 3129 Funus
653 3061 852 3129 venerabilis
868 3060 983 3130 Abbas
1000 3062 1148 3129 Ecclesie
1180 3062 1291 3129 Sancti
1321 3067 1407 3134 llar-

278 3173 339 3240 tini
355 3173 396 3239 de
412 3169 512 3238 Sacro
526 3171 637 3238 Monte
652 3168 830 3258 Pannonis,
860 3169 903 3234 ad
920 3176 1066 3236 nostram
1096 3169 1305 3240 accendendo
1334 3193 1408 3258 pre-

277 3281 432 3364 senciam,
448 3275 657 3363 priuilegium
674 3275 740 3344 iam
757 3276 878 3342 dudum
894 3295 916 3342 a
932 3276 1027 3344 nobis
1044 3277 1252 3362 impetratum
1279 3299 1409 3367 corrup-

277 3397 344 3456 tum
361 3389 394 3454 in
410 3385 522 3470 sigillo
538 3384 619 3452 etin
636 3385 752 3454 litteris
769 3385 803 3451 in
819 3383 1016 3468 quibusdam
1033 3385 1115 3452 locis
1131 3403 1189 3472 per
1205 3384 1408 3456 stillicidium

279 3497 477 3564 maculatum
494 3493 589 3562 nobis
604 3495 732 3560 curauit
748 3492 907 3576 exhibere,
924 3492 1126 3580 supplicans,
1144 3499 1179 3560 ut
1195 3491 1282 3560 idem
1298 3499 1417 3563 nostro·

276 3603 485 3690 dignaremur
500 3601 618 3670 iterato
633 3600 807 3687 priuilegio
822 3599 1021 3667 confirmare.
1052 3600 1150 3667 Cuius
1168 3599 1298 3684 quidem
1314 3607 1409 3670 tener

275 3712 436 3782 aliaest:
477 3706 481 3714 ’

384 3821 422 3887 ln
438 3817 568 3886 neruine
583 3817 704 3885 Sancte
719 3815 891 3884 Trinitatis
907 3821 940 3882 et
954 3813 1129 3882 Indiuidue
1145 3814 1297 3884 Unitatis.
1323 3815 1409 3884 Bela

276 3927 338 3996 Dei
353 3926 466 4013 gracia
482 3924 659 4008 Sangario,
676 3922 857 4010 Dalmacie,
874 3923 1020 4008 Croucie,
1037 3924 1150 4009 Reme,
1176 3919 1303 4010 Seruis,
1329 3921 1410 3990 Gel-

274 4035 359 4120 licie,
376 4033 631 4118 bodomarieque
646 4035 715 4100 Rex
747 4032 984 4117 inperpetuum.
1020 4029 1118 4097 Urias
1149 4030 1261 4097 Abbas
1293 4029 1407 4098 Sancti

274 4141 407 4209 Martini
424 4139 466 4208 de
481 4140 582 4208 Sacro
598 4141 711 4208 Monte
725 4139 896 4206 Pannonie
922 4157 944 4204 a
967 4135 1061 4204 nobis
1093 4133 1211 4206 deuote
1243 4136 1343 4224 peeijt
1375 4145 1410 4206 et

273 4251 446 4333 instanter,
461 4253 497 4316 ut
512 4245 686 4332 priuilegia
703 4266 768 4330 que
782 4246 827 4314 ab
841 4243 1104 4314 antecessoribus
1122 4243 1244 4311 nostris
1262 4243 1414 4329 Regibus

274 4355 444 4442 Hungarie
459 4377 481 4422 a
495 4363 640 4442 tempore
656 4355 771 4421 Sancti
786 4354 885 4439 Regis
901 4352 1059 4438 Stephani
1076 4349 1199 4436 babuit,
1215 4353 1411 4422 transscribi

274 4468 464 4549 faceremus,
480 4471 514 4532 et
530 4483 639 4532 eorum
656 4459 860 4550 exemplaria
876 4460 977 4530 nostri
994 4467 1160 4529 caractere
1176 4457 1280 4542 sigilli
1305 4459 1416 4528 muni-
