3078 5128
806 291 967 387 jao-

318 485 450 571 vestris,
483 485 538 567 qui
567 483 732 550 nobiseum
756 483 899 568 fuerint3
933 490 966 550 et
990 490 1149 567 quantum
1173 484 1265 552 vobis
1291 484 1458 572 placuerit

320 596 407 659 stare
423 590 511 678 apud
529 609 598 674 nos,
613 589 707 657 stetis
724 609 795 658 oum
821 589 907 657 omni
933 589 1056 658 honore
1084 614 1092 676 ;
1116 597 1150 658 et
1175 590 1301 659 nullum
1330 594 1456 659 malum

320 697 480 766 faciemus
514 715 621 781 neque
657 696 750 764 vobis
773 695 912 782 domino,
942 715 1050 781 nequo
1079 699 1173 765 uxori
1200 705 1318 785 vestre,
1344 719 1455 783 noque

322 803 400 872 filiis
435 805 562 884 vestris,
591 823 699 889 neque
724 805 790 870 aiio
818 810 927 871 vestro
954 804 1084 889 babere,
1110 825 1217 889 neque
1242 805 1456 890 magnatibus

322 911 451 999 vestris,
467 931 572 996 neque
589 911 659 978 alio
675 916 798 997 vestro,
815 931 920 996 nequo
935 910 1058 979 habere
1074 931 1194 1000 eorum,
1219 912 1279 979 sed
1304 921 1342 980 nt
1356 913 1455 980 babe-

324 1017 387 1086 atis
403 1017 558 1086 honorem
584 1025 616 1086 et
634 1019 851 1086 salvationem
870 1018 1049 1086 seeundum
1075 1025 1220 1088 nostrum
1244 1039 1344 1106 posse
1368 1020 1452 1088 siout

325 1125 484 1192 domiuus.
503 1127 543 1191 Et
560 1123 829 1210 quandocumque
849 1124 1016 1194 volueritis
1035 1125 1083 1193 110
1100 1126 1140 1192 do
1165 1126 1259 1194 uobis
1283 1126 1330 1193 ad
1355 1126 1455 1193 alium

323 1239 460 1317 partem,
477 1232 564 1299 ibitis
581 1230 705 1318 soapnli
723 1253 794 1299 oum
810 1232 898 1300 omni
914 1231 1039 1300 honore
1055 1253 1128 1300 oum
1154 1231 1303 1300 omnibus
1335 1234 1452 1302 vestris

324 1347 357 1406 et
372 1359 445 1406 oum
460 1345 526 1407 toto
541 1338 662 1405 babere
679 1345 787 1406 vestro
805 1343 836 1405 et
852 1357 925 1404 oum
941 1343 1009 1405 toto
1020 1337 1141 1405 habere
1152 1357 1271 1422 eorum,
1300 1345 1405 1405 etuos
1420 1347 1451 1405 te

325 1444 549 1513 eunduoemus.
568 1445 609 1510 Et
625 1452 709 1512 terre
724 1453 831 1511 vestre
857 1451 890 1510 et
905 1444 1092 1512 civitatibus
1121 1443 1240 1511 vestris
1264 1465 1331 1511 nou
1356 1443 1455 1512 offen·

326 1551 440 1618 demus
457 1571 516 1618 neo
532 1549 703 1617 manifesto
719 1569 778 1618 neo
803 1551 939 1637 oeonlte,
966 1549 1026 1618 sed
1051 1557 1086 1616 ιιι
1112 1569 1258 1618 amemus
1286 1569 1346 1619 oaa
1370 1552 1451 1620 siout

326 1666 450 1726 uosmet
468 1661 565 1745 ipsos.
582 1659 623 1724 nt
640 1665 675 1725 ut
691 1663 812 1725 stemus
838 1657 873 1724 iu
898 1658 1041 1742 antiquis
1066 1659 1226 1748 maceriis,
1253 1665 1286 1728 et
1311 1661 1388 1745 plus
1416 1662 1454 1727 de

327 1763 393 1832 illis
409 1787 475 1832 nun
492 1763 792 1852 conprehendamus
807 1765 899 1832 nullo
915 1762 1010 1832 modo
1031 1767 1072 1830 nt
1089 1764 1316 1834 Comeroarius
1341 1776 1450 1836 vester

318 1861 390 1938 ‘stet
405 1871 493 1958 apud
510 1877 626 1952 1100,οι
644 1892 664 1938 a
680 1873 773 1938 nobis
793 1871 920 1938 nullum
936 1869 1128 1940 seandalnm
1152 1873 1275 1940 habeat
1290 1897 1299 1959 ς
1317 1879 1352 1942 οι
1365 1871 1451 1959 quod

330 1986 379 2048 est
397 1977 439 2047 de
454 1985 563 2048 vestra
578 1979 713 2062 iustitia,
729 1983 830 2045 totum
847 1979 889 2046 ad
906 1980 1037 2064 plenum
1053 1979 1113 2046 tibi
1134 1979 1259 2048 demus.
1284 1983 1328 2047 Et
1351 2002 1454 2066 quan·

328 2089 370 2157 do
386 2107 444 2156 vos
465 2109 522 2176 per
548 2105 637 2154 mare
663 2085 858 2152 adiutorium
884 2107 904 2152 a
929 2085 1023 2154 nobis
1051 2087 1236 2170 quesieritis
1262 2097 1296 2156 et
1320 2088 1455 2156 ierimus

329 2195 388 2262 tibi
407 2197 441 2262 in
463 2196 671 2280 adiutorium,
691 2193 724 2261 in
749 2193 806 2262 illo
833 2213 919 2259 anno
944 2192 1091 2260 dimittas
1115 2193 1208 2263 nobis
1232 2202 1335 2263 totum
1361 2196 1456 2280 illud,

329 2303 417 2389 qnod
434 2305 591 2370 babemus
607 2305 641 2368 in
667 2321 760 2368 usum
786 2300 898 2385 dandi,
925 2307 958 2368 ot
982 2301 1101 2367 uostris
1128 2303 1375 2388 morosioribus,
1401 2303 1456 2386 qui

328 2410 497 2478 ambulant
513 2430 570 2496 per
586 2417 706 2476 terram
722 2417 874 2488 vestram,
893 2409 1065 2477 dimittatis
1081 2409 1215 2495 datium,
1245 2411 1329 2478 siout
1347 2411 1453 2478 saneti

331 2537 413 2585 avus
449 2523 556 2584 vester
590 2525 623 2585 ot
659 2523 754 2602 pater
788 2522 904 2602 uester,
930 2517 1062 2600 quando
1094 2517 1333 2586 adiuvabamus
1365 2518 1452 2604 iilos,

329 2625 521 2692 dimiserunt
537 2625 641 2690 nobis.
659 2623 694 2689 Si
710 2630 820 2690 autem
836 2643 902 2688 nou
918 2625 1095 2710 poterimus
1111 2624 1204 2691 vobis
1229 2624 1277 2691 ire
1301 2625 1336 2692 in
1361 2626 1453 2692 adin-

328 2733 456 2814 torinm,
473 2732 571 2798 tollas
588 2735 686 2798 totum
703 2729 796 2816 illud,
817 2729 904 2816 quod
924 2731 1282 2800 estdeoonsuetudine.
1298 2733 1454 2802 suetiam

329 2843 379 2911 sio
414 2843 557 2910 iuramus
589 2844 682 2911 uobis
718 2843 801 2910 siout
825 2843 926 2909 nostri
952 2843 1078 2908 nobiles
1103 2839 1210 2908 nuntii
1238 2841 1450 2910 iuraverunt:

329 2949 478 3018 Matbens
494 2949 643 3031 Bobatie,
661 2947 836 3016 Gervasins
852 2948 1049 3036 Naymerr'us
1064 2955 1098 3015 et
1113 2947 1232 3016 Petrus
1260 2947 1302 3016 de
1326 2949 1448 3032 staua

330 3065 363 3126 ot
379 3077 437 3142 per
452 3059 574 3124 nuliam
590 3057 794 3126 oooasionem
811 3076 996 3142 rumpemus
1013 3056 1076 3123 hoo
1091 3063 1331 3124 saorameutum
1345 3056 1452 3125 vobis·

328 3185 409 3249 oum,
425 3172 458 3232 et
473 3169 508 3231 ut
526 3165 651 3232 firmum
667 3170 847 3232 teneamus.
868 3165 910 3230 nt
934 3163 962 3230 si
986 3163 1122 3247 aliquod
1147 3163 1305 3230 iniustum
1329 3162 1451 3232 iaotum

328 3271 424 3339 inerit
439 3271 523 3338 inter
539 3291 609 3359 nos,
628 3292 699 3338 oum
714 3269 834 3339 iudioio
849 3279 1029 3358 reparetur,
1047 3279 1079 3337 et
1105 3279 1348 3338 saoramentum
1372 3292 1451 3346 sem-

328 3397 387 3465 per
403 3379 461 3445 tibi
479 3380 661 3447 tenebimus
672 3381 799 3445 firmum
815 3414 1101 3427 -----
1117 3378 1158 3444 Ει
1173 3379 1352 3445 seeundum
1367 3379 1452 3462 quod

329 3495 378 3556 est
394 3489 595 3557 consuetudo
612 3489 667 3556 avi
684 3487 793 3576 vestri,
810 3493 842 3555 et
858 3490 961 3574 patris
986 3487 1095 3575 vestri,
1123 3489 1240 3555 ciuitas
1267 3509 1341 3556 oum
1364 3495 1448 3556 terra

328 3602 364 3662 nt
381 3595 524 3664 habeant
539 3596 645 3680 legem
661 3595 797 3664 interae
814 3595 854 3662 de
870 3596 991 3664 Sanoto
1017 3595 1180 3664 Miohaele
1196 3615 1298 3679 usque
1314 3594 1358 3662 ud
1373 3597 1451 3662 Sau-

327 3709 413 3770 etum
438 3701 625 3788 Georgium.

435 3809 570 3893 Signum
587 3811 677 3878 Petri
695 3810 887 3896 Ballislave,
903 3807 1041 3877 Jobauis
1058 3807 1220 3898 Bogdani,
1247 3808 1353 3876 Veloii
1377 3809 1450 3875 Bla-

329 3915 448 4004 dimiri,
460 3917 643 3986 Martinusii
662 3918 823 4004 (10110011,
841 3917 970 3984 Andree
985 3917 1180 4006 Ballislave,
1204 3917 1321 3986 Jaeobi
1344 3918 1452 4001 Nega·

328 4021 417 4108 mire,
453 4024 596 4093 Jabrane
630 4023 770 4111 Proouli,
809 4025 911 4092 Cerne
935 4023 1066 4112 Vitane,
1092 4021 1287 4090 MiobabeIis
1318 4023 1453 4101 Potane,

326 4131 419 4198 Petri
435 4131 550 4218 Srette,
569 4131 731 4200 Grubesse
749 4131 911 4216 Gundule,
929 4131 1077 4198 Calenda
1103 4131 1280 4218 oerneehe,
1306 4129 1451 4218 Nyoiiori

328 4237 457 4324 Srette,
498 4237 618 4306 Marini
657 4239 818 4324 Oalende,
862 4237 1026 4306 Grnbesse
1057 4237 1257 4324 Ballislaue,
1299 4235 1452 4324 Guyslani

326 4343 498 4414 Theodori.

436 4452 456 4532 †
492 4453 677 4538 Stephanus
715 4453 926 4522 vladislavus
963 4473 1034 4520 oum
1072 4451 1184 4520 divino
1210 4449 1374 4520 adiutorio
1387 4452 1453 4518 Rex

324 4557 422 4623 totius
457 4568 541 4627 terre
567 4561 607 4625 de
631 4563 749 4648 Rassa,
790 4559 953 4642 Dioelitie‚
968 4559 1134 4641 Tribunis,
1158 4556 1359 4644 Zaohulmie,
1386 4559 1454 4624 iuro
