3150 5162
838 1054 916 1140 aaa.

314 1251 590 1338 Maqycrorazdpa'
612 1252 798 1318 kercalwddlc
820 1251 919 1318 delete
942 1275 982 1318 aa
1004 1251 1149 1338 Alrajac
1164 1253 1323 1321 oiddlcea'a.
1339 1255 1448 1322 1259..

418 1445 590 1514 Ganradns
605 1446 668 1514 Dei
685 1444 796 1531 gracia
811 1443 931 1514 Sancte
962 1445 1167 1515 Coloniensis
1199 1447 1349 1516 Ecclesia
1377 1448 1440 1516 Ar·

307 1551 544 1641 alniepiscapua,
561 1553 652 1622 Sacri
683 1553 813 1638 Imperii
847 1575 906 1640 per
936 1553 1081 1622 Ytaliam
1112 1553 1438 1624 Archiaancellarins

304 1661 369 1729 stb.
394 1660 475 1727 Cum
491 1661 525 1728 iu
541 1660 652 1728 littera
667 1659 795 1730 arbitrii
810 1659 894 1728 inter
910 1680 969 1728 nos
985 1669 1019 1729 ct
1035 1662 1218 1731 Ecclesiam
1233 1669 1379 1732 nostram
1396 1681 1438 1730 ex

303 1785 371 1836 ana
386 1773 490 1854 parte,
506 1785 566 1834 nco
581 1787 646 1835 uou
661 1766 774 1834 fideles
791 1774 922 1835 nastros
938 1767 1084 1857 ludices,
1109 1769 1269 1837 Scabinos
1300 1778 1333 1836 et
1363 1769 1437 1835 uui·

302 1893 415 1944 versos
431 1872 522 1941 ciues
538 1871 749 1942 colonienses
765 1891 807 1942 ex
823 1875 929 1942 altera
944 1894 1042 1962 super
1056 1875 1178 1943 uostris
1195 1872 1350 1942 hincinde
1358 1874 1435 1942 iuri·

303 1981 366 2050 bus
381 1999 439 2069 per
454 1980 657 2050 uenerabiles
673 1982 761 2048 viros
777 1983 839 2049 stb.
856 1983 977 2068 prolati
993 1981 1112 2067 sigillis
1128 1982 1252 2050 nastris
1276 1979 1433 2049 hincinde

300 2091 435 2175 signata
451 2089 655 2159 contineatur
667 2105 832 2174 expresse,
863 2087 948 2174 quod
965 2089 1091 2157 lorauei
1108 2099 1304 2159 mercatores
1336 2089 1432 2156 Colo·

301 2197 391 2268 niam
407 2197 586 2286 uenientes,
601 2204 659 2264 aut
673 2195 781 2283 ipsam
797 2196 962 2264 mercandi
978 2197 1089 2264 auimo
1103 2198 1349 2284 frequentantes
1364 2214 1438 2261 non·

262 2343 263 2348 =
298 2313 375 2374 suut
391 2303 602 2392 permittendi
617 2303 756 2371 transire
772 2304 928 2371 terminos
943 2305 1124 2390 antiquitus
1140 2307 1344 2390 constitutos,
1369 2298 1429 2370 sed

296 2413 359 2480 hac
374 2412 550 2480 secuudum
565 2409 831 2480 cousuetudinem
847 2412 1016 2496 antiquam
1032 2418 1097 2480 tam
1114 2433 1156 2480 ex
1185 2420 1281 2498 parte
1310 2419 1437 2480 nostra.

297 2539 395 2606 quam
413 2519 530 2588 civium
547 2519 769 2588 coloniensem
787 2519 1017 2589 iuviolabiliter
1032 2522 1201 2590 obseruari
1218 2522 1338 2590 debere
1362 2523 1435 2589 stb..

298 2627 367 2696 Nos
382 2625 426 2694 ad
441 2627 683 2713 requisitionem
699 2635 731 2695 et
747 2627 937 2696 instantiam
954 2629 1172 2716 predictorum
1187 2629 1334 2697 fidelium
1366 2649 1426 2696 no·

204 2811 206 2824 ,
297 2746 436 2808 atrorum
461 2736 579 2805 civium
611 2735 851 2803 (boloniensium
882 2735 1035 2822 diligenti
1066 2736 1322 2822 investigatione
1350 2758 1427 2824 pre·

296 2847 406 2932 missa,
422 2849 519 2932 prout
534 2865 556 2914 a
570 2841 754 2914 senioribus
770 2847 803 2909 et
817 2842 1033 2928 prudentibus
1064 2864 1104 2912 ac
1136 2843 1309 2930 fidedignis
1341 2846 1426 2912 viris

292 2975 403 3022 sumus
418 2971 478 3040 per
493 2951 735 3037 inquisitionem
751 2949 870 3038 edocti,
886 2957 1080 3019 memoratas
1090 2953 1240 3038 antiquos
1252 2953 1425 3038 terminos„

290 3083 445 3132 unacum
464 3059 659 3146 quibusdam
690 3057 764 3125 aliis
797 3057 942 3126 articulis
972 3057 1015 3127 ad
1046 3057 1210 3144 publicam
1241 3059 1423 3127 utilitatem

289 3171 523 3258 spectantibus,
540 3169 573 3236 iu
589 3167 805 3254 subscriptum
822 3167 952 3235 modum
970 3165 1417 3255 duximusexprimenandos:

287 3277 383 3358 Quod
413 3273 564 3344 uidelicet
584 3276 739 3342 nullus
778 3279 1071 3342 mercatorum
1110 3273 1161 3340 de
1200 3275 1417 3364 ngaria,

285 3385 429 3469 Boemia,
447 3383 594 3470 Palania,
610 3381 772 3468 Bawaria,
789 3381 921 3466 Saenia,
937 3381 1092 3467 Saxauia,
1109 3381 1301 3469 Tburiugia,
1327 3383 1421 3452 Haa-

284 3493 343 3578 aia,
361 3497 395 3559 et
409 3490 655 3576 quibuscunque
671 3487 746 3556 aliis
763 3488 978 3557 orientalibus
994 3490 1151 3578 partibus,
1167 3501 1240 3574 curu
1251 3490 1415 3561 mercibus

284 3597 484 3684 quibuslibet
498 3597 542 3664 ad
557 3597 683 3665 Beuum
699 3597 844 3682 veniens,
877 3605 970 3666 extra
999 3602 1097 3682 atque
1127 3597 1213 3666 ultra
1243 3597 1413 3668 ciuitatem

283 3705 522 3791 coloniensem,
540 3709 676 3790 excepta
707 3704 777 3772 sala
808 3723 909 3771 causa
938 3703 1212 3790 peregrinationis
1243 3707 1415 3792 procedat

280 3813 397 3897 Neque
413 3811 510 3879 etiam
526 3811 615 3878 ullus
629 3809 820 3896 Flamingus
835 3812 889 3878 vel
905 3811 1135 3894 Brabautiuus,
1167 3817 1225 3878 aut
1239 3815 1325 3883 alius
1341 3819 1412 3901 qni-

279 3941 406 4007 cunque
422 3919 464 3988 de
479 3926 566 3987 uttra
581 3917 706 3986 Mosam
721 3919 775 3987 vel
790 3917 928 3988 aliarum
944 3917 1088 4004 partium
1098 3917 1285 3988 inferiorum
1295 3943 1411 4001 secun·

277 4027 355 4099 dum
371 4026 646 4111 cousuetudinem,
672 4027 840 4112 antiquam
857 4034 890 4094 et
906 4025 948 4094 da
972 4026 1044 4093 iure
1075 4029 1272 4100 seruandam
1304 4051 1409 4102 causa
1542 4123 1543 4126 Ἴ

275 4137 443 4207 mercandi
459 4137 598 4206 ulterius
614 4156 713 4222 quam
728 4135 762 4205 in
778 4133 958 4223 coloniam,
990 4141 1022 4202 et
1052 4155 1119 4203 uon
1150 4143 1240 4206 traua
1270 4142 1412 4231 Renum,

272 4266 381 4332 aeque
396 4265 509 4313 versus
525 4250 636 4333 partes
652 4243 837 4332 superiores
853 4243 941 4311 ultra
957 4242 1069 4310 villam
1085 4244 1215 4314 nomine
1230 4245 1407 4319 Radinkir·

273 4355 357 4424 cheu
370 4352 535 4439 procedet.
557 4354 600 4420 at
617 4351 765 4420 similiter
780 4351 888 4418 nullus
913 4357 1126 4419 mercatorum
1158 4352 1200 4420 de
1229 4355 1405 4441 superiori·

272 4463 336 4530 bus
376 4460 524 4548 partibus
563 4465 659 4528 extra
698 4458 852 4528 Diacesin
884 4457 1111 4527 delaniensem
1142 4461 1285 4530 existens
1316 4464 1406 4536 ultra

271 4568 461 4637 inferiorem
499 4568 612 4635 turrim
651 4568 796 4636 ciuitatis
837 4565 1049 4653 coloniensis,
1081 4569 1134 4636 vol
1164 4570 1283 4640 saltem
1313 4572 1408 4643 ultra

269 4675 383 4780 villam
401 4675 532 4742 nomine
548 4675 632 4761 Ryle
657 4696 758 4743 causa
790 4673 955 4744 mercandi
986 4674 1212 4744 descendendo
1242 4681 1405 4763 procedat
