3120 5148
820 957 875 1024 96.

283 1159 333 1228 Η.
357 1161 468 1226 Eudae
483 1161 594 1245 kirtly
616 1157 710 1223 Tibur·
729 1155 891 1220 comcaoek
907 1177 946 1218 aa
963 1153 1095 1218 ‹t-bodai
1111 1155 1245 1234 saipelco
1262 1152 1329 1216 leod
1354 1171 1425 1213 mo·
1545 1233 1546 1244 ἵ

283 1267 460 1335 nostordtdl
485 1291 505 1329 a
526 1269 611 1352 pecti
636 1263 895 1348 vdmjb'oedelrnet
920 1261 1054 1340 elocuta,
1091 1259 1201 1322 canule
1218 1256 1354 1342 fejdbeu
1379 1280 1422 1321 aa

286 1375 416 1441 cmlr'tett
432 1373 655 1439 orcaoetoroalc
671 1372 816 1455 br'zocyoe
841 1369 1057 1454 adjdoedelmct
1083 1368 1291 1448 odoosdnyoz.
1319 1369 1419 1433 1217.

395 1570 434 1634 In
472 1568 602 1633 nomine
633 1566 752 1632 Sancte
784 1563 955 1630 Trinitatis
992 1569 1025 1628 et
1057 1561 1231 1628 Indiuidua
1262 1559 1420 1627 Unitatis.
1546 1649 1547 1652 Ἴ

285 1677 437 1745 Andreas
453 1673 514 1740 Dei
530 1675 644 1758 gracia
659 1671 838 1758 Hungarie,
855 1671 1037 1756 Dalmaoie,
1055 1667 1198 1754 dicacie,
1215 1668 1326 1754 Rame,
1345 1668 1421 1735 Scr-

288 1785 352 1872 uie,
370 1783 507 1868 Galicie,
525 1781 783 1863 Lcdomerieque
815 1780 888 1844 Rex
919 1779 952 1844 in
986 1784 1188 1863 perpetuum.
1231 1773 1420 1842 Venerandi

288 1895 393 1976 Regio
409 1892 519 1975 stirpis
537 1906 740 1956 successores
757 1893 823 1952 tarn
842 1885 1036 1969 diligentem
1052 1886 1089 1950 in
1115 1904 1246 1952 sucrum
1273 1890 1419 1950 anteces-

293 2019 401 2066 sorum
417 1997 644 2064 donationibus
661 2001 693 2060 et
709 1993 867 2061 institutis
893 1992 1012 2060 debent
1045 1993 1167 2059 babere
1201 1990 1422 2079 diligentiam,

289 2113 326 2176 ut
342 2107 371 2174 si
387 2105 464 2187 quid
481 2125 522 2171 ex
538 2103 603 2186 hijs
620 2102 674 2168 uel
691 2119 817 2167 annosa
845 2105 1026 2184 temporum
1053 2100 1184 2183 canitie,
1216 2099 1268 2167 uel
1300 2099 1421 2185 impor-

288 2221 366 2279 tuno
384 2209 631 2293 malignantium
647 2209 770 2291 impetu
779 2206 974 2274 labefactari
991 2205 1141 2293 uiderint,
1158 2227 1223 2272 non
1240 2213 1367 2272 tantum
1386 2207 1421 2270 iu

291 2319 408 2386 melius
431 2319 614 2400 immutare,
646 2315 704 2380 sed
734 2315 905 2380 immutata
937 2315 1094 2382 studeant
1126 2313 1330 2386 auctoritatis
1363 2331 1422 2380 sue

291 2425 476 2493 testimonio
494 2423 658 2488 roborare.
684 2421 763 2487 Cum
780 2421 890 2504 itaque
907 2419 1007 2488 irater
1023 2428 1133 2488 noster
1158 2422 1322 2488 Emericus
1349 2423 1423 2487 Rex

291 2531 404 2600 inclite
420 2525 572 2594 memorie
589 2525 795 2592 medietatem
812 2526 924 2593 tributi
942 2527 983 2594 de
1008 2527 1107 2595 Pestb
1133 2525 1331 2594 Monaatcrio
1357 2525 1423 2611 Ty·
1548 2595 1549 2602 χ

293 2636 396 2720 bureij
415 2633 548 2701 Comitis
565 2633 606 2699 de
622 2633 735 2700 Insula
766 2635 836 2701 iure
868 2641 1026 2720 perpetuo
1059 2635 1261 2721 contulisset,
1298 2643 1329 2701 et
1361 2653 1422 2700 nos

293 2741 500 2831 postmodum
517 2740 602 2806 idem
618 2741 773 2806 tributum
791 2741 833 2806 ad
848 2759 1003 2824 magnam
1022 2743 1165 2807 insulam
1184 2742 1304 2808 nostris
1321 2743 1423 2827 depu-

296 2859 458 2917 tasscmus
472 2847 596 2934 usibus,
613 2849 647 2912 in
664 2843 809 2913 eiusdem
837 2850 1114 2914 restauracionem
1146 2850 1330 2934 plenariam
1362 2851 1424 2916 LX

294 2975 424 3024 marcas
441 2955 482 3023 dc
498 2954 624 3022 salibus
641 2955 850 3021 terrestribus
866 2955 1036 3022 annuatim
1061 2955 1096 3021 in
1127 2955 1267 3024 Polonia
1299 2957 1423 3042 persol-

295 3063 422 3132 uendas
440 3067 616 3130 memorato
647 3061 848 3128 Monastario
879 3061 912 3126 in
945 3070 1138 3145 perpetuum
1170 3063 1426 3148 assignarimus.

292 3173 414 3240 Verum
431 3173 509 3256 qnia
524 3171 571 3236 rei
588 3177 680 3253 geste
697 3169 852 3234 memoria
868 3165 956 3234 facili
974 3170 1070 3255 lapsu
1087 3169 1233 3255 deperit;
1251 3169 1313 3258 (ut)
1325 3171 1386 3239 bec
1403 3193 1426 3239 a

294 3279 386 3347 nobis
402 3281 493 3344 lacta
509 3275 714 3343 commutatio
725 3275 842 3343 nostris
853 3283 1101 3362 nostrorumque
1112 3297 1335 3346 successorum
1345 3285 1426 3346 tem·

294 3387 428 3474 poribus
445 3385 538 3451 salua
563 3403 692 3468 semper
717 3391 750 3450 et
780 3383 976 3451 inconcussa
1007 3391 1215 3470 permaneat;
1239 3393 1427 3470 presentem

297 3493 517 3561 concessimus
534 3489 690 3579 paginam
722 3490 822 3572 sigilli
853 3491 955 3558 nostri
987 3491 1165 3560 munimine
1195 3492 1428 3577 inperpetuum

297 3604 495 3670 roboratam.
505 3599 627 3662 Datum
636 3616 694 3682 per
710 3619 826 3666 manus
842 3599 990 3684 Magistri
1007 3639 1051 3650 -
1067 3635 1110 3648 -
1128 3636 1167 3646 -
1189 3638 1227 3648 -
1247 3601 1324 3666 aule
1341 3601 1429 3668 Can·

297 3707 437 3790 cellarij,
467 3725 553 3769 anno
570 3703 740 3770 Dominice
758 3707 996 3773 lucarnationis
1027 3707 1202 3774 millesimo
1233 3705 1401 3773 OG⁰XVlI
1410 3720 1431 3776 ⁰.

299 3811 488 3880 Venerabili
504 3808 652 3876 Jobannc
668 3811 892 3900 Strigoniensi,
924 3813 1114 3880 Reuerendo
1146 3815 1300 3882 Bertoldc
1333 3814 1429 3881 Golo-

297 3921 388 3990 censi
402 3916 665 4003 Arobiepiscopis
682 3919 915 4004 existentibus3
940 3923 1063 3989 Octauo
1099 3921 1431 4005 Quinqueecclesicn-

298 4051 379 4115 sem,
418 4025 593 4092 Wilbelmc
631 4027 913 4117 Transsiluanem‚
950 4031 1093 4096 Roberto
1125 4031 1430 4114 Wcrprimiensem,

299 4139 440 4222 Symone
456 4132 713 4219 Waradiensem,
746 4134 840 4202 Petro
858 4135 1105 4220 Georgieusem,
1136 4137 1307 4204 Desiderio
1324 4135 1432 4204 Cena·

298 4246 455 4328 diensem,
472 4242 595 4308 Jacobo
613 4241 815 4322 Vacicnsem‚
831 4242 997 4328 Stephano
1013 4243 1276 4330 Zograbicnsem,
1301 4243 1434 4312 Thema

298 4355 412 4421 Electc
428 4349 637 4436 Agr(iensem
653 4345 834 4436 Ecclesiae)
869 4347 1007 4418 feliciter
1038 4351 1306 4436 gubernantibus.
1347 4351 1430 4420 Jvla

297 4457 463 4536 Palatino,
478 4455 630 4522 Banconc
647 4455 749 4540 Bauo,
766 4455 926 4541 Dyouisio
943 4455 1100 4541 Magistro
1116 4457 1379 4526 Tauarnicorum
1396 4466 1434 4524 ct

299 4565 425 4633 Gemite
441 4561 527 4628 Noui
543 4561 659 4644 Oestri,
675 4562 785 4628 chnz
803 4559 928 4629 Corioli
939 4562 1072 4652 Gemite,
1082 4565 1232 4651 Rapbain
1245 4564 1436 4647 Voianada,
