3080 5146
681 239 842 344 ..ffl-

199 435 282 502 siom
299 418 407 501 Castm'
422 431 517 516 Noni,
533 431 600 500 alia
615 451 693 500 vero
705 429 920 517 jobagionum
945 428 1054 498 Gestri
1082 427 1223 516 predicti
1253 426 1345 494 eine·

199 539 319 606 herede
334 537 584 624 deoedenoinm3
609 545 642 606 et
658 559 755 605 rnam
772 545 895 604 terram
910 535 954 602 alr
973 536 1042 602 alia
1064 535 1184 604 tlnnins
1208 537 1331 619 Egres-

199 647 325 732 potoka
341 646 527 731 separabat,
543 651 664 711 terram
680 642 808 711 seilicet
822 641 988 730 hospitum
1002 643 1090 710 vltra
1105 642 1238 709 fluuium
1255 661 1329 728 pre

197 750 322 820 dietum
338 770 453 819 remus
469 749 625 820 orientem
641 748 831 834 diuidendo,
863 753 896 818 et
910 755 1031 816 terrem
1047 747 1206 818 diotornrn
1231 749 1269 814 lt
1296 752 1345 815 et.

196 859 236 925 A.
252 879 275 924 a
290 867 384 945 parte
396 856 577 926 oceidentls
592 855 806 942 relinquendo
822 875 865 923 er
878 855 946 924 ista
961 861 1057 941 parte
1086 853 1178 940 flnnij
1210 875 1343 941 preno-

196 967 282 1050 tati3
306 966 420 1050 sicque
437 971 541 1032 terras
557 961 763 1030 oironmdans
779 961 921 1047 vndiqne
937 962 1035 1028 oertis
1052 959 1157 1049 metis,
1171 963 1341 1048 partibus-

160 1093 166 1100 ·
196 1071 327 1156 prefixit
343 1069 515 1138 terminum
531 1089 641 1136 coram
669 1068 763 1138 nobis
788 1067 1008 1155 comparendi.
1050 1066 1123 1146 Quo
1151 1069 1345 1137 eonstitute·

195 1198 307 1246 eoram
324 1177 430 1265 nobis,
446 1175 719 1264 quemadmodum
735 1177 843 1244 dietus
859 1177 1051 1261 Prepesitns
1076 1183 1182 1242 terras
1208 1197 1328 1245 meme

195 1293 288 1352 retas
303 1285 430 1354 inuenit
445 1293 616 1372 separatas
632 1303 730 1352 snam
746 1287 789 1353 ab
819 1284 928 1352 altera
958 1305 1016 1370 per
1046 1284 1170 1353 dietum
1191 1285 1329 1352 flnninm

194 1391 438 1478 llgraspotolra,
453 1393 501 1460 sie
518 1403 553 1462 vt
569 1391 611 1460 de
627 1399 735 1461 oetero
751 1393 842 1460 inter
863 1401 982 1460 so'non
998 1391 1143 1459 habeant
1156 1391 1328 1458 materiam

154 1565 161 1572 ,
196 1497 359 1584 litigandi,
377 1500 617 1568 ordinaoionem
640 1501 741 1569 talem
770 1498 907 1568 fecimus
924 1520 932 1562 ε
949 1497 1038 1582 qnod
1068 1497 1150 1566 dieti
1180 1497 1339 1582 hospites

195 1604 282 1672 vltra
296 1605 429 1674 fluuium
445 1628 561 1678 verens
576 1608 733 1677 orientem
749 1614 870 1674 terram
880 1625 975 1674 snam
985 1605 1186 1694 possideant,
1202 1615 1234 1674 et
1244 1606 1337 1675 dieti·

195 1713 378 1782 sentientes
394 1716 498 1783 nostri
514 1735 556 1783 en
570 1715 635 1784 iste
650 1723 743 1801 parte
757 1713 901 1782 fluminis
914 1720 1003 1780 terra
1018 1733 1080 1782 sua
1096 1714 1333 1784 similitersint

197 1819 355 1886 contenti.
377 1821 464 1890 llete
479 1841 557 1890 vero
572 1822 795 1909 predictarum
818 1829 990 1907 terrarum,
1022 1820 1108 1889 sient
1137 1821 1233 1889 noble
1264 1841 1328 1906 per

198 1925 326 1995 litteras
343 1928 423 1996 dieti
437 1927 601 2014 Propositi
616 1929 659 1996 de
673 1928 788 1996 Jarow
802 1926 953 2009 innotuit,
982 1927 1043 1995 hoo
1066 1927 1183 1995 ordine
1207 1927 1336 1996 datin·

196 2041 317 2118 guntur
331 2059 339 2102 ε
355 2035 467 2102 Prima
482 2041 571 2102 meta
586 2035 628 2102 de
643 2033 725 2100 villa
740 2031 845 2101 Zolrol
860 2032 1007 2117 prooedit
1036 2031 1129 2100 inrta
1158 2035 1337 2120 Egrespa-

196 2141 288 2229 talra,
304 2150 338 2209 et
353 2143 445 2212 vadit
460 2141 584 2210 direote
602 2139 646 2206 ad
662 2140 796 2208 flnuinm
812 2139 966 2222 Harnad;
992 2146 1025 2207 et
1040 2159 1081 2206 ex
1096 2147 1191 2226 parte
1217 2141 1340 2208 orien—

196 2249 256 2315 tali
272 2249 340 2316 exit
356 2247 401 2314 ad
416 2256 542 2334 partem
558 2249 725 2333 hospitum
741 2247 783 2314 de
798 2247 900 2334 Zyna,
918 2249 951 2312 et
965 2249 1009 2314 ab
1025 2247 1222 2315 occidentali
1231 2257 1331 2334 perte

194 2355 335 2442 pertinet
350 2355 394 2422 ed
409 2363 534 2440 partem
550 2355 698 2440 Bolyrlai
715 2361 748 2421 et
763 2352 957 2441 Alexandri,
973 2359 1005 2423 et
1021 2355 1108 2422 inter
1123 2358 1238 2424 ambae
1248 2377 1339 2440 parv

192 2472 243 2534 tes
260 2463 491 2550 Egraspotolra
506 2463 687 2550 precedunt
702 2469 768 2530 tres
784 2469 869 2531 mete
885 2463 927 2529 do
941 2463 1117 2548 salterium
1142 2465 1230 2532 etde
1246 2465 1328 2532 sali-

194 2573 290 2638 oibns
305 2569 491 2655 diriguntur
505 2570 549 2635 ad
566 2590 721 2655 magnam
737 2569 849 2653 riam;
869 2577 958 2638 etex
974 2571 1089 2639 eadem
1115 2591 1237 2656 magna
1267 2571 1339 2640 ria.

198 2677 363 2762 incipiunt
378 2685 453 2743 ooto
468 2683 554 2746 mete
570 2685 684 2760 terroe,
701 2684 734 2745 et
749 2679 949 2764 protendunt
963 2698 1000 2746 se
1017 2699 1120 2764 neque
1139 2681 1334 2747 moluarum

193 2781 239 2872 (l)
256 2803 377 2868 equam
392 2782 464 2870 Ida,
482 2788 515 2850 et
529 2803 569 2850 ex
586 2789 679 2869 parte
695 2782 903 2850 meridionali
918 2783 1012 2851 iuxta
1026 2791 1131 2852 motos
1146 2787 1337 2870 premissas·

190 2891 331 2978 pertinet
339 2890 382 2958 ad
392 2899 520 2978 partem
529 2891 724 2977 populorum
736 2891 777 2956 de
788 2889 890 2977 Zyna‚
905 2895 937 2956 et
946 2899 1091 2976 exparte
1100 2892 1179 2960 ville
1189 2893 1324 2962 nomine

193 2997 297 3066 Zolrol
314 2997 454 3085 pertinet
468 2995 512 3064 ad
526 3005 653 3084 partem
670 2996 812 3064 Bolinlai
829 3001 863 3064 et
877 2995 1077 3082 Alexandri;
1095 3004 1330 3069 etmeteterre

194 3107 337 3193 ipsorum
353 3106 390 3172 B.
408 3109 440 3172 et
455 3104 492 3171 A.
508 3105 736 3190 continguntur
751 3112 835 3173 terre
851 3105 947 3171 metis
971 3103 1143 3171 Menhardi
1168 3105 1335 3194 ComitisJ.

196 3209 285 3280 etde
300 3213 396 3281 metis
412 3209 584 3280 lienhardi
600 3209 737 3279 Comitis
753 3211 925 3280 reuertitur
934 3229 994 3296 per
1002 3212 1146 3298 arbores,
1162 3215 1338 3298 quewlgo

198 3321 353 3387 dienntnr
370 3321 469 3408 luffa,
484 3317 528 3386 ad
544 3315 775 3404 Egrsspotoka
790 3317 835 3384 ed
850 3319 1029 3404 platanum,
1054 3319 1115 3386 snb
1132 3339 1198 3404 qna
1212 3321 1338 3389 arbore

197 3433 247 3494 eet
262 3434 351 3494 mete
367 3433 494 3511 terrea;
517 3431 551 3492 et
574 3423 686 3492 taliter
717 3425 919 3492 terminetur.
959 3424 1002 3492 vt
1031 3425 1133 3510 igitur
1163 3429 1335 3512 premissa

197 3540 310 3601 nostra
326 3531 496 3600 ordinacio
512 3533 609 3599 robur
625 3531 772 3599 obtineat
788 3537 943 3618 perpetue
967 3531 1153 3619 firmitatls;
1176 3553 1238 3601 neo
1269 3535 1330 3602 ali·

199 3639 273 3724 quis
289 3633 541 3724 disceptationis
555 3639 728 3723 serupulus
744 3638 830 3707 inter
846 3657 901 3706 eos
917 3639 1030 3706 valeat
1046 3638 1087 3704 de
1103 3645 1213 3706 oetero
1229 3641 1331 3709 sosoi

200 3748 275 3833 tari,
292 3753 478 3834 presentem
493 3743 635 3813 litteram
662 3748 882 3814 oonoessimne
914 3743 1055 3832 dupliois
1087 3746 1193 3829 sigilli
1225 3748 1335 3815 nostri

199 3854 377 3923 munimine
393 3848 588 3921 roboratam.
604 3851 727 3919 Datum
744 3853 837 3919 Bude
845 3871 932 3919 anno
941 3853 1187 3920 Inoamaoionio
1195 3854 1329 3922 Domini

200 3959 371 4028 millesimo
387 3961 609 4028 dnoentesimo
625 3959 898 4044 quinquagesimo
915 3958 1026 4042 primo.

203 4157 238 4216 (Δ
255 4157 345 4221 jdszdi
364 4157 543 4211 kenrentnek
564 4162 641 4208 1469.
663 4158 752 4208 »feria
770 4157 870 4220 quinta
887 4157 1018 4220 proxime
1036 4159 1101 4221 post
1128 4156 1232 4222 festum
1259 4157 1332 4210 Pen-

201 4251 335 4296 tapetes«
355 4247 415 4298 kelt
442 4247 615 4312 etirateb613
645 4247 751 4312 melyet
782 4260 799 4297 e
828 4245 933 4309 saepesi
963 4245 1098 4310 kdptelan
1132 4249 1207 4296 1545.
1242 4246 1337 4298 »teria

202 4334 321 4386 secunda
339 4337 470 4398 proxime
497 4341 563 4402 post
594 4336 699 4387 testum
731 4334 927 4387 conuentionis
958 4335 1039 4386 Beati
1070 4333 1150 4385 Pauli
1183 4333 1334 4398 Apostolis

381 4425 458 4490 tribol
478 4427 567 4490 dtlrt3
595 4440 613 4474 a
630 4423 715 4476 budai
734 4423 788 4474 kir.
808 4423 934 4478 kamsrei
953 4421 1149 4486 levtlttrban.)
