3120 5148
647 253 808 356 ...⁸3-

163 448 339 518 eousllium
357 446 406 518 eis
423 449 618 538 impendere,
635 469 694 518 neo
711 449 746 516 in
763 450 873 535 aliquo
889 449 1080 520 necessaria
1098 449 1294 540 ministrare,

161 578 223 626 nee
253 556 383 646 aliquid
398 558 513 628 borum
545 581 603 646 per
618 560 722 628 ullum
753 559 922 644 ingenium
939 560 1008 628 fieri
1025 561 1144 631 faeere.
1173 559 1293 630 Omnia

163 679 276 736 autem
294 671 418 734 statuta
435 687 567 734 servare
583 668 748 753 debemus,
767 687 829 752 que
845 689 904 756 pro
920 675 1011 753 parte
1027 677 1137 736 vestra
1156 669 1290 738 mandu-

163 775 277 844 veritis
295 774 391 844 nobis
416 775 579 844 servando
594 796 653 861 per
668 777 822 844 maiorem
854 785 980 865 purtem
999 776 1133 846 Consilii
1164 799 1223 847 vos
1239 780 1293 846 vel

165 902 373 952 successores
390 884 509 971 vestri3
541 904 613 951 eum
629 890 755 951 statuta
787 889 895 952 tamen
914 885 1028 954 eadem
1044 907 1105 972 per
1137 887 1291 955 maiorem

165 999 296 1080 partem
320 991 458 1059 Consilii
474 991 572 1060 eertis
595 991 811 1060 Comitotibus
843 993 960 1062 vostris
976 993 1137 1083 iacienda,
1154 1014 1214 1080 pro
1234 1014 1296 1062 sua

164 1117 224 1166 vos
241 1104 336 1183 parte
355 1097 520 1186 dederitis,
537 1100 591 1166 vel
609 1119 811 1168 successores
836 1101 945 1168 vestri.
964 1101 1126 1170 Debemus
1150 1121 1292 1188 namque

163 1227 223 1293 pro
240 1206 405 1274 Comitetu
435 1227 535 1293 supra
550 1207 675 1292 seripto
691 1214 723 1273 et
739 1207 857 1276 insulis
873 1207 964 1276 vobis
980 1215 1011 1275 et
1041 1229 1140 1295 supra
1169 1211 1291 1294 scripto

162 1313 334 1383 Communi
349 1320 459 1384 vestro
475 1316 601 1383 solvere
617 1316 783 1382 aunuatim
800 1317 902 1384 libras
927 1315 1131 1386 denariorum
1159 1316 1294 1384 Venetis

167 1423 407 1509 quadragintas
439 1423 472 1489 iu
504 1429 592 1490 terra
617 1424 739 1510 salvas,
758 1425 846 1490 omni
872 1426 1057 1493 conditione
1073 1432 1105 1492 et
1121 1427 1293 1492 oeoasioue

164 1535 310 1614 remota3
327 1529 484 1598 ducentes
502 1530 535 1596 in
552 1530 743 1598 Sauetorum
754 1531 982 1615 Apostolorum
994 1533 1078 1598 Petri
1089 1539 1121 1599 et
1135 1531 1239 1616 Pauli,
1257 1539 1289 1598 et

165 1641 253 1707 alias
271 1639 430 1706 dueentas
445 1638 478 1704 iu
494 1638 618 1706 oetavis
635 1638 826 1707 Natiuitatis
841 1641 1020 1708 Domiuiee.
1033 1641 1104 1720 Qua
1120 1639 1229 1707 omnia
1244 1661 1295 1708 su·

164 1750 350 1836 praecripta
366 1768 426 1832 ego
442 1747 685 1832 suprascriptus
701 1746 814 1814 Petrus
830 1767 901 1815 sum
919 1748 1082 1816 districtus
1100 1768 1159 1836 per
1185 1769 1295 1816 saera·

163 1863 312 1925 mentum
329 1873 461 1922 servare
477 1873 579 1940 usque
595 1853 637 1922 ad
654 1875 780 1922 meuses
813 1862 960 1944 quatuor,
977 1863 1151 1943 postquam
1179 1873 1291 1940 supra·

164 1967 308 2050 seriptus
324 1965 480 2030 Robertus
492 1965 694 2030 fratermeus
705 1963 738 2028 in
749 1963 925 2032 Selavouia
943 1963 1068 2031 venerit
1078 1963 1131 2032 vel
1141 1963 1175 2032 in
1191 1965 1295 2032 Vene-

166 2074 215 2140 tia
231 2073 320 2140 inira
350 2078 415 2138 tres
433 2090 561 2138 menses
578 2070 618 2138 de
636 2072 795 2159 custodia,
827 2092 893 2158 qua
909 2079 1057 2157 tenetur3
1090 2071 1179 2140 inira
1204 2073 1292 2156 quod

165 2181 312 2267 spatium
344 2200 401 2264 per
418 2187 555 2262 quatuor
586 2179 745 2247 mensium
762 2179 796 2245 iu
828 2179 1014 2266 Solavonia,
1047 2181 1101 2247 vel
1118 2187 1244 2248 tautum
1261 2183 1296 2247 in

167 2289 310 2356 Venetia
332 2288 383 2356 sui
400 2287 569 2356 adventus.
595 2288 629 2355 Si
647 2289 679 2354 in
704 2309 775 2354 eum
801 2287 933 2356 modum
955 2291 1035 2376 ipse,
1054 2309 1117 2373 quo
1142 2309 1201 2372 ego
1225 2311 1296 2358 sum

129 2385 132 2388 ’
166 2397 260 2466 vobis
271 2403 445 2480 vestroque
457 2394 625 2462 Communi
635 2417 693 2481 per
703 2397 917 2464 iuramentum
930 2403 962 2464 et
972 2395 1197 2482 promissionis
1208 2401 1296 2484 eapi-

167 2509 275 2574 tulare
293 2505 472 2592 obligatus,
491 2521 527 2570 se
544 2503 749 2588 obligaverit,
766 2509 799 2570 et
812 2504 994 2572 iuramento
1011 2503 1208 2592 astrinxerit,
1224 2507 1296 2590 ipse

164 2635 305 2698 meeum,
322 2619 354 2680 et
371 2631 442 2679 eum
458 2611 534 2679 aliis
551 2631 650 2698 supra
674 2612 802 2696 scriptis
819 2612 886 2680 suis
904 2619 936 2680 et
953 2610 1034 2680 meis
1066 2612 1217 2682 fratribus
1235 2613 1295 2680 Co·

162 2745 234 2792 mes
252 2743 326 2791 esse
343 2721 450 2808 debet,
462 2729 495 2789 et
505 2719 664 2806 equaliter
679 2739 803 2786 meeum
820 2741 922 2808 supra
938 2723 1064 2807 scripta
1081 2723 1192 2790 omnia
1207 2728 1295 2791 tene·

166 2835 257 2904 bitur
273 2836 446 2912 observare
478 2850 581 2916 usque
598 2831 641 2896 ad
657 2851 785 2900 meuses
802 2837 878 2917 tres,
895 2851 935 2898 ex
952 2851 1016 2915 quo
1034 2852 1134 2918 supra
1150 2829 1291 2914 seriplus

163 2943 312 3010 Joanues
329 2941 430 3007 frater
447 2947 556 3008 noster
579 2939 669 3026 prius
686 2940 815 3008 venerit
830 2938 873 3006 ad
889 2945 1018 3007 etatem.
1050 2937 1142 3016 Quod
1159 2939 1187 3005 si
1205 2938 1293 3004 inira

167 3049 292 3118 dietum
310 3048 481 3114 terminum
498 3047 595 3114 trium
611 3049 769 3114 mensium
786 3066 823 3113 eo
839 3047 943 3132 modo,
956 3067 1019 3128 quo
1036 3065 1185 3129 sumego
1203 3045 1294 3112 vobis

162 3165 339 3241 vestroque
364 3156 532 3223 Communi
571 3175 630 3242 per
669 3158 887 3224 iuramentum
913 3161 945 3220 et
971 3152 1196 3240 promissionis
1227 3175 1294 3220 oar·

165 3273 235 3330 tam
277 3262 466 3350 obligatus,
523 3285 559 3331 se
598 3263 791 3347 obligaverit
829 3269 861 3328 et
909 3260 1088 3328 iuramento
1136 3261 1297 3330 astrinxe-

164 3375 220 3460 rit,
253 3371 326 3457 ipse
356 3369 452 3437 modo
483 3371 585 3438 simili
617 3369 999 3438 nobiseuminomnibus
1032 3369 1243 3436 communiter
1261 3378 1294 3440 et

163 3482 327 3566 equaliter
352 3499 462 3546 eomes
489 3500 559 3547 esse
592 3481 699 3568 debet,
716 3487 748 3546 et
764 3479 932 3547 nobiseum
950 3480 1069 3559 omnia,
1096 3499 1157 3562 que
1175 3479 1297 3564 seripta

164 3597 245 3660 suut
261 3587 419 3676 superius,
439 3590 563 3673 pariter
594 3590 766 3656 observare
783 3587 942 3671 usquead
959 3607 1088 3656 menses
1107 3596 1182 3672 tres,
1206 3593 1293 3672 post·

166 3719 268 3782 quam
286 3696 544 3782 suprascriptus
562 3696 711 3775 Andreas
736 3695 837 3761 frater
863 3701 970 3762 noster
988 3697 1093 3781 primo
1111 3695 1234 3764 venerit
1251 3693 1294 3760 ad

166 3813 302 3874 etatem.
320 3805 411 3870 lusra
428 3805 514 3889 quod
529 3805 671 3888 spatium
688 3805 784 3870 trium
802 3804 970 3890 meusium,
988 3805 1016 3870 si
1034 3806 1117 3892 ipse,
1134 3804 1218 3872 siout
1234 3823 1295 3886 ego

164 3913 263 3982 vobis
296 3921 469 3998 vestroque
501 3911 663 3980 eommuni
680 3932 737 3996 por
768 3918 1007 3980 sacramentum
1024 3917 1056 3980 et
1072 3913 1295 3997 promissionis

165 4029 295 4091 cartam
312 4043 384 4090 sum
402 4023 579 4106 obligatus,
595 4043 631 4090 se
648 4021 839 4107 obligaverit
854 4028 884 4088 et
900 4020 1089 4088 astrinxerit
1115 4039 1298 4088 sacramen·

167 4139 213 4218 to,
233 4132 268 4197 in
286 4130 435 4198 omuibus
466 4130 677 4197 communitor
694 4139 725 4196 et
743 4129 902 4213 equaliter
919 4130 978 4195 toti
995 4134 1133 4212 quatuor
1149 4127 1294 4194 Comites

170 4259 247 4306 esse
278 4238 445 4322 debemus,
462 4245 493 4304 et
510 4246 634 4324 cuneta,
665 4259 727 4322 que
743 4259 842 4324 supra
867 4237 990 4320 scripta
1021 4241 1104 4319 suut,
1136 4233 1297 4318 equaliter

172 4349 361 4414 observare.
380 4345 553 4414 Sciendum
570 4351 679 4414 tamen
691 4353 751 4430 est,
767 4347 843 4430 quia
859 4365 959 4432 supra
975 4342 1088 4430 seripti
1103 4341 1248 4410 loannes
1266 4348 1298 4411 et

165 4455 319 4524 Andreas
348 4453 490 4525 Comites
507 4476 571 4522 nou
588 4474 660 4522 esse
690 4457 820 4542 debent,
838 4455 872 4520 ni
887 4455 922 4520 in
935 4452 1003 4521 vita
1019 4452 1117 4519 unius
1134 4451 1295 4538 danobis,

168 4563 313 4634 Roberto
344 4561 496 4633 videlieet
512 4570 544 4633 et
560 4585 612 4633 me
628 4563 733 4652 Petro,
751 4565 806 4650 qui
824 4564 895 4654 plus
927 4561 1057 4650 vixerit,
1082 4563 1168 4630 siout
1198 4560 1297 4630 etiam
