3078 5128
801 309 961 424 prc—

318 519 464 606 qualibct
479 519 617 587 eandem
634 513 828 605 possedisse.
865 519 935 586 Nos
950 537 1030 586 uero
1049 515 1197 604 partibus
1212 514 1288 586 hinc
1313 521 1347 585 et
1373 503 1449 584 hinc

317 627 447 714 auditio,
473 633 505 693 et
536 625 578 694 de
608 625 709 692 uerbo
735 623 779 691 ad
794 624 929 694 uerbum
946 624 1030 693 inter
1044 643 1081 690 se
1097 621 1343 711 altercantibus,
1373 644 1446 693 cum
1532 609 1533 638 ¹

317 735 437 803 uostris
452 731 698 802 collateralibus
713 731 827 800 ordine
842 731 1063 800 intelleximus
1079 729 1247 799 iudiciario
1263 755 1271 798 :
1299 732 1388 815 quod
1419 734 1448 802 si

318 842 602 927 supranominatus
617 839 656 906 A.
674 839 859 910 (laconicus
876 861 949 907 cum
961 845 1137 907 memorato
1154 841 1189 908 F.
1205 848 1448 908 sacramentum

320 956 468 1038 prostare
484 953 771 1036 presumpmercnt,
787 947 906 1014 dictam
933 954 1055 1015 terram
1073 943 1222 1014 Ecclesia
1246 945 1449 1030 strigonien-

319 1057 366 1126 sis
382 1056 551 1125 obtineret.
577 1053 671 1134 Quod
688 1063 721 1122 et
737 1056 882 1123 lecerunt
898 1053 931 1121 in
948 1062 1061 1124 nostra
1077 1054 1214 1142 capella,
1231 1061 1268 1121 ut
1298 1073 1369 1122 mos
1401 1061 1450 1120 est

321 1173 355 1232 ct
371 1163 580 1234 consuetudo.
596 1163 641 1230 Et
655 1163 704 1231 sio
720 1169 808 1230 terra
823 1181 902 1249 sepe
918 1163 1090 1230 nominata
1104 1163 1204 1230 cessit
1219 1163 1253 1228 in
1269 1161 1321 1228 ius
1338 1161 1449 1229 scere-
1534 1179 1535 1232 f

321 1271 370 1338 sic
385 1275 618 1357 prememorato
633 1276 790 1356 perpetuo
806 1269 1016 1356 possidenda,
1032 1269 1176 1336 aduersa
1192 1277 1284 1355 parte
1309 1266 1451 1336 mulsea

320 1385 353 1446 et
368 1377 520 1445 conuictu
534 1385 744 1460 remanente3
768 1377 898 1444 lmardo
914 1377 980 1444 filio
995 1377 1109 1444 Simun
1138 1375 1180 1443 de
1210 1373 1294 1442 uilla
1324 1375 1451 1458 Senreg

319 1483 480 1571 pristaldo
496 1485 595 1571 Regis
612 1483 782 1552 existente.
807 1485 848 1551 Vt
864 1484 964 1569 igitur
981 1484 1076 1551 huius
1093 1503 1192 1551 cause
1222 1483 1344 1551 decisio
1376 1489 1451 1550 rata
1535 1520 1536 1530 κ

320 1598 353 1657 et
367 1589 495 1660 stabilis
512 1611 642 1677 semper
658 1599 855 1677 perseueret,
873 1611 933 1659 neo
948 1609 1100 1674 unquam·
1120 1587 1252 1657 malicia
1283 1588 1450 1656 homiuum

320 1707 487 1766 masconta
502 1699 536 1766 iu
551 1699 677 1768 irritum
693 1699 911 1786 calumpnloae
929 1699 1041 1766 ualeat
1071 1697 1231 1788 reuocari,
1261 1703 1449 1784 presentem

320 1813 446 1874 cartam
462 1803 563 1889 sigilli
578 1807 680 1874 nostri
697 1807 909 1894 impressione
926 1807 958 1872 in
975 1806 1129 1875 noticiam
1156 1803 1273 1873 deduci
1305 1811 1450 1891 postero·

320 1931 390 1978 rom
407 1911 629 1981 concessimus
645 1916 828 1982 roboratam
844 1933 931 1981 anno
964 1913 1084 1982 Gracia
1115 1910 1449 1980 Muccmxxdlrru

321 2017 441 2086 Datum
458 2037 516 2104 per
533 2039 648 2088 manus
664 2019 823 2106 Stephani
840 2020 988 2104 Magistri
1004 2021 1106 2090 nostri
1124 2017 1330 2104 eanceuarlj.
1376 2109 1381 2118 Ι

322 2215 370 2280 (Π.
395 2215 488 2270 Eudrc
514 2215 663 2283 kinalymuk
686 2217 796 2268 1234·ὶὶ
822 2216 991 2284 megerdclttt
1016 2215 1211 2284 okmanydbdl,
1237 2217 1310 2270 mint
1335 2216 1449 2272 leutebb

772 2309 830 2358 182.
853 2321 890 2358 aa.
911 2307 1004 2372 aluit.)

751 2593 1017 2605 nu--na—-n-n—

852 3121 926 3202 rat.

323 3328 504 3418 Aadprddc
518 3323 740 3417 lrdplalonaulc
756 3327 1033 3419 biaouycclplccclc,
1048 3334 1130 3419 kopp
1161 3333 1241 3402 lilla
1270 3337 1303 3400 da
1335 3325 1450 3404 Sdmott

321 3437 467 3506 temeret
495 3437 603 3503 Jctnoa
632 3437 815 3504 oiadoraolc
844 3439 1053 3527 azolpdlutoc't
1083 3441 1233 3528 dizooyoa
1262 3443 1451 3511 dirtolcodo-

619 3546 1034 3631 msaynyaljucatmozcuk.
1051 3547 1147 3615 1234.

430 3735 617 3825 Capitulum
633 3739 863 3825 Zagrabiensis
878 3733 1027 3811 Ecclesio
1043 3743 1206 3813 uniuersis
1223 3749 1290 3812 tam
1306 3745 1450 3832 posteris

324 3863 423 3932 quam
440 3845 655 3936 presentibus,
672 3847 715 3916 ad
731 3869 812 3934 quos
829 3869 963 3935 presens
979 3851 1104 3936 pagina
1128 3851 1325 3937 peruenerit,
1357 3853 1448 3922 salu·

322 3961 387 4023 tem
403 3953 438 4020 iu
454 3955 604 4022 Domino.
642 3955 694 4022 Ad
725 3958 867 4024 omnium
898 3957 1076 4027 descrimus
1108 3959 1326 4047 aguioioucm,
1359 3961 1451 4046 quod

323 4059 426 4148 llllaa,
442 4067 475 4128 et
490 4061 611 4149 Symon
628 4063 729 4131 irater
745 4065 826 4154 eius,
842 4065 899 4150 lilij
917 4065 1040 4136 scilicet
1056 4066 1155 4153 Petri,
1170 4066 1314 4134 iohanni
1324 4065 1452 4138 duella·

322 4167 383 4233 tori
399 4168 468 4236 lilio
483 4169 603 4257 Rudoe,
619 4170 697 4255 quia
713 4192 770 4258 pro
786 4173 867 4258 ipsis
882 4195 1056 4261 personam
1073 4193 1167 4244 suam
1183 4175 1328 4262 periculo
1346 4175 1453 4245 duelli

322 4383 452 4450 nomine
468 4381 642 4473 Budindol,
658 4405 757 4471 quam
773 4387 851 4455 olim
866 4397 961 4476 puter
977 4390 1042 4458 iam
1058 4389 1135 4459 dicti
1152 4390 1346 4460 duellatoris
1361 4393 1453 4480 patri

323 4487 466 4573 ipsorum
480 4490 683 4579 vendiderat,
716 4495 816 4564 libore
835 4503 867 4564 et
882 4497 950 4565 iure
967 4507 1125 4586 perpetuo
1140 4497 1351 4567 reddiderunt
1375 4521 1453 4589 pos·

323 4596 513 4690 uidendum
537 4598 619 4670 uihll
635 4600 697 4674 sibi
714 4602 753 4672 de
771 4601 977 4700 adhcrmcijs
994 4605 1139 4678 eiusdem
1154 4613 1240 4680 torre
1256 4609 1451 4682 retinentes.
