3208 5158
738 968 814 1040 ser.

204 1169 239 1236 A
254 1171 589 1261 proserpentem
614 1169 892 1258 oeonyeopoeeo,
927 1171 1012 1258 sopp
1046 1139 1173 1237 nemon
1202 1167 1339 1258 mosot

200 1283 334 1368 pilspdk
349 1281 493 1368 bizonyos
515 1279 624 1346 Vasta
640 1280 770 1345 melletto'
779 1275 889 1362 fb'ldet
917 1279 1027 1346 Orbdo
1054 1279 1256 1346 Pobradnak
1271 1280 1337 1363 fid·

649 1389 694 1454 tot
709 1397 779 1454 velt.
800 1387 897 1456 1269.

283 1586 443 1655 (Tkalesios,
463 1587 586 1641 bionum.
605 1587 671 1640 hist.
691 1587 783 1652 Epiro.
802 1586 1000 1654 Zagrebiensis
1019 1588 1042 1640 1.
1061 1588 1120 1641 lot
1143 1591 1202 1638 142.
1221 1588 1253 1652 1.)

736 2525 815 2604 488.

204 2727 241 2796 Α
278 2731 417 2820 raquzae'
437 2687 615 2818 'kdptaloa
646 2687 796 2817 dionaeo
833 2731 1005 2798 odloeztott
1031 2693 1150 2800 traebat
1181 2692 1337 2802 damano

576 2838 703 2906 Endrdt
717 2837 854 2906 ddvb’zio‘.
879 2836 976 2906 1269.

319 3035 357 3104 In
373 3034 503 3104 nomine
518 3033 650 3103 Domini
665 3036 779 3105 Amen.
795 3037 891 3104 Anno
907 3034 950 3103 ab
966 3034 1195 3106 Inoamatione
1204 3035 1336 3106 Domini

204 3141 312 3212 nostri
327 3145 408 3214 Jeso
424 3143 544 3212 Christi
560 3142 761 3213 bt⁰GO⁰LX⁰
776 3163 872 3230 nono,
888 3145 1011 3212 mensis
1026 3143 1117 3212 Junii
1142 3142 1197 3213 die
1219 3153 1337 3230 quarta

204 3251 360 3339 intrante,
376 3251 566 3319 inductione
580 3249 649 3338 Xi,
665 3252 869 3338 presentibus
884 3249 1018 3320 Andrea
1033 3251 1075 3320 de
1085 3252 1198 3341 Zerer,
1209 3253 1336 3321 Marino

205 3358 277 3428 tilio
292 3359 361 3428 Viti
377 3358 491 3447 Sorgo,
506 3357 674 3447 Prepredo
689 3359 827 3428 Matthei
843 3359 929 3428 dioto
946 3360 988 3428 de
1002 3361 1156 3449 Ragonio,
1188 3367 1221 3428 et
1235 3359 1329 3446 aliis;

206 3467 387 3556 Presbyter
402 3469 551 3536 Donatus
567 3467 686 3535 Sanote
701 3468 865 3536 Hieremie
880 3468 921 3536 de
931 3469 1075 3536 Venetiis
1091 3472 1291 3555 presentavit
1305 3477 1338 3538 et

206 3576 301 3646 dedit
316 3573 476 3663 quosdam
493 3575 621 3644 litterae
638 3576 759 3644 domini
777 3577 919 3664 Philippi
935 3577 996 3647 Dei
1012 3584 1047 3646 et
1061 3578 1251 3667 Apostolioe
1281 3579 1337 3647 Se·

204 3680 259 3753 riis
275 3685 385 3770 gratia
399 3683 645 3772 Arehiepisoopi
660 3683 922 3753 Ravennatensis
938 3684 1050 3770 sigillo
1065 3705 1160 3756 oeteo
1170 3683 1336 3774 sigillatas

203 3789 360 3884 capitulo
375 3793 553 3881 Rngnsino,
569 3799 660 3862 tenor
676 3813 812 3876 quarum
828 3792 903 3860 talis
921 3799 994 3860 est:
1251 3787 1254 3796 ’

314 3899 485 3988 Philippus
500 3901 563 3970 stb.
579 3900 649 3968 viro
665 3899 806 3968 disereto
823 3900 954 3969 Andree
970 3899 1137 3972 Gnosonio
1169 3905 1233 3972 stb.
1272 3902 1337 3971 lid-

203 4013 316 4078 mouet
332 4026 392 4076 nos
408 4009 471 4077 stb.
489 4005 586 4096 (mint
601 4007 733 4076 leutebb
749 4008 825 4078 433.
844 4027 887 4074 sn
902 4005 948 4096 a)

314 4113 441 4194 Quibus
456 4114 539 4185 uisis
554 4121 588 4184 et
611 4116 705 4184 leotis
734 4122 767 4184 et
798 4114 971 4201 diligenter
1002 4116 1190 4207 intellectis,
1221 4119 1337 4188 habita

204 4221 360 4310 diligenti
376 4223 613 4294 deliberatione
629 4224 782 4292 intereos
807 4221 848 4292 de
879 4223 1042 4314 capitulo,
1074 4225 1271 4296 unanimiter
1301 4235 1334 4294 et

204 4331 425 4421 concorditer,
442 4333 533 4402 nullo
548 4332 679 4420 penitus
695 4331 877 4420 eddioonte‚
895 4329 1118 4422 laudaverunt,
1146 4341 1336 4421 acceptave·

199 4447 289 4528 runt,
322 4459 363 4508 ao
380 4439 478 4510 etiam
495 4443 759 4529 approbaverunt
774 4440 1092 4510 administrationem
1124 4441 1246 4509 laotem
1277 4461 1336 4528 per

201 4547 372 4617 dominum
388 4548 547 4636 Legatum
564 4549 606 4618 de
622 4569 762 4636 persona
786 4548 909 4618 domini
939 4548 1067 4620 Andree
1098 4548 1277 4636 antedioti3
1302 4557 1336 4618 et

200 4656 429 4766 pdmgiorsn
460 4657 694 4758 tortitudinem
723 4658 960 4758 mandaverunt
992 4657 1055 4732 hoo
1087 4658 1336 4728 instrumentum

1166 4766 1229 4850 tt*
