3080 5146
863 332 971 430 lt&

332 528 498 614 captivum
515 525 676 592 hominem
687 527 863 614 redemisti,
880 525 1020 594 etdlium
1031 527 1227 596 tuumnobis
1239 527 1400 616 tradidisti,
1411 539 1438 596 ut
1535 593 1536 598 ,

327 653 386 701 nos
401 635 555 700 servitute
589 633 753 717 eximeret,
784 633 917 716 vitaque
949 634 1123 700 immortali
1156 635 1304 703 donaret.
1339 637 1383 702 Tu
1409 657 1437 705 es
1521 652 1536 739 p

325 739 485 809 Dominus
500 739 599 821 Deus,
617 739 668 807 cui
683 740 792 808 omnia
808 749 897 806 recta
914 746 946 806 et
968 745 1083 807 saneta
1116 743 1256 828 placent,
1285 741 1387 826 iniqua
1413 753 1437 809 et
1521 739 1536 819 l

326 868 480 938 perversa
497 869 562 916 non
577 849 671 934 item,
696 857 728 915 et
745 867 819 914 oum
837 847 988 916 diabolus
1004 847 1134 913 Lucifer
1150 851 1192 918 ob
1208 869 1302 916 suam
1317 869 1436 934 pravam

326 957 555 1040 cogitationem
573 963 605 1022 et
621 955 764 1022 nolanos
781 961 918 1023 conatus
935 975 956 1021 a
971 955 1102 1022 sublimi
1117 956 1224 1040 gloria
1239 976 1280 1021 ac
1296 953 1437 1024 felicitate

326 1065 360 1130 in
374 1071 544 1130 aeternam
560 1061 772 1148 ignominiam
789 1062 1032 1146 cruciatumque
1048 1082 1119 1128 cum
1136 1063 1264 1146 angelis
1280 1064 1439 1147 perduelli-

324 1169 385 1238 bus
402 1167 571 1258 deciderit,
602 1169 729 1254 augelis
745 1170 803 1236 tibi
820 1170 1074 1254 obsequentibus
1090 1188 1129 1235 ac
1145 1168 1296 1238 fidelibus
1328 1173 1436 1240 sociam

324 1285 540 1361 aeternaeque
557 1278 723 1346 beatitatis
739 1283 922 1344 consortem
940 1275 1061 1343 dedisti
1091 1275 1317 1345 intemeratam
1349 1279 1439 1348 illiba-

322 1391 454 1468 tamque
469 1383 636 1468 Virginem
652 1384 799 1470 Marium,
832 1403 872 1449 ex
889 1403 955 1466 qua
971 1381 1062 1449 nasci
1086 1381 1239 1468 voluisti,
1265 1391 1383 1468 tuoque
1409 1387 1437 1451 in

324 1491 409 1560 buno
426 1489 581 1556 mundum
598 1490 741 1557 adventu
757 1509 842 1556 mors
858 1495 972 1557 nostra
986 1489 1119 1574 interiit,
1136 1491 1272 1573 eiusque
1283 1493 1439 1579 imperium

322 1598 460 1684 corruit,
486 1599 540 1682 qui
556 1598 644 1665 uruei
660 1596 778 1664 affixus
797 1597 896 1662 vitam
916 1597 1010 1663 nobis
1027 1599 1234 1683 comparasti.
1260 1598 1331 1683 ldgo
1346 1599 1440 1665 Redo-

323 1706 435 1772 slavns
451 1705 574 1772 Summi
589 1727 629 1772 ae
645 1706 872 1792 Praepotenlis
888 1705 951 1772 Dei
967 1705 1124 1773 beneficio
1149 1705 1222 1773 Rex
1254 1705 1386 1774 Serviae
1413 1715 1440 1772 et
1535 1691 1536 1694 ¹

324 1812 411 1880 Orae
427 1812 618 1899 Maritimae,
636 1821 668 1880 et
684 1812 803 1879 fratres
814 1813 921 1897 Regni
938 1812 1001 1878 mei
1018 1812 1230 1881 vladislavus
1247 1819 1280 1880 et
1296 1813 1439 1881 Urescins

322 1920 490 1988 nobiscnm
506 1919 570 2003 ipsi
586 1920 819 2005 reputavimus,
846 1927 878 1986 ct
895 1925 1039 1987 nostram
1055 1921 1089 1986 in
1104 1921 1296 1988 memoriam
1321 1941 1439 1991 revoca·

320 2027 425 2096 vimus
440 2027 600 2096 sinceram
617 2025 713 2094 fidem
729 2034 761 2094 et
782 2027 984 2116 obsequium,
1002 2025 1088 2110 qnod
1113 2027 1319 2095 honorabiles
1343 2029 1441 2095 nobis-

327 2155 388 2220 que
405 2135 517 2206 fideles
532 2135 619 2202 cives
637 2142 667 2201 et
683 2133 807 2222 patritii
823 2133 1042 2201 Catbarenses
1065 2133 1298 2219 praestiterunt
1321 2134 1438 2221 parenti

322 2253 434 2312 nostro
450 2245 581 2311 domino
597 2240 764 2326 Stephano
779 2241 884 2325 primo
900 2248 1053 2307 coronato
1068 2240 1161 2324 Regi,
1193 2249 1225 2308 et
1251 2263 1315 2310 avo
1340 2250 1440 2311 nostro

320 2352 441 2419 Sancto
458 2350 601 2418 Simeoni
617 2349 807 2434 Nemagnae
825 2349 930 2434 prime
946 2347 980 2414 in
996 2346 1108 2431 gloria,
1136 2347 1191 2430 qai
1216 2347 1280 2415 luit
1305 2351 1439 2416 columen

322 2458 368 2526 rei
385 2459 608 2540 Christianae;
632 2463 665 2523 et
679 2462 787 2523 mente
802 2456 999 2522 revolvimus
1016 2473 1137 2540 pravas
1170 2454 1296 2522 diaboli
1330 2455 1441 2542 cogita·

322 2565 437 2652 tiones,
454 2565 509 2650 qui
525 2563 655 2630 sublimi
672 2561 807 2630 scientia
823 2582 885 2629 sua
900 2563 1004 2629 elatus
1020 2563 1198 2629 conabatur
1222 2561 1334 2630 sedem
1357 2583 1443 2631 suam

323 2672 365 2738 ad
379 2671 579 2738 occidentem
596 2669 766 2750 collocare,
798 2675 829 2736 et
846 2669 986 2736 similem
1014 2667 1182 2736 Altissimo
1207 2669 1278 2736 fieri
1307 2670 1447 2758 volebat,

324 2798 483 2865 quemque
498 2779 592 2850 Dens
604 2777 744 2843 omnium
761 2784 887 2844 mentes
903 2783 935 2842 et
950 2775 1188 2859 cognitationes
1220 2775 1447 2862 introspiciens

323 2887 411 2954 coelo
450 2886 596 2971 detrusit,
636 2885 844 2970 aeternisque
877 2883 966 2970 apud
997 2883 1117 2950 inferos
1149 2882 1281 2968 ignibus
1312 2883 1449 2951 addixit.

321 2993 442 3062 Postea
481 2993 760 3062 consideravimus
790 2993 893 3080 verba
924 2991 984 3059 illa
1014 2991 1145 3059 Domini
1176 2991 1238 3056 Dei
1268 2991 1447 3058 Servatoris

319 3103 431 3183 nostri,
448 3123 531 3187 quae
561 3104 703 3169 Sanetus
718 3101 863 3168 loannes
879 3099 913 3166 in
930 3119 989 3166 suo
1007 3098 1178 3184 evangelio
1200 3096 1384 3184 descripsit,
1418 3106 1450 3166 et

320 3217 497 3296 praecepta
514 3229 598 3294 quae
613 3209 709 3276 Jesns
726 3205 873 3275 Christus
889 3206 1026 3273 ludaeis
1043 3205 1192 3290 tradidit,
1212 3223 1351 3272 cameos
1362 3207 1450 3272 viam

321 3319 438 3385 salutis
455 3318 587 3385 doceret
605 3313 717 3380 dicens
736 3339 743 3379 :
762 3313 818 3380 »Si
834 3319 1012 3399 praecepta
1027 3332 1101 3380 mea
1115 3310 1337 3400 servaveritis,
1363 3320 1450 3381 certe

321 3425 451 3508 quidem
468 3421 620 3508 discipuli
637 3421 701 3488 mei
719 3421 849 3505 eritis‹;
874 3421 1018 3504 itemque
1035 3419 1093 3486 illa
1119 3417 1162 3484 ab
1188 3415 1300 3486 eodem
1326 3419 1450 3488 Sancto
1535 3443 1536 3524 q

323 3531 449 3599 Joanne
464 3533 591 3598 relata:
613 3527 721 3596 »Oves
738 3547 828 3594 meae
844 3546 956 3595 vocem
973 3545 1079 3594 meam
1096 3525 1243 3610 audiunt,
1276 3533 1308 3592 et
1332 3530 1451 3610 sciunt,
1535 3527 1536 3614 l

321 3646 352 3706 et
369 3637 538 3707 ambulant
553 3640 644 3705 iuxta
660 3643 835 3723 praecepta
851 3655 935 3720 mea,
969 3641 1003 3702 et
1035 3653 1096 3718 ego
1130 3632 1215 3700 dabo
1247 3631 1315 3699 illis
1345 3636 1450 3704 vitam

318 3753 516 3814 aeternam«
542 3745 594 3811 Ad
609 3743 694 3811 hunc
709 3743 808 3831 plane
824 3741 957 3809 modum
974 3741 1086 3810 fideles
1106 3739 1210 3806 nostri
1225 3739 1315 3807 cives
1333 3746 1368 3807 et
1393 3763 1451 3828 pa·
1535 3805 1536 3828 ,

322 3853 407 3922 trioii
425 3851 640 3921 Catharenscs
657 3871 786 3937 semper
811 3849 906 3917 nobis
924 3849 1118 3927 auscultant,
1136 3847 1295 3914 voluntati
1319 3855 1454 3918 nostrae

318 3962 554 4047 obtemperant,
571 3967 604 4026 et
620 3959 714 4026 nobis
730 3977 862 4044 prorsus
879 3957 1027 4024 omnibus
1044 3958 1078 4022 in
1095 3956 1194 4022 rebus
1210 3953 1297 4023 dieto
1313 3957 1452 4024 audien·
1535 3977 1536 4006 ³

318 4079 367 4136 tos
384 4075 471 4155 sunt,
488 4076 521 4134 et
536 4067 684 4134 omnibus
702 4066 819 4134 nostris
838 4065 1001 4130 mundatis
1018 4083 1185 4145 nunquam
1201 4082 1266 4128 non
1293 4063 1457 4131 obedien·
1535 4133 1536 4156 ,

319 4184 370 4242 tes
387 4193 424 4242 se
441 4177 680 4260 praestiterunt.
706 4173 770 4250 uui
793 4193 854 4240 sua
878 4171 1055 4259 privilegia
1071 4179 1103 4237 et
1120 4169 1300 4255 diplomata
1333 4171 1456 4239 humili
1535 4175 1536 4190 l

316 4281 543 4367 submissoque
559 4281 667 4348 animo
684 4282 778 4364 nobis
795 4281 1010 4347 exbibuerunt
1021 4304 1028 4344 :
1040 4277 1253 4363 Privilegium
1268 4277 1455 4347 admodum
1535 4275 1536 4288 ¹

318 4391 453 4474 gloriosi
482 4390 577 4474 Regis
595 4391 743 4474 Georgii,
768 4392 821 4471 qui
839 4407 910 4454 eum
928 4385 1117 4454 tradidisset
1131 4383 1248 4452 iisdem
1267 4384 1457 4470 Gatharen·

316 4497 407 4565 sibus
423 4497 611 4582 Preglacam
629 4498 658 4562 iu
679 4517 716 4562 eo
734 4500 802 4564 solo
820 4501 852 4563 et
866 4493 1077 4582 patrimonio,
1109 4491 1144 4557 in
1160 4513 1224 4577 quo
1256 4510 1345 4558 nnnc
1380 4496 1457 4561 rell·

315 4605 406 4671 ciunt
421 4615 452 4672 et
468 4611 652 4671 restaurant
668 4605 782 4671 audem
809 4603 921 4671 Sancti
952 4599 1147 4685 Archangeli
1179 4597 1257 4666 olim
1290 4598 1335 4664 ab
1368 4597 1459 4686 ipsis
1535 4611 1536 4646 ³
