3208 5158
774 269 935 375 -Q-

290 457 449 529 adiaeens
481 483 645 548 nunquam
678 465 755 531 dieti
788 468 892 553 Bolug
923 487 984 554 pro
1014 491 1074 538 sua
1106 479 1138 537 et
1155 471 1433 556 predecessorum

292 591 422 638 suornm
435 572 632 642 hereditaria
641 575 802 643 extitisset
812 584 845 644 et
859 576 1042 644 haberetur.
1060 580 1112 646 De
1127 578 1245 662 quibus
1261 579 1295 644 in
1306 578 1427 645 eodem

294 679 389 746 berch
421 679 455 747 in
487 681 628 764 quadam
659 689 774 769 strata,
805 691 887 768 puta
911 685 956 751 ad
980 683 1100 753 dietam
1119 685 1252 771 plagam
1270 686 1428 755 occides·-

297 787 397 854 talem
412 808 470 874 per
486 787 655 857 eontinuas
671 797 776 860 metas
792 799 955 860 currentes
985 792 1151 861 venissent
1182 793 1226 860 ad
1258 794 1428 878 quendam.

294 902 436 964 montem
448 895 613 980 Anglieha
637 905 868 984 nuncupatum,
885 899 918 964 in
934 900 1025 967 euius
1040 901 1159 968 vertice
1175 921 1233 968 seu
1250 903 1423 970 cacumine

291 1011 401 1072 essent
416 1004 479 1070 due
494 1010 580 1072 mete
596 1011 711 1091 terrea,
728 1003 783 1073 vbi
800 1006 906 1074 dictus
922 1003 1101 1076 (lorrardus
1133 1017 1322 1094 procurator
1352 1029 1423 1076 eas·

293 1111 366 1179 dem
396 1119 500 1180 metas
531 1111 627 1180 dictis
658 1111 785 1181 duabus
816 1114 1075 1200 possessionibus
1105 1117 1272 1201 Tornalya
1289 1123 1322 1184 et
1334 1117 1421 1182 Kwn

292 1219 385 1288 iuxta
402 1219 640 1287 continenciam
656 1219 792 1306 predicti
808 1221 974 1308 priuilegij¹
991 1229 1183 1308 separantes
1214 1223 1284 1290 fore
1315 1229 1421 1290 astru·

294 1328 408 1396 xisset.
426 1329 465 1394 In
481 1348 617 1412 quorum
637 1328 831 1394 contrarium
849 1333 1020 1417 prescripti
1037 1331 1181 1418 Benkus,
1198 1341 1230 1398 et
1244 1331 1421 1398 Ladislaus

297 1435 354 1524 filij
374 1435 544 1520 iohannis,
570 1455 610 1502 ao
625 1435 750 1504 Paulus
777 1435 861 1504 tilius
892 1438 1020 1506 Nicolai
1051 1439 1253 1524 allegassent
1269 1439 1303 1504 in
1334 1437 1422 1504 hunc

297 1544 440 1632 modurn,
471 1543 558 1628 quod
588 1546 808 1632 suprascripte
824 1545 886 1613 due
906 1553 991 1614 mete
1007 1565 1073 1614 non
1088 1547 1247 1632 prefatam
1262 1547 1422 1632 possessi·

293 1671 389 1718 onem
406 1653 489 1718 Kwn
504 1653 597 1718 iuxta
614 1652 852 1719 continenciam
868 1653 1007 1739 predicti
1039 1653 1215 1740 priuilegij,
1246 1652 1305 1722 sed
1334 1654 1422 1738 ipso-

293 1775 364 1824 rum
397 1758 628 1825 hereditariam
645 1780 664 1826 a
680 1761 887 1844 possessione
918 1760 1062 1828 eiusdem
1093 1761 1255 1829 Johanuis
1285 1761 1423 1828 Literati

295 1870 328 1931 et
343 1867 564 1952 proximorum
579 1886 707 1934 suorum
725 1867 875 1934 similiter
890 1869 1086 1934 hereditaria
1109 1870 1276 1956 Tornalya
1305 1876 1425 1936 vocata

300 1979 517 2060 separassent.
550 1971 592 2038 Et
622 1991 723 2056 usqne
753 1970 797 2038 ad
828 1973 966 2040 eundern
997 1975 1100 2040 locum
1132 1975 1228 2041 ambe
1259 1981 1367 2060 partes
1381 1976 1419 2042 in

297 2079 577 2148 demonstrucione
594 2079 794 2165 prelatorum
826 2087 984 2147 metarum
1015 2078 1190 2148 concordes
1220 2083 1426 2167 extitissent5·

299 2188 339 2254 de
369 2189 486 2273 quibus
518 2189 551 2255 in
567 2189 668 2256 latere
698 2189 844 2255 eiusdem
874 2188 992 2255 montis
1023 2188 1208 2274 Augalieha
1237 2190 1442 2258 addictam

297 2296 431 2380 plagam
449 2295 683 2363 occidentalem
700 2295 907 2380 perlongum
922 2297 1069 2382 spacium
1085 2297 1320 2363 descendentes
1351 2317 1422 2381 per·

297 2403 467 2468 uenissent
483 2400 526 2468 ad
543 2400 705 2486 quendam
729 2402 836 2470 locum
852 2403 886 2470 in
901 2403 966 2472 fine
983 2403 1060 2471 dieti
1076 2405 1195 2472 montis
1210 2405 1367 2486 habitum,
1384 2405 1428 2470 in.

295 2529 358 2593 quo
374 2509 519 2594 prelatus
535 2507 713 2576 Corrardus
729 2516 919 2596 procurator
950 2511 1041 2579 iuxta
1072 2511 1307 2580 continenciam
1338 2511 1420 2578 dicti

298 2617 462 2705 priuilegij
495 2616 618 2684 domini
649 2617 728 2686 Bele
751 2619 850 2702 Regis
866 2617 950 2686 duaa
964 2625 1068 2686 metas
1087 2618 1197 2687 fucere
1212 2619 1434 2705 asseruissetp

296 2727 350 2793 cui
366 2725 446 2792 dieti
462 2723 635 2792 Ladislaus
653 2729 686 2790 et
700 2723 834 2792 Benkus
850 2742 889 2792 ao
905 2725 1026 2792 Paulus
1056 2726 1251 2792 contrarium
1282 2727 1423 2811 allegas·

299 2840 383 2918 sent,
416 2853 453 2900 co
484 2835 571 2916 quod
601 2833 692 2898 nullo
708 2851 849 2914 unquam
866 2839 1009 2918 tempore
1025 2839 1110 2899 mete
1126 2833 1205 2899 inibi
1221 2833 1420 2921 extitissent;

296 2940 354 3008 vbi
370 2941 446 3007 olim
478 2941 543 3026 ipsi
575 2960 670 3007 vnum
703 2959 840 3023 paruum
871 2947 1028 3006 tumorem
1060 2947 1144 3007 terro
1175 2940 1270 3026 quasi
1300 2949 1428 3008 metam

299 3051 466 3133 antiquam
500 3056 531 3114 et
562 3049 641 3114 satis
673 3065 856 3134 supressam
876 3045 989 3114 haberi
1004 3047 1212 3133 reperissent.
1237 3048 1346 3134 Aquo
1363 3070 1427 3134 per

300 3157 461 3225 modicum
479 3157 626 3241 spacium
643 3153 878 3223 descendentes
894 3153 1059 3222 venissent
1074 3155 1117 3220 ad
1133 3155 1298 3242 quandam
1329 3157 1427 3224 valli-

301 3266 421 3353 culam,
453 3264 508 3330 vbi
539 3263 643 3331 dictus
668 3263 845 3330 cornardus
860 3261 939 3330 olim
955 3270 1059 3330 metas
1075 3262 1169 3330 iuxta
1184 3262 1430 3334 continenciam

297 3371 376 3440 dicti
393 3371 557 3459 priuilegij
575 3372 609 3438 in
624 3377 719 3457 prato
745 3369 857 3458 fnisse,
889 3369 949 3438 sed
972 3391 1058 3437 nunc
1089 3369 1173 3438 idem
1204 3379 1333 3456 pratum
1364 3392 1428 3457 per

300 3488 426 3568 partem
457 3479 628 3547 aduersam
660 3479 695 3543 in
725 3484 828 3545 terras
861 3477 1005 3546 arabiles
1037 3497 1237 3565 conuersum,
1254 3479 1426 3565 dictasque

298 3593 403 3656 metas
418 3593 588 3674 peraratas
604 3593 636 3652 et
652 3585 871 3653 annichilatas
896 3585 965 3652 fore
997 3584 1207 3670 asseruisset3
1231 3586 1288 3653 vbi
1320 3589 1433 3656 eciam

297 3697 362 3783 ipsi
395 3697 485 3762 nulla
516 3699 674 3761 metarum
706 3693 847 3777 vestigia
876 3695 1085 3780 reperissent.
1115 3693 1164 3760 De
1195 3712 1260 3776 qna
1291 3696 1425 3779 quidem

298 3803 453 3871 vallicula
483 3823 595 3870 rursus
627 3800 670 3869 ad
701 3802 824 3869 dictam
854 3805 988 3889 plagam
1019 3808 1225 3870 transeuntes
1256 3805 1424 3874 venissent

299 3911 343 3980 ad
374 3909 539 3995 quandam
570 3916 706 3977 stratam
740 3909 904 3996 publicam
936 3911 970 3976 in
996 3910 1116 3976 dictam
1130 3907 1245 3976 villam
1260 3910 1428 4000 Tornalya

300 4021 482 4105 ducentem,
515 4019 606 4085 iuxta
646 4039 743 4102 quam
784 4020 930 4088 similiter
970 4018 1147 4086 seeundum
1189 4017 1428 4088 continenciam

298 4129 400 4214 ipsius
432 4125 592 4211 priuilegij
625 4127 714 4212 olym
746 4126 829 4195 duas
859 4134 963 4208 metas
988 4125 1099 4211 luisse,
1131 4122 1188 4191 sed
1203 4123 1353 4190 similiter
1368 4147 1429 4210 per

299 4243 424 4324 partem
442 4233 614 4300 aduersam
630 4241 800 4319 peraratas
818 4241 849 4302 et
865 4235 1045 4302 destructas
1070 4230 1139 4299 fore
1170 4229 1368 4314 allegasset;
1393 4235 1429 4299 in

299 4366 366 4428 qua
397 4339 527 4426 quidem
558 4341 612 4408 oia
644 4342 808 4426 pergendo
839 4343 1004 4409 venissent
1028 4339 1073 4406 ad
1089 4337 1252 4423 quoddam
1268 4335 1376 4404 lucum
1393 4340 1429 4407 in

300 4453 363 4517 fine
407 4449 493 4513 dicte
534 4450 749 4534 possessionis
788 4451 953 4536 Tornalya
994 4448 1150 4534 habitum,
1180 4443 1236 4512 ubi
1279 4449 1443 4531 prefatus-

303 4551 483 4620 eorrardus
516 4563 703 4638 procurator
733 4559 821 4642 olym
837 4558 932 4624 iuxta
947 4555 1184 4622 continenciam
1200 4552 1307 4636 ipsius
1323 4553 1433 4638 priui-
