3208 5158
142 1198 257 1264 letania
273 1199 383 1287 ayjaob
399 1201 575 1286 kiralyaole
613 1201 745 1286 Voyaato'
766 1199 877 1286 felda
909 1202 1064 1286 tdrpyozo
1092 1203 1275 1292 adomnano

234 1307 371 1396 Nempte'
387 1309 625 1396 neonaetstqheli
641 1309 764 1376 Miletos
779 1331 876 1377 eomes
900 1314 1061 1376 eadmero.
1086 1310 1186 1380 1268.
1290 1338 1291 1341 ¹

255 1503 356 1592 (Nlos
371 1506 529 1575 Nicotaus
545 1507 585 1574 de
603 1505 691 1573 Gara
707 1507 813 1592 Regni
843 1505 1011 1592 Hungarie
1043 1507 1212 1574 Palatinus
1243 1515 1275 1575 et

145 1612 254 1680 Jndex
270 1612 488 1682 Cumanorum
505 1615 565 1682 stb.
582 1614 667 1698 quod
683 1614 716 1680 in
733 1613 998 1699 congregacione
1023 1617 1177 1683 Generali
1210 1618 1289 1714 Ma'.

144 1720 257 1805 gnifici
275 1721 400 1789 domini
415 1723 544 1790 Nicolai
559 1721 645 1792 Kont
661 1723 747 1808 olym
764 1722 913 1788 similiter
939 1722 1018 1790 dieti
1050 1725 1154 1807 Regni
1187 1724 1275 1790 Hun-

146 1829 242 1912 garie
258 1827 401 1898 Palatini
419 1831 632 1898 Vniuersitati
650 1831 814 1900 Nobilium
840 1829 1019 1898 Comitatus
1052 1833 1093 1900 de
1124 1832 1277 1920 Baranya

146 1935 403 2024 feriaseeunua,
430 1937 632 2006 videlieetin
663 1939 748 2007 festo
780 1940 875 2007 Beati
907 1937 1028 2005 Mathai
1061 1939 1212 2025 Apostoli
1245 1945 1278 2006 et

145 2044 370 2129 Errangeliste
387 2067 472 2113 anno
504 2047 637 2112 Domini
669 2046 816 2114 ΜοΟΟΟ0
848 2046 1089 2130 septuagesimo
1122 2047 1278 2132 preterita

144 2172 249 2239 prope
265 2153 379 2220 villam
396 2153 541 2238 Neglalu
557 2174 614 2241 per
631 2155 736 2240 ipsum
754 2154 928 2238 celebrata,
944 2153 1087 2221 Jacobus
1111 2155 1195 2222 filius
1221 2155 1278 2222 Ni·

145 2259 233 2327 colai
250 2260 293 2326 de
309 2261 455 2346 Nempty
481 2261 542 2328 stb.
574 2263 740 2348 proposuit
773 2263 834 2328 isto
866 2260 981 2345 modo;
1006 2261 1092 2346 quod
1122 2262 1277 2348 religiose

148 2365 272 2434 domini
290 2369 555 2436 sanctimoniales
573 2370 711 2435 Claustri
729 2370 830 2436 Beate
848 2369 995 2456 Virginis
1012 2367 1054 2437 de
1080 2371 1192 2439 Insula
1217 2372 1276 2440 Le-

148 2495 263 2560 porum
280 2475 443 2560 quandam
459 2478 695 2562 possessionem
713 2499 805 2547 stram
820 2477 945 2563 Vayulo
977 2486 1126 2546 vocatam
1156 2480 1191 2546 in
1222 2482 1277 2548 Di·

148 2586 266 2652 strietu
283 2587 471 2655 Ormauknz
488 2588 520 2652 in
538 2587 623 2655 dioto
640 2589 802 2655 Comitatu
820 2587 1012 2655 existentem
1030 2588 1134 2674 ipsum
1151 2589 1278 2674 dejure

149 2693 391 2780 contingentem
409 2697 600 2782 occupatiue
616 2697 798 2764 detinerent
813 2697 874 2763 stb.
892 2696 964 2778 Quo
976 2704 1130 2782 percepto
1141 2698 1277 2783 Stepha-

149 2820 211 2866 nus
227 2801 315 2869 filius
332 2803 481 2871 Ladislai
498 2803 753 2870 amministretur
771 2807 984 2888 prouenturum
1001 2803 1151 2870 villarum
1178 2802 1279 2873 diota·

148 2929 220 2978 rnm
237 2909 444 2976 dominarum
460 2891 568 2979 eoram
586 2912 656 2997 ipso
673 2909 803 2978 domino
820 2911 955 2977 Nicolao
972 2910 1121 2978 Palatino
1153 2933 1287 3000 compa-⁴

147 3017 252 3085 nendo
269 3020 304 3086 in
320 3018 472 3105 personis
491 3019 665 3086 earundem
682 3019 903 3106 respondisset
935 3037 974 3084 ex
1009 3017 1159 3104 adriense,
1191 3022 1278 3106 quod

147 3127 328 3213 prescripta
346 3126 474 3194 domiue
490 3128 523 3194 in
541 3128 627 3197 laeto
644 3133 799 3196 annotate
816 3126 1028 3213 possessionis
1055 3127 1178 3213 Vaynlo
1211 3128 1279 3197 effi-

149 3236 242 3303 cacia
258 3232 416 3302 habereut
432 3236 649 3304 instrumenta
665 3239 728 3304 stb.
745 3235 876 3322 (liunek
893 3235 1016 3322 folytain
1032 3235 1142 3302 lionth
1159 3235 1280 3304 Miklos

150 3341 257 3410 nidor
273 3348 340 3428 utgy
357 3343 492 3428 irenen)
510 3352 545 3410 nt
561 3343 740 3429 prescripta
756 3341 885 3410 domine
903 3341 992 3409 dicta
1003 3343 1158 3411 littoralia
1170 3365 1279 3414 earum

149 3453 354 3519 munimenta
370 3451 403 3517 in
421 3455 547 3522 octauis
564 3454 637 3520 festi
670 3453 781 3520 Sancti
812 3452 944 3519 Martini
975 3451 1174 3522 confessoris
1205 3461 1282 3521 tunc

150 3561 319 3632 affectaris
335 3561 368 3627 in
386 3560 483 3630 (luria
499 3559 603 3646 Regia
619 3561 668 3628 sui
685 3561 718 3626 in
736 3561 907 3646 presencia
924 3558 1078 3626 exhibere
1094 3567 1282 3629 tenerentur

150 3673 213 3738 stb.
233 3667 619 3757 (azrrgynektobbszeri
638 3670 985 3754 etnapoltnrasuntan,
1019 3671 1119 3754 segre
1152 3668 1204 3757 az)
1237 3669 1281 3736 ad

150 3792 323 3868 presentes
341 3785 476 3848 octenas
493 3778 567 3848 festi
583 3778 676 3846 Beati
694 3778 825 3862 Georgij
844 3777 987 3844 martiris
1004 3777 1194 3846 deuenisset
1219 3780 1280 3845 stb.

150 3888 300 3975 prelatus
317 3887 461 3954 lacobus
478 3887 562 3954 filius
579 3887 705 3954 Nicolai
723 3893 873 3972 presente
890 3884 992 3953 tratre
1018 3885 1188 3953 Dominieo
1212 3907 1282 3954 am·

151 3996 372 4065 ministratore
390 4003 602 4080 prouentnum
619 3994 860 4080 possessionum
886 3993 1029 4079 ipsarum
1058 3993 1283 4077 religiosarum

151 4104 359 4172 dominarum
376 4107 438 4171 stb.
469 4101 629 4188 quasdam
662 4102 803 4186 quinque
833 4099 961 4168 litteras
993 4101 1123 4168 omuino
1155 4102 1285 4188 priuile-

151 4213 258 4298 giales
301 4217 447 4279 nostrum
481 4210 692 4295 judiciarium
733 4209 884 4296 produxit
917 4209 950 4274 in
982 4215 1191 4294 conspectum
1222 4211 1284 4278 stb.

153 4319 298 4396 Quarum
317 4319 422 4404 prima
438 4318 499 4385 stb.
517 4317 607 4404 (laed
624 4319 677 4385 lV.
695 4319 775 4386 Bela
791 4317 902 4402 kirtly
932 4316 1065 4382 rael-ki
1093 4317 1280 4403 privilegiu·

153 4433 232 4511 mat,
249 4427 333 4493 mint
350 4425 479 4494 lenlcbb
496 4429 570 4496 tot.
588 4447 630 4494 sa.
648 4423 694 4512 a.)
712 4425 864 4493 Secunda
880 4445 956 4492 vcro
967 4423 1120 4492 videlicet
1131 4429 1281 4494 annotati

155 4537 278 4603 domini
296 4533 456 4620 Stephani
471 4533 608 4621 junioris
623 4535 721 4618 Regis
753 4533 924 4618 Hongaric
954 4552 1041 4598 anno
1073 4534 1203 4602 Domini
1234 4535 1284 4630 Mt

155 4642 596 4715 CC⁰LX⁰octauoeonfectc
622 4645 723 4714 series
754 4643 944 4734 explicabat
974 4641 1057 4710 inter
1088 4643 1166 4730 alia,
1198 4621 1285 4732 qnod
