3150 5162
620 249 782 351 Q

123 447 296 534 Ladizlay
306 445 496 513 felicissime
506 445 668 530 memorie,
683 447 802 512 teriam
815 445 848 510 iu
859 443 950 531 Sala,
961 465 1056 528 quam
1068 461 1109 511 ex
1118 445 1267 513 donacio

131 550 1266 640 neipsorumpredictaEcclesiapossederat,supercuiuspartem,que

125 670 188 731 est
196 663 317 731 ibidem
332 681 447 728 uersus
463 660 601 747 Nitram‚
619 662 842 726 controuersia
859 679 979 744 magna
993 667 1137 744 tempore
1151 661 1268 744 proaui

132 769 240 837 nostri
255 767 396 836 Secundi
412 765 606 850 Bele'Regis
621 767 706 833 inter
722 765 886 833 Abbatam
912 765 1049 852 predicti
1076 765 1265 852 Mouasterij

130 885 169 943 et
181 877 389 962 jobagiones,
419 893 481 942 neo
496 893 561 941 uon
576 874 752 960 populares
767 871 945 941 Nitriensis
968 871 1075 942 Casiri
1098 879 1170 965 orta
1198 871 1269 942 tuit.

126 986 242 1068 Super
255 991 382 1070 partem
398 1003 484 1068 uero,
516 999 579 1065 que
596 987 647 1048 est
662 989 755 1049 extra
771 980 912 1048 insulam
939 1001 1052 1050 uersus
1083 970 1266 1070 Posonium,

134 1091 290 1158 similiter
304 1092 389 1156 inter
398 1089 595 1174 j0bagioues
620 1095 653 1154 ct
678 1095 864 1156 castrenses
885 1087 1101 1156 Posouieoses
1134 1091 1170 1155 iu
1185 1089 1268 1158 eius·

134 1198 215 1264 dem
230 1196 331 1280 Regis
347 1179 517 1283 presencia
532 1194 701 1261 contencio
711 1193 779 1262 fuit
790 1193 856 1261 Sed
873 1215 945 1272 oum
957 1194 1079 1262 ueritas
1090 1194 1269 1266 nubilosa}-

126 1303 248 1372 sitatis
265 1303 402 1388 palliata
416 1323 475 1389 per
490 1302 677 1370 iudicialem
692 1321 860 1368 censuram
877 1300 1050 1385 diligenter
1073 1303 1266 1387 pertractari
1310 1331 1313 1337 ·

133 1417 172 1478 et
188 1411 309 1494 emergi
327 1408 494 1498 requirat3
517 1407 694 1476 secuudum
711 1405 856 1476 ordinem
869 1406 986 1492 judioij
1004 1407 1195 1477 uentilaudo
1215 1411 1269 1497 pic

134 1525 335 1585 memoratus
350 1519 421 1584 Rex
437 1517 519 1583 iuris
535 1515 686 1583 Ecclesie
702 1513 814 1582 Sancti
830 1514 962 1582 lilartini
977 1514 1082 1602 ipsam
1092 1517 1266 1602 possessio·

134 1646 214 1692 nem
230 1623 333 1690 fuisse
348 1621 549 1709 approhauit,
583 1627 615 1690 et
631 1621 678 1689 sic
709 1619 922 1708 approbando
953 1622 1099 1690 Ecclesia
1129 1623 1271 1692 restituit

137 1751 201 1817 per
215 1730 344 1798 fidelem
361 1729 571 1816 capellanum
587 1747 680 1798 suum
697 1729 827 1795 nomine
842 1728 1056 1800 Laureuoium
1073 1731 1269 1800 Canopicum

129 1839 184 1905 de
199 1837 326 1925 Tyteld.
364 1837 443 1904 Post
457 1837 590 1920 longum
607 1835 711 1904 eciam
725 1836 882 1922 temporis
900 1856 1085 1923 processum
1110 1825 1204 1906 nobis'
1233 1841 1268 1906 in

136 1945 314 2030 Huugaria
328 1943 472 2012 feliciter
488 1941 700 2028 regnantibus
715 1943 867 2028 quoniam
887 1944 1044 2012 secularis
1069 1946 1135 2012 uite
1159 1955 1266 2015 status

129 2072 268 2139 semper
283 2050 462 2138 promptior
478 2057 527 2118 est
543 2047 585 2116 ad
601 2049 725 2136 iniqua,
756 2058 788 2118 ct
818 2051 982 2136 cupiditas
1013 2072 1179 2134 nunquam
1209 2075 1269 2122 suo

137 2163 212 2227 iure
228 2160 319 2226 nouit
335 2157 503 2244 contineri,
521 2177 619 2242 super
633 2156 782 2244 predicta
807 2157 1013 2242 possessione
1037 2159 1153 2227 similis
1168 2161 1270 2245 priori

137 2266 308 2334 contencio
325 2267 360 2331 iu
375 2270 489 2332 nostra
504 2266 677 2350 presencia
692 2272 781 2331 mota
810 2264 872 2332 fuit
901 2265 986 2331 inter
1017 2275 1269 2350 prememoratos

138 2375 288 2442 homiues
304 2373 370 2439 iam
387 2373 546 2440 dictorum
564 2371 753 2438 (lastrorum
770 2376 803 2439 et
817 2370 977 2440 Abbatem
1010 2374 1154 2442 eiusdem
1185 2377 1267 2463 loci;

138 2501 241 2566 super
257 2501 394 2565 quooos
411 2480 700 2564 utriusquepartis
728 2479 991 2566 allegaoiouibus
1022 2483 1097 2550 hinc
1128 2491 1161 2550 et
1191 2483 1268 2553 inde

139 2589 315 2676 diligenter
331 2587 463 2672 auditis,
480 2592 513 2652 ot
529 2587 778 2672 probacionibus
795 2587 889 2654 Wros
906 2590 1010 2656 nostri
1025 2592 1179 2676 temporis
1204 2593 1269 2661 Ab·

137 2696 238 2781 batis,
254 2697 289 2762 in
307 2695 446 2762 medium
462 2693 620 2781 deductis,
653 2695 876 2779 inspectisque
907 2693 1091 2782 priuilegiJs
1122 2699 1270 2769 Ecclesia

138 2805 237 2872 Beati
251 2803 384 2870 Martini
399 2801 486 2870 ueris
500 2809 533 2868 et
548 2802 733 2885 autenticis,
750 2801 876 2869 scilicet
901 2803 1015 2870 Sancti
1045 2806 1206 2892 Stephani
1239 2815 1281 2878 et·

139 2912 303 2997 Ladiulai,
335 2931 396 2976 uec
427 2931 494 2977 nou
527 2909 668 2976 Secundi
684 2909 763 2976 Bele
779 2909 1049 2994 predecessorum
1065 2922 1268 2999 nostrorum

133 3027 176 3086 -et
190 3020 225 3085 in
240 3019 390 3086 omnibus
406 3017 597 3104 reperiendo
614 3018 720 3102 ipsam
738 3023 858 3082 terram
876 3019 1078 3100 integraliter
1105 3025 1271 3106 pertinere

136 3125 292 3194 Ecclesie
328 3134 447 3212 nostre,
481 3123 660 3191 secuudum
693 3123 898 3192 diffinitiuam
929 3125 1126 3194 sentenciam
1159 3127 1272 3198 ordino

140 3235 223 3301 iuris
239 3237 405 3301 reseruato
422 3231 506 3298 omni
524 3230 659 3298 consilio
678 3239 710 3297 et
727 3231 927 3299 discrecione
943 3234 1129 3319 Principum
1145 3244 1271 3305 nostro·
1335 3317 1340 3325 Ι

140 3361 214 3408 rum
230 3341 491 3410 adiudicauimus
521 3337 761 3424 possessionem
794 3337 905 3424 sepius
936 3347 1149 3409 memoratam
1180 3345 1272 3412 resti·

139 3449 299 3518 tuendam
316 3448 482 3531 Ecclesie,
513 3445 670 3513 conuiciis
686 3444 834 3513 aduersis
853 3447 1001 3530 partibus
1018 3449 1111 3516 salua
1143 3449 1274 3520 iusticia

143 3565 177 3626 et
192 3557 307 3625 ordine
321 3554 500 3640 iudieari03
524 3559 555 3619 et
580 3553 726 3620 misimus
757 3555 885 3638 fidelem
919 3562 1064 3623 nostrum
1096 3558 1272 3626 Martinum

137 3663 417 3734 ..drchidiaoonum
434 3661 694 3743 Budrugiensem
710 3659 753 3726 ad
769 3661 1010 3745 peragrandam
1026 3669 1143 3730 terram
1160 3670 1193 3730 et
1208 3687 1273 3734 me-

143 3784 249 3840 tarum
275 3753 548 3837 distincciouibus
571 3765 816 3852 assignandam,
849 3768 905 3852 qai
937 3776 1050 3836 nostra
1079 3775 1275 3842 auctoritaie

142 3879 324 3949 introduxit
341 3877 522 3945 Ecclesiam
538 3876 572 3941 in
590 3893 682 3941 suam
699 3875 950 3962 possessionem.
976 3877 1075 3946 Cuius
1091 3885 1178 3947 terro
1195 3881 1274 3949 ordo

138 3995 302 4057 ⁴metarum
318 3985 396 4052 talis
414 3990 483 4052 est:
501 3983 622 4068 Incipit
637 4003 658 4047 a
673 3983 931 4068 septemtrionali
950 3991 1043 4070 parte
1060 3986 1152 4054 iuxta
1167 3989 1272 4074 ripam

141 4097 231 4182 fluuij
249 4091 379 4160 nomine
394 4093 581 4176 Holutwag,
600 4095 632 4156 et
647 4090 856 4174 progreditur
872 4090 914 4158 ad
931 4093 1111 4160 australem
1136 4101 1274 4180 partem,

142 4204 196 4273 oui
212 4205 436 4268 commetsuea
453 4207 507 4265 est.
519 4209 607 4264 terra
623 4195 765 4263 ciuilium
783 4198 824 4263 de
844 4197 925 4266 uilla
940 4197 1035 4264 Yneu
1045 4197 1134 4266 ultra
1142 4200 1276 4270 fluuium

141 4309 425 4399 prenominatum
449 4304 593 4373 secunda
618 4313 707 4372 meta
737 4303 830 4372 iuxta
860 4307 993 4375 arbores
1025 4327 1086 4390 quo
1118 4319 1277 4376 uocantur

145 4422 237 4500 ulmi,
269 4425 303 4484 et
317 4416 492 4502 hacparte
509 4415 613 4482 eidem
631 4424 679 4481 est
696 4415 806 4482 uicina
821 4423 908 4482 terra
925 4414 1057 4482 ciuilum
1072 4414 1114 4481 de
1129 4415 1226 4484 Nitra
1241 4417 1275 4484 in

140 4529 256 4597 insula
274 4553 282 4613 3
316 4525 392 4592 inde
409 4544 487 4591 uero
503 4521 706 4610 protenditur
721 4543 779 4610 per
795 4531 901 4593 metas
916 4525 949 4590 in
980 4522 1069 4607 agris
1100 4543 1201 4610 usque
1231 4523 1277 4590 cd
