3120 5148
570 384 729 484 Q„

96 591 203 648 metam
221 589 373 664 terream,
392 577 509 646 exinde
520 577 727 665 progreditur
742 578 964 645 iuxtaterram
978 575 1151 648 Hertccnis
1168 579 1213 648 ad

97 689 240 777 Babi(na)
257 707 349 776 gera,
365 689 422 754 nbi
454 695 540 753 meta
556 686 648 755 facta
663 695 714 752 est
729 684 772 750 dc
787 693 885 770 terra,
920 683 996 751 inde
1012 683 1117 751 tendit
1148 685 1205 752 ubi

102 795 216 881 Bogord
232 792 321 862 cadit
337 793 371 860 in
387 794 547 881 Zelinam,
578 793 656 860 inde
673 793 790 860 transit
812 809 871 878 per
895 790 1034 858 medium
1051 791 1159 860 Zeline
1175 801 1209 860 ct

100 903 180 970 radit
194 901 238 970 ad
254 901 339 970 duas
364 901 464 987 piros,
482 899 538 966 ubi
553 905 641 966 meta
672 899 763 965 factu
778 905 826 965 est
843 897 885 964 de
900 905 998 984 terra,
1023 897 1099 966 inde
1115 898 1207 967 vadit

99 1033 147 1096 per
160 1009 302 1076 medium
334 1007 500 1094 Olenoyne
516 1013 549 1073 ct
564 1006 655 1073 vadit
671 1005 715 1072 ad
731 1005 884 1089 Dumbro,
901 1009 937 1070 et
952 1003 1030 1074 inde
1045 1005 1211 1093 progredi·

97 1127 142 1185 tur
154 1117 196 1184 ad
212 1136 346 1202 parrum
362 1116 509 1201 limitem,
526 1113 644 1181 deinde
661 1111 752 1178 vadit
767 1113 811 1179 ad
822 1112 1047 1199 Obernicbina,
1063 1116 1118 1182 ubi
1134 1125 1211 1184 sunt

97 1233 154 1295 tres
175 1232 269 1312 mete,
289 1222 406 1291 deiude
431 1219 631 1308 protenditur
648 1228 680 1288 et
697 1220 784 1289 cadit
801 1219 834 1285 in
851 1221 996 1306 Glouiee,
1015 1223 1054 1289 de
1071 1223 1208 1292 Glonice

96 1333 178 1400 vadit
192 1341 223 1399 et
248 1331 336 1400 cudit
351 1333 385 1396 in
401 1327 556 1416 cherres,
586 1327 642 1394 ubi
659 1333 708 1394 cst
724 1331 822 1396 arbor
838 1347 901 1412 quc
917 1329 983 1394 clin
1013 1338 1158 1419 vocatur,
1174 1338 1208 1400 ct

97 1443 133 1509 ibi
148 1449 196 1509 est
227 1449 314 1507 meta
327 1446 445 1522 terrea,
462 1437 540 1504 inde
570 1435 775 1520 protenditur
791 1455 849 1521 per
881 1437 997 1504 silvam
1014 1445 1046 1505 et
1063 1438 1153 1508 vadit
1169 1442 1204 1508 in

97 1551 231 1632 dasdna,
256 1555 289 1614 et
304 1547 350 1613 ibi
367 1555 417 1611 est
431 1545 494 1613 sita
509 1547 606 1612 arbor
621 1563 684 1628 que
703 1544 820 1610 dicitur
835 1544 928 1630 brist,
943 1549 977 1612 st
993 1545 1072 1612 inde
1085 1549 1206 1614 transit

97 1657 223 1724 (lassina
256 1661 288 1722 et
320 1653 521 1740 protenditur
550 1652 592 1718 ad
623 1671 774 1737 quercum
807 1650 864 1716 ubi
895 1659 945 1717 est
976 1659 1063 1720 meta
1094 1659 1212 1743 terrea,

96 1765 161 1830 inde
174 1781 251 1829 vero
267 1759 444 1828 recluditur
459 1759 492 1825 in
519 1759 746 1844 prenominata
772 1766 860 1825 meta
884 1757 1043 1826 Prelistia.
1082 1758 1209 1839 Quibus

96 1871 244 1954 siquidem
275 1869 369 1936 metis
401 1869 560 1937 veraciter
575 1867 837 1953 circumscriptis,
869 1867 903 1933 in
919 1876 1122 1954 pretaxatam
1139 1891 1214 1956 pos·

94 1981 264 2047 sessionem
281 1978 347 2042 iarn
367 1975 471 2042 dictos
497 1977 627 2042 Fratres
642 1974 764 2041 Milicie
788 1975 915 2060 Templi
931 1976 1032 2044 libere
1049 1983 1082 2042 et
1099 1979 1209 2062 quiete

92 2091 322 2171 inperpetuum
339 2083 571 2167 possidendam
588 2104 646 2168 per
661 2080 854 2166 pristaldum
870 2093 1015 2150 nostrum
1045 2090 1122 2152 tuuc
1145 2086 1207 2152 Za-

92 2195 288 2278 grabiensem
320 2190 474 2257 Comitem
506 2189 632 2257 nomine
666 2188 895 2274 Vanleginum,
924 2190 1207 2260 contubernarium

92 2301 244 2366 Benconis
261 2299 353 2378 Bani,
368 2297 504 2365 fecimus
536 2295 705 2364 introduci.
725 2295 764 2362 In
782 2317 879 2380 quarn
895 2303 1021 2364 terram
1038 2307 1070 2364 et
1087 2299 1205 2367 silvanr

89 2407 236 2492 predictis
253 2405 406 2471 fratribus
425 2407 525 2471 talem
542 2402 740 2470 contulimus
756 2404 948 2486 libertatem,
962 2406 1117 2490 quodneo
1134 2429 1204 2494 por·

92 2515 182 2580 tariis
193 2513 321 2595 nostris,
339 2530 400 2578 nec
411 2510 510 2577 alicui
524 2512 695 2596 hominnm,
713 2511 776 2578 nisi
786 2531 922 2579 assensu
939 2521 971 2580 et
987 2514 1213 2584 benivolencia

91 2621 270 2687 corumdem
296 2618 433 2685 fratrum
467 2617 593 2702 aliquid
623 2618 721 2685 liceat
752 2617 925 2685 iudicando
957 2641 1123 2707 usurpare,
1159 2624 1210 2689 vel

91 2727 273 2812 usurpando
299 2725 455 2793 iudicare.
494 2723 646 2792 Preterea
662 2726 702 2790 erl
719 2745 829 2810 preces
846 2727 958 2794 dilecti
974 2732 1076 2796 nostri
1102 2729 1213 2798 fratris

90 2835 225 2904 Cononis
253 2833 397 2921 predicte
421 2833 538 2899 Domni
556 2833 683 2918 ‘l'empli
701 2836 872 2901 servicium
889 2834 1023 2904 duorum
1040 2838 1212 2906 liberorum
1247 2898 1248 2902 ,

92 2945 248 3010 hominum
266 2941 308 3008 de
325 2941 441 3028 Gerra,
459 2959 539 3024 quos
556 2959 628 3006 cunr
645 2940 835 3027 hereditate,
868 2942 1037 3012 heredibus
1053 2952 1085 3011 et
1117 2946 1212 3030 perti-

90 3050 212 3118 nenciis
227 3045 411 3116 eorumdem
438 3069 458 3114 a
474 3047 611 3114 servicio
627 3049 790 3114 communi
805 3069 862 3116 sex
888 3053 1135 3135 generacionum
1162 3073 1213 3118 ex·

86 3158 239 3244 cepimus,
270 3155 448 3223 videliceti
479 3155 662 3224 Velizlaum
680 3165 711 3222 et
738 3154 959 3243 cnudizlaun,
976 3164 1012 3224 nt
1038 3159 1210 3226 servicium

89 3284 152 3346 quo
166 3265 261 3332 nobis
276 3263 331 3330 vel
346 3263 436 3352 liano
448 3266 651 3350 tenebantur,
668 3265 702 3331 in
716 3272 876 3349 posterum
890 3274 1044 3351 perpetuo
1061 3268 1212 3354 Templa·

85 3373 146 3439 riis
160 3369 346 3458 impendere
363 3377 548 3438 tencantur.
566 3371 715 3438 Ceterum
732 3371 892 3439 sicutRer
903 3373 984 3440 Bela
995 3381 1087 3459 pater
1103 3381 1214 3442 noster

86 3499 146 3562 pro
161 3479 221 3546 Dei
238 3497 350 3545 amore
381 3477 550 3544 Fratribus
565 3477 694 3563 Templi
727 3476 827 3558 dedit,
845 3493 878 3545 ut
893 3481 1016 3546 Domus
1049 3502 1156 3550 eorum
1175 3493 1207 3550 et

85 3587 210 3676 predia,
226 3605 284 3673 per
299 3584 548 3670 amplitudinem
560 3586 661 3654 tocius
671 3587 775 3670 Regni
784 3589 969 3672 constituta,
987 3588 1130 3673 quadam
1146 3591 1211 3658 siu·

81 3693 190 3776 gulari
206 3695 362 3763 libertate
379 3693 591 3780 premineant,
609 3701 643 3760 ut
659 3716 680 3759 a
695 3695 794 3762 nullis
811 3695 961 3765 videlicet
977 3717 1109 3782 prorsus
1121 3696 1211 3770 inva-

80 3801 206 3868 dantur
220 3801 415 3887 hospitibus,
432 3821 492 3888 uec
503 3802 614 3869 Banus
632 3803 819 3888 necaliquis
829 3805 914 3872 elius
924 3805 957 3872 iu
971 3805 1036 3873 illis
1046 3818 1212 3892 presumat

82 3907 256 3996 hospitari,
274 3910 338 3975 nisi
354 3908 410 3994 qui
426 3909 470 3976 ab
488 3910 673 3978 eorumdem
707 3911 841 3978 fratrum
859 3913 1085 3982 benivolencia
1100 3935 1208 4002 recep·

80 4027 138 4084 tus
156 4015 269 4084 luerit:
286 4017 334 4082 ite
351 4036 409 4082 nos
426 4015 474 4083 eis
491 4023 647 4104 perpetuo
664 4019 899 4086 confirmamus.
917 4020 997 4088 item
1010 4040 1123 4090 omnes
1140 4043 1212 4107 pos·

79 4123 249 4191 sessiones
281 4143 389 4191 eorum
416 4125 645 4193 munificencia
675 4127 811 4212 Regum,
826 4127 979 4214 largitate
1011 4115 1208 4216 Principum,

77 4231 193 4314 plebia
208 4231 394 4304 devocione.
417 4252 599 4320 concessas,
632 4235 742 4328 nullus
775 4236 899 4322 Cernes,
918 4236 1027 4302 nullus
1045 4237 1207 4322 Princeps,
1333 4283 1335 4286 -

77 4357 186 4404 nemo
198 4337 354 4405 Beronum
371 4341 562 4425 perturbare
579 4350 755 4430 presumat,
773 4365 853 4428 quas
870 4343 903 4410 in
920 4363 1122 4429 quacumque
1137 4365 1210 4430 par·-

72 4451 111 4509 te
130 4444 306 4514 habuerint
314 4447 420 4531 Regni
432 4450 542 4516 nostri.
559 4449 603 4517 Ut
620 4451 719 4535 igitur
729 4449 823 4520 huius
834 4460 947 4520 nostre
958 4453 1213 4532 constitutionis,

71 4553 316 4641 concessionis,
341 4555 543 4642 collaciouis,
569 4559 892 4644 confirmacionisqne
918 4559 1021 4626 serias
1038 4562 1136 4629 nullis
1155 4583 1195 4630 un

69 4681 191 4744 quam
206 4664 399 4748 temporibus
416 4665 602 4751 infirmetur,
620 4667 678 4735 sed
695 4668 873 4736 inviolabili
890 4668 1069 4736 stabilitate
1093 4673 1215 4739 subsis-
