3164 5154
116 1112 200 1180 dent
216 1112 329 1180 Iatour
346 1113 455 1197 kirdlp
471 1108 793 1199 Muqyarorozcipbau
818 1135 839 1174 a
865 1112 1002 1178 peroret
1026 1111 1239 1195 ezobcdecpd-

415 1221 670 1304 cokadapc'tdja.
703 1217 933 1284 1000-1038.

218 1417 287 1484 Nos
302 1415 485 1500 Stephanus
501 1415 542 1482 de
559 1415 707 1499 Zapolya
724 1411 838 1481 Comes
855 1414 1031 1500 Perpetuus
1048 1411 1149 1482 Terre
1165 1415 1238 1483 Soe-

127 1524 285 1609 pusiensis,
299 1524 405 1608 Regni
431 1521 599 1607 Hungarie
622 1520 792 1588 Palatinus
819 1527 851 1587 ct
881 1521 989 1588 Judex
1021 1520 1238 1592 Cumanorum

128 1633 186 1716 sto,
204 1631 291 1714 quod
307 1649 380 1697 cnm
397 1630 431 1695 in
446 1625 531 1695 testo
546 1627 722 1694 Beatornm
738 1625 878 1694 Fabiani
895 1633 926 1693 ct
942 1628 1128 1696 Sebastiam
1156 1648 1241 1695 mar-

128 1739 209 1806 tirum
225 1759 309 1806 anno
340 1737 474 1805 Domini
499 1735 675 1804 millesimo
700 1735 997 1819 quadrigentesimo
1023 1737 1236 1821 nonagesimo

129 1847 225 1928 quinto
241 1843 394 1932 preterito
419 1843 650 1910 Serenissimns
677 1842 834 1927 Princeps
861 1840 1010 1910 dominus
1036 1841 1240 1910 Wladislaus‘

130 1953 183 2020 Rex
198 1953 378 2038 Hungarie‚
394 1951 548 2020 Bolremie
564 1959 624 2018 ete.
657 1949 807 2016 dominns
831 1955 942 2016 noster
967 1949 1238 2033 graciosissimus,

131 2067 248 2146 accepta
263 2058 512 2157 supplicacione
527 2055 711 2124 Reuerendi
728 2058 761 2122 in
778 2055 904 2124 Christo
920 2057 1021 2142 patris
1037 2057 1161 2124 domini
1171 2055 1237 2124 An-

131 2165 214 2252 thonij
231 2167 384 2253 Episcopi
400 2166 585 2249 Nitriensis,
601 2184 660 2252 per
677 2163 815 2232 eundem
831 2163 896 2230 Sue
906 2163 1071 2232 Maiestati
1088 2174 1238 2250 porrecta

132 2275 157 2337 in
171 2294 212 2360 eo,
228 2280 261 2338 ri
277 2274 429 2356 quamuis
445 2273 533 2339 diota
563 2272 713 2338 Ecclesia
743 2291 805 2338 sna
837 2271 1011 2340 Nitriensis
1042 2271 1236 2354 quibusdam

133 2379 201 2444 uado
216 2388 247 2444 et
262 2381 382 2447 telonio
399 2380 431 2444 in
449 2377 654 2463 possessione
670 2397 731 2444 sua
762 2377 972 2464 Sythwatheo
1005 2379 1175 2464 appellata
1206 2382 1238 2446 in

134 2485 274 2554 Comitatu
292 2486 546 2553 Comarcmicnsi
562 2485 650 2568 exigi
666 2483 762 2552 solito
779 2505 837 2570 per
854 2483 949 2552 diuos
979 2487 1084 2570 Reges
1116 2485 1239 2571 dotata,

134 2594 235 2661 collata
250 2603 280 2662 et
297 2592 447 2662 dedicata
462 2593 569 2678 fuerit,
588 2613 763 2677 omnesque
779 2593 1164 2680 institoressmercatores
1190 2613 1240 2663 ce-

133 2703 239 2785 terique
253 2703 395 2770 viatores
413 2723 471 2786 per
488 2703 562 2769 loca
576 2701 761 2770 huiusmodi
778 2701 853 2766 vadi
870 2703 1023 2787 cttelonij
1036 2703 1239 2789 proficiscen·

134 2809 250 2877 tessine
272 2811 359 2876 omni
374 2810 553 2876 reniteneia
568 2827 626 2894 per
643 2811 744 2876 multa
759 2809 870 2876 secula
886 2811 1020 2876 naulum
1037 2819 1069 2878 et
1085 2813 1240 2880 tributum

134 2917 222 2983 eidem
236 2917 381 2986 Ecclesie
397 2917 610 3002 persoluerint
626 2941 633 2982 :
652 2923 760 2984 tamen
778 2937 862 2984 nuno
893 2919 1117 3004 circumspecti
1149 2921 1169 2987 J
1173 2920 1240 2986 udi-

132 3025 310 3111 ces,Jurati,
328 3024 489 3108 ceterique
506 3023 601 3091 Ciues
632 3023 808 3092 Ciuitatum
833 3025 1001 3108 Budensis,
1026 3025 1239 3113 Pesthiensis,

134 3131 276 3216 dioensis,
291 3131 535 3214 strigoniensis,
553 3132 843 3219 vissegradiensie,
854 3132 1077 3217 Poeonienses‚
1088 3131 1239 3202 Comaro-

134 3239 260 3324 miensis,
274 3241 348 3306 item
364 3237 508 3306 uniuersi
525 3239 639 3325 populi
655 3239 696 3307 de
727 3237 952 3325 Superioribus
983 3235 1107 3306 Calidis
1137 3241 1241 3322 Aquis

132 3345 326 3432 Budensibus,
344 3345 521 3429 allegando
547 3345 708 3431 quasdam
734 3345 963 3431 exempciones
996 3354 1028 3411 et
1060 3347 1237 3431 priuilegia

133 3461 232 3519 contra
246 3459 274 3519 et
291 3451 447 3520 aduersus
464 3453 624 3538 premissa
639 3453 778 3534 antiqua
791 3453 866 3537 jura
883 3461 914 3520 et
947 3453 1122 3539 priuilegia
1154 3454 1240 3521 eius-

133 3557 196 3624 dem
211 3561 350 3627 Eccleeie
366 3557 540 3627 Nitriensie
556 3561 685 3647 habere,
701 3560 885 3646 prescripta
901 3559 1024 3628 tributa
1039 3561 1081 3626 ab
1106 3561 1241 3643 antiquo

134 3665 210 3750 erigi
224 3662 312 3734 solita
327 3666 479 3734 exoluere
494 3675 682 3736 recusarent
698 3673 730 3736 et
746 3687 811 3734 non
828 3667 962 3754 vellent,
993 3668 1081 3752 quod
1111 3667 1241 3736 cederet

131 3774 159 3837 in
175 3773 317 3839 damnum
335 3781 369 3841 et
385 3774 540 3841 iniuriam
571 3775 672 3861 ipsius
706 3776 854 3842 Ecclesic
886 3774 1105 3842 manifestam.
1145 3773 1240 3852 Quod

131 3881 199 3946 item
215 3878 355 3949 dominus
373 3889 483 3950 noster
498 3885 570 3950 Rex
586 3884 740 3970 predictis
758 3885 884 3950 ciuibus
911 3893 943 3951 et
972 3882 1089 3949 incolis
1121 3883 1242 3949 Ciuita-

130 3997 189 4053 tum
203 3988 414 4072 predictarum
431 3989 622 4058 litteratorie
639 3992 827 4058 mandasset
843 3997 875 4058 et
890 3991 1026 4074 seriose,
1051 3997 1086 4056 vt
1112 3989 1175 4076 ipsi
1208 3991 1242 4057 in

131 4093 193 4160 loco
209 4099 370 4164 memorati
386 4097 502 4181 telonij
531 4097 594 4182 ipsi
624 4099 770 4166 Ecclesie
800 4099 958 4166 Nitriensi
991 4098 1242 4180 hominibusque

130 4203 189 4266 suis
204 4200 246 4266 ad
262 4204 431 4272 eorundem
449 4207 658 4273 exaccionem
676 4207 844 4293 deputatis
860 4207 979 4274 iustum
997 4214 1028 4272 et
1045 4225 1158 4273 verum
1186 4205 1240 4269 tri-

132 4306 231 4375 bntnm
250 4306 395 4378 derebus
413 4319 445 4379 et
460 4314 654 4398 mercuncijs
672 4315 740 4380 suis
756 4316 828 4382 sine
844 4315 930 4382 omni
947 4331 1079 4380 recurso
1104 4319 1136 4378 et
1160 4312 1244 4376 reni-

129 4411 226 4478 tencia
242 4414 360 4484 soluere
375 4427 408 4484 et
423 4416 560 4487 reddere
576 4419 730 4488 deberent
746 4430 778 4489 et
797 4400 1002 4502 tenerentur3
1020 4417 1171 4503 alioquin
1189 4438 1243 4485 vo·

128 4517 233 4586 inisset
248 4516 325 4588 idem
342 4521 493 4592 dominus
510 4533 618 4594 noster
633 4529 712 4614 Rex,
730 4535 762 4596 et
778 4525 927 4596 fidelilati
945 4525 1105 4596 dictorum
1119 4523 1238 4594 ciuium
