3098 5132
806 297 870 366 aas

259 491 305 559 in
322 510 415 560 veros
435 490 571 557 heredes
587 497 621 558 et
636 491 800 576 legitimos
832 509 1038 560 suoosssores
1072 490 1246 558 eorundem
1276 489 1399 556 domini

269 599 429 684 Stephani
446 595 595 666 Custodis
611 597 856 683 Strigoniensis,
874 608 907 666 et
924 596 1057 683 Georgii
1075 596 1235 684 (lantonis,
1253 615 1316 662 neo
1330 615 1393 662 non

272 705 382 773 fratris
419 706 559 772 Emeriui
590 706 739 791 pretenta
772 706 945 790 extitisset,
973 710 1005 773 et
1037 726 1078 771 ex
1105 725 1143 772 eo
1169 705 1241 789 ipsa
1267 703 1397 770 domina

271 819 368 882 Anna
406 812 447 878 de
485 813 746 897 possessionibus
777 812 926 896 Longeld
975 810 1124 898 predicta
1173 831 1213 876 ae
1264 811 1399 877 Baohou

270 929 303 986 et
350 918 495 986 Fanohal
545 920 672 986 voeatis
712 917 898 1006 porcionem
941 939 1012 986 eum
1043 919 1252 1004 possessione
1283 917 1399 984 habere

273 1028 415 1112 deberet,
448 1045 544 1109 quam
578 1029 734 1096 rehabere
751 1027 851 1094 vellet
867 1026 909 1094 ab
934 1027 1079 1110 utrisque
1101 1024 1279 1112 Stephano,
1305 1025 1397 1090 Nino·

271 1136 323 1202 lao
341 1141 372 1200 et
387 1134 488 1199 Paulo
503 1139 682 1216 prenotatis
694 1135 771 1220 jure
788 1140 981 1218 exposcente
998 1133 1059 1198 stb.
1086 1129 1181 1219 (Erro
1196 1152 1234 1198 au
1251 1131 1393 1200 ellenba-

271 1239 362 1324 szed)
379 1240 464 1324 quod
482 1240 542 1306 boe
559 1243 641 1306 bene
656 1258 767 1304 verum
785 1241 877 1324 soret,
905 1246 937 1304 vt
969 1238 1096 1324 prolata
1127 1239 1259 1306 domina
1290 1238 1397 1306 Elina·

272 1349 347 1416 beth
363 1347 431 1415 tilia
448 1347 534 1414 dioto
550 1347 678 1413 domine
709 1347 810 1432 Baga,
842 1366 981 1414 vnaoum
1013 1346 1205 1430 pretitulatis
1236 1345 1398 1412 nobilibus

270 1457 463 1524 dominabus
478 1455 598 1539 Katha,
615 1453 775 1538 Koohyna
791 1461 823 1518 et
840 1453 949 1536 Elone,
971 1453 1101 1519 filiabus
1117 1453 1244 1520 soilioet
1259 1452 1398 1538 prefato

271 1585 340 1628 rum
359 1561 529 1647 Stephani,
546 1561 668 1628 Thome
684 1569 716 1628 et
731 1559 891 1626 Johannis
908 1561 1048 1626 filiorum
1064 1561 1193 1627 Martini
1209 1559 1242 1624 in
1268 1566 1399 1646 pretitu-

270 1670 347 1734 latis
365 1666 523 1734 uniuersis
539 1667 801 1752 possessionibus
817 1686 855 1732 ao
865 1664 997 1748 juribus
1012 1669 1291 1754 possessionarijs,
1311 1670 1399 1736 vide-

272 1776 346 1841 lieet
362 1774 517 1858 hengeld,
536 1773 681 1839 Fanehal
699 1783 730 1840 et
745 1775 871 1841 Batbon
891 1773 1090 1859 prefatorum
1106 1775 1264 1860 Stephani
1290 1777 1399 1842 (lusto-

272 1884 334 1966 dis,
354 1881 487 1966 Georgij
505 1879 656 1948 (tantoris
688 1888 719 1947 et
750 1881 861 1948 fratris
893 1882 1032 1948 limerisi
1062 1881 1230 1969 heremite,
1262 1882 1398 1950 fratrum

273 1997 387 2076 utputa
404 1989 579 2058 earundem
596 1987 796 2056 dominarum
814 1989 846 2053 in
878 2009 974 2055 veros
1006 1987 1143 2056 heredes
1175 1998 1208 2055 et
1239 1991 1400 2074 legitimos

271 2117 474 2166 successores
490 2097 668 2183 peripsum
687 2097 823 2162 condam
850 2096 1016 2163 dominum
1047 2097 1245 2165 Lodouioum
1276 2099 1400 2181 Regem

271 2207 413 2292 prefeota
430 2205 606 2288 extitisset3
632 2205 691 2271 sed
707 2202 821 2270 oadem
838 2205 969 2271 domina
985 2205 1157 2271 Elisabeth
1173 2210 1276 2271 mater
1301 2223 1400 2270 anno-

272 2313 331 2379 tati
347 2313 474 2378 Nioolai
506 2314 547 2379 de
573 2311 690 2379 thha
715 2332 779 2376 non
812 2311 992 2395 extitisset3
1018 2333 1092 2378 nam
1126 2310 1237 2377 eadem
1267 2311 1401 2378 domina

271 2421 442 2486 Elisabeth
461 2417 599 2486 condam
616 2418 745 2484 Andree
763 2417 864 2484 de'-—
880 2456 923 2509 ·.·
939 2420 1129 2486 anthreuew
1145 2419 1266 2486 hadita
1281 2419 1401 2486 fuisset

272 2529 305 2593 in
323 2533 515 2609 consortem,
533 2524 587 2592 vbi
603 2525 717 2592 eadem
733 2525 866 2594 domina
881 2527 952 2593 sine
967 2528 1114 2615 prolibus
1130 2549 1170 2595 ex
1195 2529 1256 2594 hoo
1288 2530 1400 2594 seoulo

272 2633 414 2718 migrata
430 2632 610 2718 extitisset3
634 2639 722 2698 etex
740 2654 777 2700 eo
795 2635 900 2702 eidem
917 2636 1047 2702 domine
1061 2637 1156 2702 Anne
1171 2636 1261 2702 nulla
1287 2636 1401 2720 poroio

269 2741 311 2808 do
327 2741 424 2806 diotis
440 2741 701 2826 possessionibus
719 2741 889 2808 deberetur
905 2743 966 2809 stb.
993 2742 1237 2830 (Bisonyltehbl
1254 2763 1292 2808 an
1309 2742 1399 2826 alpe·

270 2850 368 2916 resek
385 2847 440 2913 hat
455 2849 614 2934 olrmtnyt
628 2845 758 2915 hozuak
773 2847 833 2932 iel)
851 2871 947 2916 unam
964 2849 1101 2936 predioti
1126 2849 1263 2918 oondam
1289 2849 1400 2914 Bothk

270 2957 330 3024 sub
346 2956 452 3039 sigillo
469 2957 609 3040 Capituli
624 2956 791 3039 Agriensis
807 2977 892 3024 anno
909 2959 1040 3024 Domini
1057 2959 1226 3024 millesimo
1242 2956 1395 3024 dueente-

271 3065 352 3130 simo
368 3065 530 3131 trioesimu
546 3063 651 3148 prima
667 3064 919 3147 priuilegialiter
935 3066 1117 3132 eonfeotam
1146 3066 1229 3149 stb.;
1253 3066 1287 3130 in
1320 3083 1396 3150 qua·

270 3192 339 3237 rum
358 3173 462 3254 prima
479 3171 598 3255 prefati
615 3168 752 3239 condam
768 3172 876 3238 Bothk
893 3173 998 3257 ipsum
1016 3171 1122 3238 Bothk
1133 3173 1309 3240 interalias
1320 3193 1398 3238 suas

269 3280 533 3345 testamentarius
550 3278 787 3362 disposiciones
803 3281 1041 3364 possessionem
1058 3281 1203 3366 Lengeld
1228 3281 1323 3347 modo
1350 3279 1397 3346 di·

266 3384 446 3452 uisionario
463 3386 564 3451 tribus
579 3385 657 3467 tilijs
673 3387 751 3471 suis,
767 3387 921 3455 videlieet
935 3389 1067 3474 Thomu,
1098 3391 1204 3457 Mersa
1222 3395 1255 3455 et
1271 3389 1395 3474 Zepoth

266 3489 398 3559 dedisse
414 3495 474 3558 stb.
491 3493 711 3576 reperiebatur
728 3495 789 3561 stb.
813 3497 934 3563 Datum
950 3495 984 3562 in
1011 3497 1191 3581 vissegrad
1216 3495 1399 3580 quadrage·

265 3599 350 3666 simo
368 3597 420 3663 die
435 3607 623 3666 ootauarum
640 3599 732 3666 Beati
750 3603 770 3668 J
773 3603 866 3670 aoobi
883 3603 1031 3689 Apostoli
1063 3597 1193 3672 Domini
1221 3603 1398 3670 Μῡῦῦῦὒο

263 3708 370 3773 toreio
388 3707 524 3772 decimo.

372 3903 511 3964 (Eusdetie
530 3907 715 3970 borhtrtydn,
735 3923 752 3957 a
770 3907 854 3957 budai
874 3909 925 3958 kir.
946 3910 1074 3960 lamanai
1093 3909 1287 3971 leveltdrban.)

700 4193 966 4202 ---——-..—-—-
