<?xml version="1.0" encoding="UTF-8"?>
<!DOCTYPE html PUBLIC "-//W3C//DTD XHTML 1.0 Transitional//EN"
    "http://www.w3.org/TR/xhtml1/DTD/xhtml1-transitional.dtd">
<html xmlns="http://www.w3.org/1999/xhtml" xml:lang="en" lang="en">
 <head>
  <title>
</title>
<meta http-equiv="Content-Type" content="text/html;charset=utf-8" />
  <meta name='ocr-system' content='tesseract 3.04.00' />
  <meta name='ocr-capabilities' content='ocr_page ocr_carea ocr_par ocr_line ocrx_word'/>
</head>
<body>
  <div class='ocr_page' id='page_1' title='image "./codexdiplomatic10wenzgoog_0225.png"; bbox 0 0 3098 5132; ppageno 0'>
   <div class='ocr_carea' id='block_1_1' title="bbox 805 223 966 322">
    <p class='ocr_par' dir='ltr' id='par_1_1' title="bbox 805 105 1534 322">
     <span class='ocr_line' id='line_1_1' title="bbox 805 223 966 322; baseline -0.01 -1"><span class='ocrx_word' id='word_1_1' title='bbox 805 223 966 322; x_wconf 60' lang='lat' dir='ltr'><strong>ou.</strong></span> 
     </span>
    </p>
   </div>
   <div class='ocr_carea' id='block_1_2' title="bbox 321 417 1534 934">
    <p class='ocr_par' dir='ltr' id='par_1_2' title="bbox 321 417 1534 934">
     <span class='ocr_line' id='line_1_2' title="bbox 322 417 1534 507; baseline 0.002 -23"><span class='ocrx_word' id='word_1_2' title='bbox 322 417 495 504; x_wconf 82' lang='lat' dir='ltr'><strong>Episcopis</strong></span> <span class='ocrx_word' id='word_1_3' title='bbox 511 418 737 487; x_wconf 78' lang='lat' dir='ltr'>existentibus.</span> <span class='ocrx_word' id='word_1_4' title='bbox 777 419 871 486; x_wconf 73' lang='lat' dir='ltr'><strong>Chalc</strong></span> <span class='ocrx_word' id='word_1_5' title='bbox 887 419 1154 507; x_wconf 88' lang='lat' dir='ltr'><strong>Budrugiensem,</strong></span> <span class='ocrx_word' id='word_1_6' title='bbox 1185 421 1267 488; x_wconf 83' lang='lat' dir='ltr'><strong>Potlr</strong></span> <span class='ocrx_word' id='word_1_7' title='bbox 1294 419 1467 488; x_wconf 85' lang='lat' dir='ltr'><strong>Rachien-</strong></span> <span class='ocrx_word' id='word_1_8' title='bbox 1533 429 1534 460; x_wconf 76' lang='lat'>³</span> 
     </span>
     <span class='ocr_line' id='line_1_3' title="bbox 321 525 1534 616; baseline 0 -24"><span class='ocrx_word' id='word_1_9' title='bbox 321 543 400 611; x_wconf 90' lang='lat' dir='ltr'><strong>sem,</strong></span> <span class='ocrx_word' id='word_1_10' title='bbox 419 525 529 594; x_wconf 87' lang='lat' dir='ltr'><strong>Buzad</strong></span> <span class='ocrx_word' id='word_1_11' title='bbox 547 526 658 594; x_wconf 82' lang='lat' dir='ltr'><strong>Ferrei</strong></span> <span class='ocrx_word' id='word_1_12' title='bbox 674 525 793 616; x_wconf 75' lang='lat' dir='ltr'><strong>(lustri,</strong></span> <span class='ocrx_word' id='word_1_13' title='bbox 809 525 924 594; x_wconf 71' lang='lat' dir='ltr'><strong>(lecha</strong></span> <span class='ocrx_word' id='word_1_14' title='bbox 940 528 1179 610; x_wconf 86' lang='lat' dir='ltr'><strong>Zaladienscm,</strong></span> <span class='ocrx_word' id='word_1_15' title='bbox 1205 527 1333 616; x_wconf 77' lang='lat' dir='ltr'><strong>llyklsa</strong></span> <span class='ocrx_word' id='word_1_16' title='bbox 1347 527 1467 613; x_wconf 72' lang='lat' dir='ltr'><strong>Symi·</strong></span> <span class='ocrx_word' id='word_1_17' title='bbox 1533 551 1534 578; x_wconf 68' lang='lat'>1</span> 
     </span>
     <span class='ocr_line' id='line_1_4' title="bbox 323 633 1534 723; baseline 0.003 -25"><span class='ocrx_word' id='word_1_18' title='bbox 323 634 469 718; x_wconf 88' lang='lat' dir='ltr'><strong>giensem</strong></span> <span class='ocrx_word' id='word_1_19' title='bbox 501 633 681 702; x_wconf 77' lang='lat' dir='ltr'><strong>Comitatus</strong></span> <span class='ocrx_word' id='word_1_20' title='bbox 708 635 983 723; x_wconf 78' lang='lat' dir='ltr'><strong>gubernantibus;</strong></span> <span class='ocrx_word' id='word_1_21' title='bbox 1026 636 1128 704; x_wconf 87' lang='lat' dir='ltr'><strong>Paulo</strong></span> <span class='ocrx_word' id='word_1_22' title='bbox 1160 635 1466 718; x_wconf 78' lang='lat' dir='ltr'><strong>Thanarnicorum,</strong></span> <span class='ocrx_word' id='word_1_23' title='bbox 1533 643 1534 676; x_wconf 84' lang='lat'>³</span> 
     </span>
     <span class='ocr_line' id='line_1_5' title="bbox 322 740 1467 832; baseline 0 -24"><span class='ocrx_word' id='word_1_24' title='bbox 322 741 454 808; x_wconf 81' lang='lat' dir='ltr'><strong>Andros</strong></span> <span class='ocrx_word' id='word_1_25' title='bbox 470 741 710 829; x_wconf 85' lang='lat' dir='ltr'><strong>Dapilerorum,</strong></span> <span class='ocrx_word' id='word_1_26' title='bbox 727 740 883 826; x_wconf 92' lang='lat' dir='ltr'><strong>Bogondo</strong></span> <span class='ocrx_word' id='word_1_27' title='bbox 898 742 1143 832; x_wconf 87' lang='lat' dir='ltr'><strong>Pinceruarum,</strong></span> <span class='ocrx_word' id='word_1_28' title='bbox 1160 743 1312 812; x_wconf 76' lang='lat' dir='ltr'><strong>iohanne</strong></span> <span class='ocrx_word' id='word_1_29' title='bbox 1327 741 1467 827; x_wconf 83' lang='lat' dir='ltr'><strong>Agaso-</strong></span> 
     </span>
     <span class='ocr_line' id='line_1_6' title="bbox 322 847 841 934; baseline 0.012 -20"><span class='ocrx_word' id='word_1_30' title='bbox 322 867 399 914; x_wconf 88' lang='lat' dir='ltr'><strong>num</strong></span> <span class='ocrx_word' id='word_1_31' title='bbox 414 847 627 934; x_wconf 69' lang='lat' dir='ltr'><strong>Magistratus</strong></span> <span class='ocrx_word' id='word_1_32' title='bbox 644 849 841 934; x_wconf 86' lang='lat' dir='ltr'><strong>regentibus.</strong></span> 
     </span>
    </p>
   </div>
   <div class='ocr_carea' id='block_1_3' title="bbox 325 1049 1465 1298">
    <p class='ocr_par' dir='ltr' id='par_1_3' title="bbox 325 1049 1465 1298">
     <span class='ocr_line' id='line_1_7' title="bbox 326 1049 1465 1122; baseline 0.003 -22"><span class='ocrx_word' id='word_1_33' title='bbox 326 1049 468 1110; x_wconf 75' lang='lat' dir='ltr'><strong>(Rredetie</strong></span> <span class='ocrx_word' id='word_1_34' title='bbox 485 1050 670 1117; x_wconf 70' lang='lat' dir='ltr'><strong>borhtrtyrtm</strong></span> <span class='ocrx_word' id='word_1_35' title='bbox 689 1053 876 1104; x_wconf 68' lang='lat' dir='ltr'><strong>viros-barna</strong></span> <span class='ocrx_word' id='word_1_36' title='bbox 894 1052 1133 1118; x_wconf 79' lang='lat' dir='ltr'><strong>selyemnsindron</strong></span> <span class='ocrx_word' id='word_1_37' title='bbox 1152 1053 1239 1122; x_wconf 81' lang='lat' dir='ltr'><strong>fiiggo</strong></span> <span class='ocrx_word' id='word_1_38' title='bbox 1252 1053 1350 1118; x_wconf 71' lang='lat' dir='ltr'><strong>peccet</strong></span> <span class='ocrx_word' id='word_1_39' title='bbox 1361 1055 1465 1116; x_wconf 73' lang='lat' dir='ltr'><strong>alatt3</strong></span> 
     </span>
     <span class='ocr_line' id='line_1_8' title="bbox 325 1137 1465 1208; baseline 0.002 -18"><span class='ocrx_word' id='word_1_40' title='bbox 325 1153 343 1190; x_wconf 79' lang='lat' dir='ltr'><strong>a</strong></span> <span class='ocrx_word' id='word_1_41' title='bbox 360 1137 476 1207; x_wconf 69' lang='lat' dir='ltr'><strong>atgrdbi</strong></span> <span class='ocrx_word' id='word_1_42' title='bbox 495 1140 630 1208; x_wconf 75' lang='lat' dir='ltr'><strong>omogos</strong></span> <span class='ocrx_word' id='word_1_43' title='bbox 649 1141 825 1194; x_wconf 68' lang='lat' dir='ltr'><strong>levelttrban</strong></span> <span class='ocrx_word' id='word_1_44' title='bbox 844 1156 862 1194; x_wconf 84' lang='lat' dir='ltr'><strong>a</strong></span> <span class='ocrx_word' id='word_1_45' title='bbox 880 1141 967 1192; x_wconf 80' lang='lat' dir='ltr'><strong>budai</strong></span> <span class='ocrx_word' id='word_1_46' title='bbox 985 1142 1039 1194; x_wconf 71' lang='lat' dir='ltr'><strong>kir-</strong></span> <span class='ocrx_word' id='word_1_47' title='bbox 1058 1142 1187 1194; x_wconf 79' lang='lat' dir='ltr'><strong>kamrrrai</strong></span> <span class='ocrx_word' id='word_1_48' title='bbox 1205 1141 1383 1196; x_wconf 72' lang='lat' dir='ltr'><strong>lavdlttrnek</strong></span> <span class='ocrx_word' id='word_1_49' title='bbox 1412 1147 1465 1194; x_wconf 85' lang='lat' dir='ltr'><strong>ott</strong></span> 
     </span>
     <span class='ocr_line' id='line_1_9' title="bbox 624 1229 1147 1298; baseline 0.006 -17"><span class='ocrx_word' id='word_1_50' title='bbox 624 1229 870 1297; x_wconf 75' lang='lat' dir='ltr'><strong>letetemenyeaett</strong></span> <span class='ocrx_word' id='word_1_51' title='bbox 888 1232 1041 1298; x_wconf 72' lang='lat' dir='ltr'><strong>okmenysi</strong></span> <span class='ocrx_word' id='word_1_52' title='bbox 1059 1233 1147 1296; x_wconf 72' lang='lat' dir='ltr'><strong>kent.)</strong></span> 
     </span>
    </p>
   </div>
   <div class='ocr_carea' id='block_1_4' title="bbox 756 1517 1025 1532">
    <p class='ocr_par' dir='ltr' id='par_1_4' title="bbox 756 1517 1025 1532">
     <span class='ocr_line' id='line_1_10' title="bbox 756 1517 1025 1532; baseline 0.007 -2"><span class='ocrx_word' id='word_1_53' title='bbox 756 1517 1025 1532; x_wconf 55' lang='lat' dir='ltr'><strong>ffl———u--v-n·</strong></span> 
     </span>
    </p>
   </div>
   <div class='ocr_carea' id='block_1_5' title="bbox 860 2098 935 2168">
    <p class='ocr_par' dir='ltr' id='par_1_5' title="bbox 860 2098 935 2168">
     <span class='ocr_line' id='line_1_11' title="bbox 860 2098 935 2168; baseline 0.027 -2"><span class='ocrx_word' id='word_1_54' title='bbox 860 2098 935 2168; x_wconf 78' lang='lat' dir='ltr'><strong>lat.</strong></span> 
     </span>
    </p>
   </div>
   <div class='ocr_carea' id='block_1_6' title="bbox 330 2252 1464 2600">
    <p class='ocr_par' dir='ltr' id='par_1_6' title="bbox 330 2252 1464 2600">
     <span class='ocr_line' id='line_1_12' title="bbox 330 2252 1463 2387; baseline 0.001 -23"><span class='ocrx_word' id='word_1_55' title='bbox 330 2301 416 2368; x_wconf 71' lang='lat' dir='ltr'><strong>Bello</strong></span> <span class='ocrx_word' id='word_1_56' title='bbox 429 2297 536 2387; x_wconf 76' lang='lat' dir='ltr'><strong>t&#39;fjobd</strong></span> <span class='ocrx_word' id='word_1_57' title='bbox 561 2299 671 2385; x_wconf 76' lang='lat' dir='ltr'><strong>kirrily</strong></span> <span class='ocrx_word' id='word_1_58' title='bbox 701 2298 801 2385; x_wconf 80' lang='lat' dir='ltr'><strong>oapjo</strong></span> <span class='ocrx_word' id='word_1_59' title='bbox 832 2297 972 2366; x_wconf 79' lang='lat' dir='ltr'><strong>Gertrsrd</strong></span> <span class='ocrx_word' id='word_1_60' title='bbox 1002 2299 1153 2384; x_wconf 77' lang='lat' dir='ltr'><strong>kira&#39;lyrrri</strong></span> <span class='ocrx_word' id='word_1_61' title='bbox 1184 2252 1259 2364; x_wconf 76' lang='lat' dir='ltr'><strong>telles</strong></span> <span class='ocrx_word' id='word_1_62' title='bbox 1283 2301 1414 2365; x_wconf 70' lang='lat' dir='ltr'><strong>censore</strong></span> <span class='ocrx_word' id='word_1_63' title='bbox 1440 2325 1463 2365; x_wconf 85' lang='lat' dir='ltr'><strong>a</strong></span> 
     </span>
     <span class='ocr_line' id='line_1_13' title="bbox 331 2405 1464 2496; baseline 0 -24"><span class='ocrx_word' id='word_1_64' title='bbox 331 2409 484 2496; x_wconf 82' lang='lat' dir='ltr'><strong>topuakai</strong></span> <span class='ocrx_word' id='word_1_65' title='bbox 499 2407 705 2494; x_wconf 78' lang='lat' dir='ltr'><strong>apdtrripoalt</strong></span> <span class='ocrx_word' id='word_1_66' title='bbox 720 2431 741 2472; x_wconf 89' lang='lat' dir='ltr'><em>a</em></span> <span class='ocrx_word' id='word_1_67' title='bbox 766 2405 877 2474; x_wconf 81' lang='lat' dir='ltr'><strong>Gorra</strong></span> <span class='ocrx_word' id='word_1_68' title='bbox 903 2405 1071 2494; x_wconf 74' lang='lat' dir='ltr'><strong>mepye&#39;ben</strong></span> <span class='ocrx_word' id='word_1_69' title='bbox 1096 2406 1172 2472; x_wconf 84' lang='lat' dir='ltr'><strong>loleo&#39;</strong></span> <span class='ocrx_word' id='word_1_70' title='bbox 1203 2409 1258 2472; x_wconf 81' lang='lat' dir='ltr'><strong>tar</strong></span> <span class='ocrx_word' id='word_1_71' title='bbox 1289 2410 1464 2493; x_wconf 73' lang='lat' dir='ltr'><strong>aemzetseg</strong></span> 
     </span>
     <span class='ocr_line' id='line_1_14' title="bbox 513 2513 1274 2600; baseline -0.003 -20"><span class='ocrx_word' id='word_1_72' title='bbox 513 2515 609 2580; x_wconf 71' lang='lat' dir='ltr'><strong>otoni</strong></span> <span class='ocrx_word' id='word_1_73' title='bbox 623 2513 891 2600; x_wconf 76' lang='lat' dir='ltr'><strong>oyeatjdoedelmct</strong></span> <span class='ocrx_word' id='word_1_74' title='bbox 907 2513 1158 2600; x_wconf 77' lang='lat' dir='ltr'><strong>adomdnposzo.</strong></span> <span class='ocrx_word' id='word_1_75' title='bbox 1176 2517 1274 2582; x_wconf 83' lang='lat'><em>1225.</em></span> 
     </span>
    </p>
   </div>
   <div class='ocr_carea' id='block_1_7' title="bbox 332 2708 1534 4640">
    <p class='ocr_par' dir='ltr' id='par_1_7' title="bbox 332 2708 1534 4640">
     <span class='ocr_line' id='line_1_15' title="bbox 440 2708 1463 2796; baseline 0 -20"><span class='ocrx_word' id='word_1_76' title='bbox 440 2709 519 2776; x_wconf 89' lang='lat' dir='ltr'><strong>Bela</strong></span> <span class='ocrx_word' id='word_1_77' title='bbox 550 2709 610 2776; x_wconf 91' lang='lat' dir='ltr'><strong>Dei</strong></span> <span class='ocrx_word' id='word_1_78' title='bbox 642 2712 756 2796; x_wconf 71' lang='lat' dir='ltr'><strong>gracia</strong></span> <span class='ocrx_word' id='word_1_79' title='bbox 786 2709 952 2795; x_wconf 90' lang='lat' dir='ltr'><strong>Hungarie</strong></span> <span class='ocrx_word' id='word_1_80' title='bbox 984 2711 1053 2777; x_wconf 83' lang='lat' dir='ltr'><strong>Rex</strong></span> <span class='ocrx_word' id='word_1_81' title='bbox 1069 2716 1131 2777; x_wconf 91' lang='lat' dir='ltr'><strong>ete.</strong></span> <span class='ocrx_word' id='word_1_82' title='bbox 1158 2710 1306 2779; x_wconf 87' lang='lat' dir='ltr'><strong>omnibus</strong></span> <span class='ocrx_word' id='word_1_83' title='bbox 1338 2708 1463 2776; x_wconf 78' lang='lat' dir='ltr'><strong>Christi</strong></span> 
     </span>
     <span class='ocr_line' id='line_1_16' title="bbox 332 2817 1464 2905; baseline 0.001 -20"><span class='ocrx_word' id='word_1_84' title='bbox 332 2817 484 2887; x_wconf 84' lang='lat' dir='ltr'><strong>fidelibus</strong></span> <span class='ocrx_word' id='word_1_85' title='bbox 510 2825 576 2886; x_wconf 87' lang='lat' dir='ltr'><strong>tam</strong></span> <span class='ocrx_word' id='word_1_86' title='bbox 604 2818 810 2903; x_wconf 75' lang='lat' dir='ltr'><strong>presentibus</strong></span> <span class='ocrx_word' id='word_1_87' title='bbox 828 2839 925 2904; x_wconf 87' lang='lat' dir='ltr'><strong>quam</strong></span> <span class='ocrx_word' id='word_1_88' title='bbox 952 2817 1067 2886; x_wconf 82' lang='lat' dir='ltr'><strong>tuturis</strong></span> <span class='ocrx_word' id='word_1_89' title='bbox 1083 2818 1143 2885; x_wconf 91' lang='lat' dir='ltr'><strong>hoc</strong></span> <span class='ocrx_word' id='word_1_90' title='bbox 1159 2821 1315 2904; x_wconf 87' lang='lat' dir='ltr'><strong>scriptum</strong></span> <span class='ocrx_word' id='word_1_91' title='bbox 1333 2820 1464 2905; x_wconf 88' lang='lat' dir='ltr'><strong>inspec-</strong></span> 
     </span>
     <span class='ocr_line' id='line_1_17' title="bbox 333 2925 1465 3014; baseline 0 -20"><span class='ocrx_word' id='word_1_92' title='bbox 333 2927 418 2996; x_wconf 91' lang='lat' dir='ltr'><strong>turis</strong></span> <span class='ocrx_word' id='word_1_93' title='bbox 427 2928 566 2996; x_wconf 89' lang='lat' dir='ltr'><strong>salutem</strong></span> <span class='ocrx_word' id='word_1_94' title='bbox 578 2935 611 2994; x_wconf 90' lang='lat' dir='ltr'><strong>et</strong></span> <span class='ocrx_word' id='word_1_95' title='bbox 621 2947 794 3014; x_wconf 86' lang='lat' dir='ltr'><strong>prosperos</strong></span> <span class='ocrx_word' id='word_1_96' title='bbox 804 2927 847 2995; x_wconf 83' lang='lat' dir='ltr'><strong>ad</strong></span> <span class='ocrx_word' id='word_1_97' title='bbox 857 2935 933 2995; x_wconf 80' lang='lat' dir='ltr'><strong>vote</strong></span> <span class='ocrx_word' id='word_1_98' title='bbox 942 2947 1103 2995; x_wconf 90' lang='lat' dir='ltr'><strong>succesus.</strong></span> <span class='ocrx_word' id='word_1_99' title='bbox 1112 2925 1271 3004; x_wconf 82' lang='lat' dir='ltr'><strong>Quoniam</strong></span> <span class='ocrx_word' id='word_1_100' title='bbox 1288 2946 1465 3014; x_wconf 89' lang='lat' dir='ltr'><strong>personam</strong></span> 
     </span>
     <span class='ocr_line' id='line_1_18' title="bbox 334 3033 1462 3123; baseline 0.001 -22"><span class='ocrx_word' id='word_1_101' title='bbox 334 3041 366 3101; x_wconf 91' lang='lat' dir='ltr'><strong>et</strong></span> <span class='ocrx_word' id='word_1_102' title='bbox 382 3055 445 3122; x_wconf 85' lang='lat' dir='ltr'><strong>res,</strong></span> <span class='ocrx_word' id='word_1_103' title='bbox 471 3035 619 3119; x_wconf 80' lang='lat' dir='ltr'><strong>Regnum</strong></span> <span class='ocrx_word' id='word_1_104' title='bbox 646 3050 679 3102; x_wconf 81' lang='lat' dir='ltr'><strong>er</strong></span> <span class='ocrx_word' id='word_1_105' title='bbox 696 3033 839 3120; x_wconf 88' lang='lat' dir='ltr'><strong>regimen</strong></span> <span class='ocrx_word' id='word_1_106' title='bbox 857 3042 889 3102; x_wconf 86' lang='lat' dir='ltr'><strong>ct</strong></span> <span class='ocrx_word' id='word_1_107' title='bbox 913 3036 1000 3102; x_wconf 89' lang='lat' dir='ltr'><strong>bona</strong></span> <span class='ocrx_word' id='word_1_108' title='bbox 1016 3036 1126 3102; x_wconf 88' lang='lat' dir='ltr'><strong>omnia</strong></span> <span class='ocrx_word' id='word_1_109' title='bbox 1141 3053 1206 3118; x_wconf 88' lang='lat' dir='ltr'><strong>que</strong></span> <span class='ocrx_word' id='word_1_110' title='bbox 1220 3035 1391 3123; x_wconf 87' lang='lat' dir='ltr'><strong>habemus,</strong></span> <span class='ocrx_word' id='word_1_111' title='bbox 1418 3039 1462 3102; x_wconf 88' lang='lat' dir='ltr'><strong>ab</strong></span> 
     </span>
     <span class='ocr_line' id='line_1_19' title="bbox 334 3143 1465 3231; baseline 0.002 -23"><span class='ocrx_word' id='word_1_112' title='bbox 334 3143 393 3210; x_wconf 93' lang='lat' dir='ltr'><strong>illo</strong></span> <span class='ocrx_word' id='word_1_113' title='bbox 421 3143 691 3231; x_wconf 69' lang='lat' dir='ltr'><strong>recognoscimus,</strong></span> <span class='ocrx_word' id='word_1_114' title='bbox 707 3143 760 3228; x_wconf 89' lang='lat' dir='ltr'><strong>qui</strong></span> <span class='ocrx_word' id='word_1_115' title='bbox 788 3163 884 3230; x_wconf 86' lang='lat' dir='ltr'><strong>super</strong></span> <span class='ocrx_word' id='word_1_116' title='bbox 909 3145 1015 3229; x_wconf 84' lang='lat' dir='ltr'><strong>Reges</strong></span> <span class='ocrx_word' id='word_1_117' title='bbox 1041 3149 1157 3230; x_wconf 86' lang='lat' dir='ltr'><strong>regnat</strong></span> <span class='ocrx_word' id='word_1_118' title='bbox 1181 3143 1287 3210; x_wconf 82' lang='lat' dir='ltr'><strong>eldat</strong></span> <span class='ocrx_word' id='word_1_119' title='bbox 1312 3143 1465 3214; x_wconf 87' lang='lat' dir='ltr'><strong>omnibus</strong></span> 
     </span>
     <span class='ocr_line' id='line_1_20' title="bbox 338 3251 1464 3340; baseline 0.001 -23"><span class='ocrx_word' id='word_1_120' title='bbox 338 3251 510 3318; x_wconf 82' lang='lat' dir='ltr'><strong>affluenter</strong></span> <span class='ocrx_word' id='word_1_121' title='bbox 534 3257 566 3317; x_wconf 88' lang='lat' dir='ltr'><strong>et</strong></span> <span class='ocrx_word' id='word_1_122' title='bbox 595 3271 657 3318; x_wconf 90' lang='lat' dir='ltr'><strong>non</strong></span> <span class='ocrx_word' id='word_1_123' title='bbox 683 3252 882 3340; x_wconf 85' lang='lat' dir='ltr'><strong>inproperat,</strong></span> <span class='ocrx_word' id='word_1_124' title='bbox 912 3253 1038 3319; x_wconf 81' lang='lat' dir='ltr'><strong>exaltat</strong></span> <span class='ocrx_word' id='word_1_125' title='bbox 1065 3259 1097 3318; x_wconf 92' lang='lat' dir='ltr'><strong>et</strong></span> <span class='ocrx_word' id='word_1_126' title='bbox 1113 3251 1275 3338; x_wconf 87' lang='lat' dir='ltr'><strong>humiliat,</strong></span> <span class='ocrx_word' id='word_1_127' title='bbox 1302 3251 1393 3320; x_wconf 87' lang='lat' dir='ltr'><strong>ducit</strong></span> <span class='ocrx_word' id='word_1_128' title='bbox 1418 3251 1464 3320; x_wconf 87' lang='lat' dir='ltr'><strong>ad</strong></span> 
     </span>
     <span class='ocr_line' id='line_1_21' title="bbox 339 3357 1466 3447; baseline 0.005 -25"><span class='ocrx_word' id='word_1_129' title='bbox 339 3357 460 3425; x_wconf 82' lang='lat' dir='ltr'><strong>interos</strong></span> <span class='ocrx_word' id='word_1_130' title='bbox 476 3367 508 3425; x_wconf 91' lang='lat' dir='ltr'><strong>et</strong></span> <span class='ocrx_word' id='word_1_131' title='bbox 525 3359 660 3426; x_wconf 86' lang='lat' dir='ltr'><strong>reducit.</strong></span> <span class='ocrx_word' id='word_1_132' title='bbox 678 3360 793 3427; x_wconf 86' lang='lat' dir='ltr'><strong>Merito</strong></span> <span class='ocrx_word' id='word_1_133' title='bbox 819 3359 969 3428; x_wconf 86' lang='lat' dir='ltr'><strong>debonis</strong></span> <span class='ocrx_word' id='word_1_134' title='bbox 995 3361 1124 3447; x_wconf 85' lang='lat' dir='ltr'><strong>abipso</strong></span> <span class='ocrx_word' id='word_1_135' title='bbox 1153 3359 1277 3428; x_wconf 87' lang='lat' dir='ltr'><strong>collatis</strong></span> <span class='ocrx_word' id='word_1_136' title='bbox 1294 3381 1366 3428; x_wconf 87' lang='lat' dir='ltr'><strong>eum</strong></span> <span class='ocrx_word' id='word_1_137' title='bbox 1394 3379 1466 3445; x_wconf 88' lang='lat' dir='ltr'><strong>pro-</strong></span> 
     </span>
     <span class='ocr_line' id='line_1_22' title="bbox 340 3466 1462 3556; baseline 0.004 -24"><span class='ocrx_word' id='word_1_138' title='bbox 340 3467 459 3553; x_wconf 88' lang='lat' dir='ltr'><strong>picium</strong></span> <span class='ocrx_word' id='word_1_139' title='bbox 487 3467 579 3535; x_wconf 87' lang='lat' dir='ltr'><strong>nobis</strong></span> <span class='ocrx_word' id='word_1_140' title='bbox 615 3466 723 3535; x_wconf 82' lang='lat' dir='ltr'><strong>lacere</strong></span> <span class='ocrx_word' id='word_1_141' title='bbox 748 3487 971 3556; x_wconf 84' lang='lat' dir='ltr'><strong>procuramus,</strong></span> <span class='ocrx_word' id='word_1_142' title='bbox 997 3469 1214 3555; x_wconf 87' lang='lat' dir='ltr'><strong>inpercientes</strong></span> <span class='ocrx_word' id='word_1_143' title='bbox 1240 3488 1280 3535; x_wconf 90' lang='lat' dir='ltr'><strong>ea</strong></span> <span class='ocrx_word' id='word_1_144' title='bbox 1306 3469 1381 3555; x_wconf 87' lang='lat' dir='ltr'><strong>hiis,</strong></span> <span class='ocrx_word' id='word_1_145' title='bbox 1406 3470 1462 3554; x_wconf 91' lang='lat' dir='ltr'><strong>qui</strong></span> 
     </span>
     <span class='ocr_line' id='line_1_23' title="bbox 337 3575 1465 3663; baseline 0.001 -19"><span class='ocrx_word' id='word_1_146' title='bbox 337 3576 484 3645; x_wconf 86' lang='lat' dir='ltr'><strong>subsidio</strong></span> <span class='ocrx_word' id='word_1_147' title='bbox 525 3583 634 3645; x_wconf 84' lang='lat' dir='ltr'><strong>nostro</strong></span> <span class='ocrx_word' id='word_1_148' title='bbox 665 3575 815 3663; x_wconf 87' lang='lat' dir='ltr'><strong>indigent</strong></span> <span class='ocrx_word' id='word_1_149' title='bbox 855 3585 888 3645; x_wconf 88' lang='lat' dir='ltr'><strong>ct</strong></span> <span class='ocrx_word' id='word_1_150' title='bbox 918 3578 1090 3646; x_wconf 85' lang='lat' dir='ltr'><strong>famulatui</strong></span> <span class='ocrx_word' id='word_1_151' title='bbox 1132 3579 1203 3644; x_wconf 82' lang='lat' dir='ltr'><strong>eius</strong></span> <span class='ocrx_word' id='word_1_152' title='bbox 1243 3577 1465 3646; x_wconf 84' lang='lat' dir='ltr'><strong>indesinenter</strong></span> 
     </span>
     <span class='ocr_line' id='line_1_24' title="bbox 337 3683 1464 3774; baseline 0.004 -26"><span class='ocrx_word' id='word_1_153' title='bbox 337 3684 502 3762; x_wconf 88' lang='lat' dir='ltr'><strong>insudant,</strong></span> <span class='ocrx_word' id='word_1_154' title='bbox 536 3693 570 3752; x_wconf 89' lang='lat' dir='ltr'><strong>ut</strong></span> <span class='ocrx_word' id='word_1_155' title='bbox 600 3683 663 3770; x_wconf 91' lang='lat' dir='ltr'><strong>ipsi</strong></span> <span class='ocrx_word' id='word_1_156' title='bbox 680 3707 738 3771; x_wconf 87' lang='lat' dir='ltr'><strong>per</strong></span> <span class='ocrx_word' id='word_1_157' title='bbox 764 3685 945 3752; x_wconf 87' lang='lat' dir='ltr'><strong>subsidium</strong></span> <span class='ocrx_word' id='word_1_158' title='bbox 962 3693 1106 3753; x_wconf 88' lang='lat' dir='ltr'><strong>nostrum</strong></span> <span class='ocrx_word' id='word_1_159' title='bbox 1122 3686 1254 3752; x_wconf 84' lang='lat' dir='ltr'><strong>valeant</strong></span> <span class='ocrx_word' id='word_1_160' title='bbox 1270 3689 1464 3774; x_wconf 85' lang='lat' dir='ltr'><strong>sustentari,</strong></span> 
     </span>
     <span class='ocr_line' id='line_1_25' title="bbox 338 3793 1466 3881; baseline 0.004 -23"><span class='ocrx_word' id='word_1_161' title='bbox 338 3801 370 3859; x_wconf 92' lang='lat' dir='ltr'><strong>et</strong></span> <span class='ocrx_word' id='word_1_162' title='bbox 386 3813 444 3859; x_wconf 89' lang='lat' dir='ltr'><strong>nos</strong></span> <span class='ocrx_word' id='word_1_163' title='bbox 460 3813 519 3879; x_wconf 88' lang='lat' dir='ltr'><strong>per</strong></span> <span class='ocrx_word' id='word_1_164' title='bbox 545 3813 654 3862; x_wconf 88' lang='lat' dir='ltr'><strong>eorum</strong></span> <span class='ocrx_word' id='word_1_165' title='bbox 671 3793 840 3862; x_wconf 89' lang='lat' dir='ltr'><strong>oraciones</strong></span> <span class='ocrx_word' id='word_1_166' title='bbox 856 3801 889 3861; x_wconf 91' lang='lat' dir='ltr'><strong>et</strong></span> <span class='ocrx_word' id='word_1_167' title='bbox 913 3793 1031 3861; x_wconf 87' lang='lat' dir='ltr'><strong>merita</strong></span> <span class='ocrx_word' id='word_1_168' title='bbox 1047 3793 1090 3860; x_wconf 88' lang='lat' dir='ltr'><strong>ad</strong></span> <span class='ocrx_word' id='word_1_169' title='bbox 1105 3793 1250 3881; x_wconf 86' lang='lat' dir='ltr'><strong>graciam</strong></span> <span class='ocrx_word' id='word_1_170' title='bbox 1269 3802 1301 3862; x_wconf 93' lang='lat' dir='ltr'><strong>et</strong></span> <span class='ocrx_word' id='word_1_171' title='bbox 1323 3793 1466 3878; x_wconf 77' lang='lat' dir='ltr'><strong>gloriam</strong></span> 
     </span>
     <span class='ocr_line' id='line_1_26' title="bbox 337 3899 1534 3988; baseline 0.009 -23"><span class='ocrx_word' id='word_1_172' title='bbox 337 3899 513 3968; x_wconf 85' lang='lat' dir='ltr'><strong>conditoris</strong></span> <span class='ocrx_word' id='word_1_173' title='bbox 529 3909 560 3968; x_wconf 88' lang='lat' dir='ltr'><strong>et</strong></span> <span class='ocrx_word' id='word_1_174' title='bbox 570 3901 746 3971; x_wconf 85' lang='lat' dir='ltr'><strong>salvatoris</strong></span> <span class='ocrx_word' id='word_1_175' title='bbox 757 3901 896 3970; x_wconf 88' lang='lat' dir='ltr'><strong>omnium</strong></span> <span class='ocrx_word' id='word_1_176' title='bbox 909 3904 1094 3988; x_wconf 83' lang='lat' dir='ltr'><strong>pertingere</strong></span> <span class='ocrx_word' id='word_1_177' title='bbox 1111 3922 1302 3969; x_wconf 88' lang='lat' dir='ltr'><strong>mercamur.</strong></span> <span class='ocrx_word' id='word_1_178' title='bbox 1319 3901 1466 3970; x_wconf 85' lang='lat' dir='ltr'><strong>Animati</strong></span> <span class='ocrx_word' id='word_1_179' title='bbox 1533 3973 1534 3976; x_wconf 74' lang='grc'>,</span> 
     </span>
     <span class='ocr_line' id='line_1_27' title="bbox 338 4009 1534 4097; baseline 0.002 -21"><span class='ocrx_word' id='word_1_180' title='bbox 338 4009 434 4094; x_wconf 84' lang='lat' dir='ltr'><strong>igitur</strong></span> <span class='ocrx_word' id='word_1_181' title='bbox 450 4016 517 4077; x_wconf 87' lang='lat' dir='ltr'><strong>tam</strong></span> <span class='ocrx_word' id='word_1_182' title='bbox 534 4009 713 4079; x_wconf 80' lang='lat' dir='ltr'><strong>devocione</strong></span> <span class='ocrx_word' id='word_1_183' title='bbox 729 4019 761 4080; x_wconf 88' lang='lat' dir='ltr'><strong>et</strong></span> <span class='ocrx_word' id='word_1_184' title='bbox 777 4011 840 4079; x_wconf 88' lang='lat' dir='ltr'><strong>lide</strong></span> <span class='ocrx_word' id='word_1_185' title='bbox 865 4031 999 4080; x_wconf 84' lang='lat' dir='ltr'><strong>avorum</strong></span> <span class='ocrx_word' id='word_1_186' title='bbox 1017 4019 1049 4078; x_wconf 88' lang='lat' dir='ltr'><strong>et</strong></span> <span class='ocrx_word' id='word_1_187' title='bbox 1066 4031 1257 4097; x_wconf 85' lang='lat' dir='ltr'><strong>proavorum</strong></span> <span class='ocrx_word' id='word_1_188' title='bbox 1284 4018 1467 4079; x_wconf 88' lang='lat' dir='ltr'><strong>nostrorum</strong></span> <span class='ocrx_word' id='word_1_189' title='bbox 1533 4039 1534 4048; x_wconf 50' lang='lat'>¹</span> 
     </span>
     <span class='ocr_line' id='line_1_28' title="bbox 339 4118 1468 4208; baseline 0.001 -22"><span class='ocrx_word' id='word_1_190' title='bbox 339 4119 529 4187; x_wconf 83' lang='lat' dir='ltr'><strong>Sanctorum</strong></span> <span class='ocrx_word' id='word_1_191' title='bbox 560 4119 696 4208; x_wconf 84' lang='lat' dir='ltr'><strong>Regum,</strong></span> <span class='ocrx_word' id='word_1_192' title='bbox 728 4121 782 4205; x_wconf 92' lang='lat' dir='ltr'><strong>qui</strong></span> <span class='ocrx_word' id='word_1_193' title='bbox 816 4119 852 4188; x_wconf 89' lang='lat' dir='ltr'><strong>in</strong></span> <span class='ocrx_word' id='word_1_194' title='bbox 877 4119 1016 4188; x_wconf 86' lang='lat' dir='ltr'><strong>diuersis</strong></span> <span class='ocrx_word' id='word_1_195' title='bbox 1046 4118 1150 4202; x_wconf 89' lang='lat' dir='ltr'><strong>Regni</strong></span> <span class='ocrx_word' id='word_1_196' title='bbox 1184 4119 1286 4185; x_wconf 85' lang='lat' dir='ltr'><strong>nostri</strong></span> <span class='ocrx_word' id='word_1_197' title='bbox 1317 4120 1468 4207; x_wconf 85' lang='lat' dir='ltr'><strong>partibus</strong></span> 
     </span>
     <span class='ocr_line' id='line_1_29' title="bbox 339 4228 1469 4320; baseline -0.001 -25"><span class='ocrx_word' id='word_1_198' title='bbox 339 4228 507 4298; x_wconf 81' lang='lat' dir='ltr'><strong>Ecclesiae</strong></span> <span class='ocrx_word' id='word_1_199' title='bbox 524 4235 783 4314; x_wconf 86' lang='lat' dir='ltr'><strong>construxerunt,</strong></span> <span class='ocrx_word' id='word_1_200' title='bbox 800 4249 896 4314; x_wconf 87' lang='lat' dir='ltr'><strong>quam</strong></span> <span class='ocrx_word' id='word_1_201' title='bbox 914 4237 945 4296; x_wconf 86' lang='lat' dir='ltr'><strong>ot</strong></span> <span class='ocrx_word' id='word_1_202' title='bbox 955 4229 1133 4297; x_wconf 85' lang='lat' dir='ltr'><strong>devocione</strong></span> <span class='ocrx_word' id='word_1_203' title='bbox 1145 4229 1277 4320; x_wconf 87' lang='lat' dir='ltr'><strong>propria</strong></span> <span class='ocrx_word' id='word_1_204' title='bbox 1287 4229 1469 4314; x_wconf 76' lang='lat' dir='ltr'><strong>prouocati,</strong></span> 
     </span>
     <span class='ocr_line' id='line_1_30' title="bbox 339 4337 1468 4422; baseline 0.004 -20"><span class='ocrx_word' id='word_1_205' title='bbox 339 4338 424 4402; x_wconf 86' lang='lat' dir='ltr'><strong>inter</strong></span> <span class='ocrx_word' id='word_1_206' title='bbox 451 4343 577 4404; x_wconf 85' lang='lat' dir='ltr'><strong>ceteras</strong></span> <span class='ocrx_word' id='word_1_207' title='bbox 603 4337 769 4405; x_wconf 83' lang='lat' dir='ltr'><strong>Rcelesias</strong></span> <span class='ocrx_word' id='word_1_208' title='bbox 784 4337 886 4421; x_wconf 86' lang='lat' dir='ltr'><strong>Regni</strong></span> <span class='ocrx_word' id='word_1_209' title='bbox 904 4339 1016 4418; x_wconf 89' lang='lat' dir='ltr'><strong>nostri,</strong></span> <span class='ocrx_word' id='word_1_210' title='bbox 1029 4358 1111 4422; x_wconf 87' lang='lat' dir='ltr'><strong>quas</strong></span> <span class='ocrx_word' id='word_1_211' title='bbox 1128 4357 1240 4405; x_wconf 89' lang='lat' dir='ltr'><strong>omnes</strong></span> <span class='ocrx_word' id='word_1_212' title='bbox 1256 4343 1468 4422; x_wconf 86' lang='lat' dir='ltr'><strong>prosperante</strong></span> 
     </span>
     <span class='ocr_line' id='line_1_31' title="bbox 341 4443 1469 4531; baseline 0.005 -25"><span class='ocrx_word' id='word_1_213' title='bbox 341 4443 480 4509; x_wconf 88' lang='lat' dir='ltr'><strong>Domino</strong></span> <span class='ocrx_word' id='word_1_214' title='bbox 507 4446 718 4530; x_wconf 85' lang='lat' dir='ltr'><strong>proponimus</strong></span> <span class='ocrx_word' id='word_1_215' title='bbox 744 4445 882 4531; x_wconf 85' lang='lat' dir='ltr'><strong>diligere</strong></span> <span class='ocrx_word' id='word_1_216' title='bbox 907 4466 946 4512; x_wconf 89' lang='lat' dir='ltr'><strong>ac</strong></span> <span class='ocrx_word' id='word_1_217' title='bbox 973 4445 1091 4528; x_wconf 83' lang='lat' dir='ltr'><strong>fovere,</strong></span> <span class='ocrx_word' id='word_1_218' title='bbox 1118 4445 1302 4512; x_wconf 82' lang='lat' dir='ltr'><strong>Ecclesiam</strong></span> <span class='ocrx_word' id='word_1_219' title='bbox 1319 4444 1469 4514; x_wconf 84' lang='lat' dir='ltr'><strong>Gloriosa</strong></span> 
     </span>
     <span class='ocr_line' id='line_1_32' title="bbox 340 4549 1469 4640; baseline 0.004 -27"><span class='ocrx_word' id='word_1_220' title='bbox 340 4549 485 4633; x_wconf 83' lang='lat' dir='ltr'><strong>Virginis</strong></span> <span class='ocrx_word' id='word_1_221' title='bbox 501 4551 603 4617; x_wconf 78' lang='lat' dir='ltr'><strong>Marte</strong></span> <span class='ocrx_word' id='word_1_222' title='bbox 620 4551 662 4620; x_wconf 88' lang='lat' dir='ltr'><strong>de</strong></span> <span class='ocrx_word' id='word_1_223' title='bbox 685 4551 855 4640; x_wconf 82' lang='lat' dir='ltr'><strong>Topulcha</strong></span> <span class='ocrx_word' id='word_1_224' title='bbox 881 4553 1095 4638; x_wconf 82' lang='lat' dir='ltr'><strong>Cystercinsis</strong></span> <span class='ocrx_word' id='word_1_225' title='bbox 1112 4551 1255 4635; x_wconf 87' lang='lat' dir='ltr'><strong>Ordinis,</strong></span> <span class='ocrx_word' id='word_1_226' title='bbox 1272 4571 1371 4636; x_wconf 84' lang='lat' dir='ltr'><strong>quam</strong></span> <span class='ocrx_word' id='word_1_227' title='bbox 1398 4552 1469 4637; x_wconf 86' lang='lat' dir='ltr'><strong>pius</strong></span> 
     </span>
    </p>
   </div>
   <div class='ocr_carea' id='block_1_8' title="bbox 0 0 1568 5132">
    <p class='ocr_par' dir='ltr' id='par_1_8' title="bbox 0 0 1568 5132">
     <span class='ocr_line' id='line_1_33' title="bbox 0 0 1568 5132; baseline 0 0"><span class='ocrx_word' id='word_1_228' title='bbox 0 0 1568 5132; x_wconf 95' lang='lat' dir='ltr'><strong> </strong></span> 
     </span>
    </p>
   </div>
  </div>
 </body>
</html>
