3080 5146
840 875 914 946 idi.

297 1075 341 1142 ..Α
366 1077 518 1144 estanores·
543 1075 680 1163 depensis
706 1071 840 1140 eatenus
864 1073 1054 1160 kiadodcya
1086 1093 1280 1159 sspyacazon
1311 1073 1436 1160 dppdcc.

823 1180 922 1250 1248.

416 1378 485 1445 Mos
501 1378 578 1446 Dux
593 1395 665 1445 com
682 1385 792 1446 nostro
808 1375 953 1444 Consilio
981 1375 1111 1442 nomine
1127 1378 1315 1445 communis
1334 1378 1434 1446 Vene-

296 1485 448 1554 ciariom
479 1506 520 1554 ex
550 1505 617 1552 nna
633 1492 741 1572 parte,
758 1491 790 1551 et
805 1485 908 1552 irater
924 1482 1067 1552 Jacobus
1083 1483 1125 1551 de
1146 1483 1338 1558 Turriseiiis
1356 1505 1434 1551 nnn·

304 1591 378 1658 cios
394 1591 519 1658 domini
533 1589 645 1658 fratris
662 1590 805 1660 (icielmi
823 1591 864 1656 de
876 1591 989 1677 Sonar,
1006 1589 1156 1673 Magistri
1172 1593 1301 1660 Domus
1317 1591 1436 1659 Milicic

307 1699 449 1785 Templi,
464 1700 596 1767 nomine
612 1699 715 1786 ipsius
733 1707 764 1766 et
781 1699 867 1766 dicte
882 1701 1007 1766 Domus
1024 1719 1065 1766 ex
1081 1697 1196 1786 altera,
1212 1699 1307 1766 vobis
1321 1699 1438 1768 Procu-

310 1805 472 1874 ratoribus
487 1803 599 1873 Sancti
614 1807 716 1874 Marci
732 1805 989 1874 recordationem
1021 1805 1168 1886 iacimus,
1186 1805 1265 1890 quia
1280 1809 1431 1892 ponimus

305 1914 406 1982 vobis
423 1911 457 1980 in
473 1913 793 1982 commendacionem
809 1914 893 1982 duas
907 1921 1017 1982 cartas
1033 1916 1205 1982 roboratas
1222 1922 1255 1983 ct
1269 1913 1429 1998 sigillatas

295 2020 478 2089 concordie
511 2023 593 2090 inite
623 2021 710 2090 inter
736 2041 795 2089 nos
811 2024 935 2091 Ducem
954 2023 1084 2090 nomine
1101 2022 1287 2089 Communis
1303 2021 1436 2090 Veneti·

305 2147 399 2198 arum
416 2148 457 2196 ex
473 2150 540 2198 nna
562 2137 667 2217 parte,
685 2137 718 2196 et
734 2151 784 2196 me
800 2129 933 2196 fratrem
949 2129 1107 2197 Jacobum
1125 2149 1166 2196 ex
1181 2131 1287 2196 altere
1302 2129 1434 2195 nomine

304 2243 340 2303 et
355 2237 428 2304 viee
459 2237 538 2305 dicti
564 2236 717 2321 Magistri
743 2243 775 2304 et
805 2237 929 2304 Domus
944 2237 1065 2304 Milicie
1081 2235 1209 2322 'l'empli
1225 2255 1325 2322 super
1348 2235 1435 2301 dam·

307 2346 383 2431 pnis
399 2345 485 2412 datis
501 2345 735 2412 mercatoribus
752 2344 896 2432 Venetis,
930 2343 1145 2428 Veglensibus
1175 2351 1208 2410 et
1237 2341 1437 2412 Arbensibus

306 2449 341 2516 in
357 2451 492 2520 civitate
502 2453 619 2521 Semne
636 2450 787 2540 (Sennis)
804 2451 881 2518 olim
897 2458 1046 2539 ternpore
1063 2451 1225 2539 captionis
1240 2459 1274 2518 et
1288 2453 1434 2520 combus-

306 2555 405 2626 tionis
434 2559 539 2644 ipsius
570 2559 726 2646 civitatis,
758 2567 901 2646 tempore
933 2558 1090 2626 videlieet
1120 2558 1229 2626 fratris
1260 2556 1431 2626 Rambaldi

299 2663 352 2734 de
368 2665 502 2751 Corone,
521 2667 669 2752 Magistri
696 2665 885 2750 Hungarici,
919 2671 951 2733 et
976 2665 1105 2754 ceteris,
1136 2672 1171 2732 nt
1186 2665 1220 2732 in
1236 2663 1326 2732 dicta
1342 2670 1430 2733 carta

297 2775 479 2844 concordie
509 2777 702 2862 continetur,
719 2781 752 2843 et
768 2773 933 2860 quandam
959 2774 1089 2843 literam
1115 2779 1227 2842 nostro
1241 2771 1354 2858 sigilio
1370 2793 1435 2840 mu·

304 2881 422 2964 uitam,
439 2902 536 2966 quam
552 2903 610 2950 nos
636 2884 712 2950 Dux
728 2881 903 2965 dirigimus
928 2880 1045 2950 comiti
1062 2889 1094 2948 et
1111 2879 1317 2949 consiliariis
1331 2880 1434 2966 chle

204 3029 213 3044 -
307 2988 519 3076 precipiendo
550 3009 610 3077 per
625 2997 876 3074 sacramentum,
909 2995 945 3054 ut
960 2989 1115 3056 iratribus
1145 2988 1268 3057 Milioie
1298 2989 1435 3074 Templi,

295 3097 362 3184 oui
377 3097 585 3183 fugiebanta
614 3097 771 3182 Tartaris,
787 3105 820 3165 et
835 3097 1032 3166 Monasterio
1059 3095 1171 3164 Sancti
1187 3095 1321 3180 Georgii
1336 3115 1434 3182 super

306 3205 457 3294 dampnis
490 3203 578 3272 datis
609 3204 733 3272 eisdem
750 3224 810 3292 per
826 3205 972 3273 homines
989 3205 1104 3290 Beglie
1120 3210 1321 3291 cognoscant
1336 3210 1369 3271 et
1384 3203 1433 3270 ius

305 3310 429 3384 faciam
459 3313 521 3381 tali
552 3311 682 3398 quidem
698 3312 912 3401 condictione,
940 3311 1069 3398 quodsi
1086 3315 1129 3380 ab
1143 3313 1208 3380 isto
1224 3311 1307 3379 festo
1323 3311 1437 3379 Sancti

305 3419 395 3488 Petri
429 3419 575 3504 proximo
606 3419 726 3488 mensis
751 3419 842 3488 Junii
874 3440 977 3506 usque
1001 3420 1045 3488 ad
1060 3419 1284 3488 aliudiestam
1317 3419 1435 3488 Sancti
1517 3501 1518 3506 ἵ

305 3527 392 3595 Petri
426 3527 592 3612 sequentis
623 3527 766 3595 eiusdem
798 3531 922 3596 mensis
953 3527 1058 3596 dictus
1088 3527 1246 3612 Magister
1279 3526 1333 3594 vei
1365 3526 1434 3596 eius
1517 3507 1518 3529 ¹

306 3653 476 3706 successor
501 3634 625 3702 miserit
641 3655 680 3703 ac
697 3635 768 3702 dari
785 3643 817 3702 et
832 3636 1019 3720 consignari
1046 3635 1161 3702 iecerit
1174 3633 1269 3702 vobis
1284 3651 1434 3716 procura·

305 3743 428 3813 toribus
444 3741 675 3831 recipientibus
690 3743 819 3811 nomine
835 3743 936 3812 nostri
952 3743 1054 3810 Ducis
1071 3749 1103 3810 et
1128 3741 1314 3809 communis
1329 3740 1433 3812 Vene-

305 3855 428 3926 ciarum
461 3857 585 3919 cartam
615 3871 673 3918 seu
699 3849 825 3918 litteras
842 3849 952 3936 sigillo
970 3852 1093 3918 Domus
1109 3848 1232 3916 Miiicie
1246 3849 1377 3936 Templi
1394 3849 1432 3918 si·
1516 3829 1517 3861 ¹

305 3961 451 4048 giiiates‚
468 3957 672 4026 continentes
687 3957 826 4026 iorrnam
853 3957 940 4025 dicte
962 3955 1141 4040 concordie,
1158 3965 1190 4024 et
1207 3955 1433 4024 confirmantes

305 4065 514 4137 concordiam
544 4065 800 4152 suprascriptum
811 4117 820 4152 ,
854 4073 885 4132 et
923 4065 1146 4150 promittentes
1187 4065 1291 4149 ipsam
1331 4072 1433 4132 atten-
1515 4069 1516 4090 t

305 4181 383 4248 dere
422 4181 456 4241 et
493 4173 668 4240 observare
699 4181 732 4239 et
771 4172 817 4241 sic
855 4176 1004 4259 solvere,
1054 4180 1088 4239 nt
1126 4171 1160 4238 in
1193 4170 1291 4238 dictis
1331 4173 1430 4239 cartis

305 4281 481 4356 concordie
513 4281 707 4360 continetur,
739 4287 816 4346 tunc
832 4302 889 4349 vos
917 4285 1146 4368 procuratores
1161 4299 1260 4346 unam
1277 4301 1318 4348 ex
1336 4279 1432 4346 dietis

305 4395 404 4462 cartis
421 4395 454 4455 et
469 4387 588 4453 dictam
604 4387 733 4454 literam
749 4389 835 4456 dioto
852 4389 1006 4474 Magistro
1022 4389 1075 4456 vel
1091 4389 1161 4454 eius
1178 4389 1361 4454 successori
1379 4391 1432 4454 aut

305 4501 378 4568 eius
395 4495 524 4579 nuncio,
557 4493 612 4578 qui
644 4491 763 4562 dictam
796 4501 917 4566 cartam
951 4516 1009 4564 seu
1042 4494 1293 4579 litterassigilio
1311 4494 1431 4563 Domus
