3098 5132
619 1031 694 1100 153.

95 1221 139 1294 Η.
152 1229 257 1295 Eadre
272 1230 453 1340 lairdlpaolc
469 1224 589 1295 Cleolaot
606 1228 759 1314 belpse'pet
775 1230 929 1313 to'rpyozd
943 1226 1129 1312 adomdnya
1155 1227 1221 1292 Mi·

325 1337 405 1422 asty
419 1338 586 1404 Abraham
595 1336 663 1419 flat
677 1339 836 1399 ammosa.
877 1333 978 1398 1229.

193 1535 233 1599 In
273 1533 403 1599 nomine
442 1533 562 1598 Sancte
594 1528 765 1596 Trinitatis
796 1537 827 1594 et
856 1528 1028 1596 Indiuidue
1060 1527 1217 1600 Unitctis.

100 1635 235 1707 Andreas
266 1637 328 1706 Dei
359 1639 473 1724 gracia
503 1637 657 1724 Vngan‘e,
698 1637 881 1722 Dalmatio,
928 1635 1071 1726 Oroatia,
1102 1637 1214 1727 Rama,

98 1745 210 1835 Seruis,
227 1747 377 1833 Gallicie‚
394 1747 652 1830 Lodomerieque
666 1745 739 1810 Rex
754 1745 789 1810 in
805 1735 1007 1831 perpetuum.
1019 1743 1099 1812 (lum
1109 1746 1217 1832 Rega-

19 1835 20 1874 ³
100 1852 135 1918 lis
156 1851 366 1920 celsitudinis
389 1854 617 1920 munificencia
643 1871 702 1917 sue
725 1849 935 1918 liberalitatis
959 1852 1094 1920 brachia
1119 1856 1212 1923 nullo

19 1989 21 2042 3
100 1962 256 2044 parcitatis
295 1961 432 2028 termino
475 1960 675 2046 coharctare,
717 1957 774 2026 sed
806 1959 986 2044 quibusque
1021 1981 1151 2028 suorum
1184 1972 1216 2032 et

19 2043 21 2158 ζ
101 2069 229 2134 maxime
244 2071 387 2136 fidelium
405 2069 522 2136 debeat
532 2067 718 2156 expandere
733 2065 868 2152 meritis,
895 2074 929 2131 ut
945 2074 977 2132 et
993 2067 1134 2135 fidelitas
1150 2074 1214 2136 ianr

19 2161 20 2226 ἶ
99 2183 164 2242 acta
193 2176 300 2242 debito
331 2196 396 2242 non
426 2175 597 2240 fraudetur
628 2175 742 2258 tytulo,
776 2173 969 2256 agendaque
996 2193 1054 2258 spe
1071 2175 1211 2243 educata

19 2303 20 2308 ¹
100 2283 205 2364 premii
244 2289 472 2368 promoveatur
519 2282 650 2365 gracias
681 2279 723 2345 ad
764 2287 932 2364 concepta.
974 2281 1117 2366 Dignum
1149 2293 1210 2371 est,

99 2397 129 2454 ut
151 2410 190 2456 ea
214 2411 277 2476 qne
304 2393 411 2473 legum
437 2389 637 2475 imperatrix,
653 2388 758 2471 Regia
773 2394 951 2473 pertractat
966 2388 1153 2457 Auctoritas
1179 2391 1212 2458 in

100 2497 331 2564 remunerandis
360 2499 519 2579 fidelibus,
548 2496 704 2580 scripture
730 2494 928 2561 munimento
944 2496 1218 2588 commendentur,

99 2623 136 2668 ne
162 2603 384 2670 modernorum
415 2624 474 2671 seu
513 2621 733 2668 suceessorum
774 2601 958 2670 incursibus
987 2603 1218 2690 subrogentur.

101 2709 408 2794 Haeigitnrraoione
418 2709 545 2776 inducti
557 2709 1215 2793 nobisRegnaquetideliterassistencium
1326 2707 1329 2712 ’

100 2817 203 2883 merita
218 2817 318 2901 digno
335 2817 557 2885 retributionis
576 2816 749 2904 stypcndio
773 2823 1013 2902 prosequentes,
1028 2819 1071 2886 ad
1087 2823 1215 2890 univer-

97 2943 197 2990 sorum
223 2926 379 2994 noticiam
404 2927 552 2991 volumus
580 2925 752 2992 devenire:
781 2923 867 3008 quod
892 2945 964 2990 cum
979 2925 1086 2996 fidelis
1101 2939 1211 3000 noster

101 3035 232 3101 sarriens
242 3031 384 3100 Michael
396 3034 483 3100 tilius
493 3033 625 3100 Abrahe
636 3033 778 3118 aprimis
788 3052 845 3099 sue
854 3033 998 3117 puericie
1012 3039 1210 3122 temporibus

99 3139 203 3205 tamin
216 3141 342 3231 Regno,
368 3148 438 3208 tum
464 3151 555 3208 extra
571 3142 730 3227 Regnum,
748 3147 780 3207 et
797 3141 935 3208 maxime
950 3141 982 3206 in
1000 3141 1212 3228 expedicione

100 3244 205 3316 Rascie
215 3249 301 3336 (igy)
312 3249 406 3316 nobis
415 3248 630 3332 personaliter
640 3247 760 3314 ibidem
778 3247 1000 3336 existentibus,
1011 3251 1153 3318 fideliter
1168 3275 1208 3322 ao

99 3352 247 3424 indefesse
264 3358 489 3440 perserrisset,
515 3376 555 3422 ac
582 3357 705 3423 tociens
720 3375 757 3423 se
773 3376 896 3441 suaque
912 3377 968 3442 pro
984 3358 1095 3435 mortis
1114 3379 1213 3448 expo·
1332 3437 1344 3458 Ι

100 3461 202 3530 suisset
218 3463 375 3550 periculo.
393 3465 461 3530 Nos
478 3465 513 3530 in
539 3465 878 3549 recompensacionem
896 3472 1059 3532 tantorum
1075 3469 1207 3536 servici-

100 3585 177 3636 orum
192 3569 297 3657 ipsius
312 3571 502 3659 Mychaelis,
522 3573 686 3657 quandam
712 3580 832 3638 terram
849 3573 979 3639 nomino
996 3571 1130 3661 Ohokol,
1149 3597 1206 3646 va-

19 3755 20 3758 ῒ
98 3683 209 3744 cantent
233 3679 361 3763 incolis,
390 3679 540 3746 aOastro
568 3679 702 3749 Albensi
720 3685 903 3765 exemptam
931 3681 992 3748 sibi
1010 3687 1042 3748 et
1060 3703 1118 3768 per
1133 3703 1207 3752 enm

19 3833 20 3840 r
100 3781 157 3848 suis
183 3785 368 3873 heredibus,
410 3785 630 3871 heredumque
660 3787 901 3854 successoribus
942 3789 1010 3854 iure
1050 3801 1209 3877 perpetuo

19 3889 20 3912 l
99 3891 276 3961 conmlimns
300 3899 460 3980 perpetuo
487 3893 717 3980 possidendam
743 3895 898 3962 totaliter.
914 3895 951 3961 In
976 3915 1074 3980 quam
1098 3909 1208 3969 nostre

100 3992 274 4066 donacionis
313 4003 555 4086 possessionem
598 4002 735 4069 eundem
768 4003 958 4070 Michaelem
990 4023 1049 4087 per
1078 4005 1207 4073 fidelem

99 4111 230 4173 nostrum
246 4107 406 4175 Comitem
421 4107 551 4176 Petrum
568 4108 669 4175 filium
692 4109 764 4175 Pud
780 4108 914 4176 fecimus
933 4110 1103 4177 introduci.
1122 4115 1207 4180 Mete

99 4217 192 4278 autem
205 4215 349 4284 eiusdem
365 4223 450 4284 terre
467 4223 542 4283 sunt
557 4217 637 4283 iste:
653 4216 759 4303 prima
776 4216 888 4300 incipit
904 4237 925 4282 a
940 4225 1034 4302 parte
1060 4221 1211 4285 orientali

19 4299 20 4316 ¹
100 4313 127 4377 iu
142 4321 273 4399 quodam
304 4331 410 4410 prato,
436 4324 527 4390 iuxta
552 4324 637 4408 quod
664 4323 750 4407 uulgo
776 4321 1013 4409 lrnrtnelbuqur
1038 4326 1213 4414 apellatur,

19 4491 20 4518 3
100 4441 150 4505 per
175 4447 270 4512 quam
302 4435 525 4513 sequestratur
555 4437 642 4498 terra
668 4431 783 4497 eadem
807 4452 827 4498 a
852 4437 939 4498 terra
955 4433 1032 4500 ville
1047 4431 1160 4516 Vrdos,
1181 4443 1214 4501 ct

19 4521 21 4600 ἶ
101 4531 166 4600 iude
187 4543 285 4606 traxit
315 4559 375 4624 per
400 4541 506 4606 locum
532 4533 628 4606 rivuli
655 4538 712 4623 qui
739 4540 826 4624 vulgo
851 4539 917 4605 Her
942 4539 1071 4627 dicitur,
1096 4539 1213 4608 deinde

96 4646 229 4725 procedit
245 4639 288 4713 ad
321 4655 452 4734 metam,
479 4659 543 4731 que
559 4653 608 4714 est
624 4649 657 4714 in
686 4667 800 4733 eampo
826 4647 917 4714 cuins
934 4648 1126 4716 vocabulum
1155 4649 1213 4717 Er-

1050 4755 1111 4820 14¹·
