3098 5132
545 374 705 474 Q

81 578 136 644 uici
150 575 203 642 i'b
218 573 373 642 Comitem
391 593 451 660 pro
466 569 710 656 predictaterra
719 573 799 636 aute
808 567 993 636 Dionisium
1003 560 1191 636 Palatinum

84 687 249 751 citauerunt.
288 678 395 758 Quum
411 687 520 746 autem
535 677 598 746 Tb.
615 677 734 744 Comes
749 693 850 760 super
865 673 986 744 factum
1015 675 1190 743 terminum

86 899 277 982 approbantes
293 911 497 978 nequaquam
515 894 777 975 comparuerunt
793 891 834 956 D.
850 908 927 956 uero
943 888 1116 970 Palatinus
1127 889 1187 956 rb.

85 1004 179 1071 domii
193 1001 318 1070 iusticie
333 1001 463 1067 litteras
478 997 714 1067 accomodauii.
754 997 873 1064 Postea
889 1015 966 1064 uero
984 993 1044 1064 Tb.
1071 997 1185 1065 Comes

85 1109 259 1178 uduornieos
275 1110 353 1176 iilos
371 1105 415 1176 ad
430 1113 575 1174 nostram
592 1105 705 1172 citauit
721 1105 933 1190 presenciam,
952 1111 985 1170 et
1002 1125 1074 1172 oum
1100 1106 1183 1174 litte·

85 1217 119 1280 ris
132 1215 274 1284 dictorum
290 1215 530 1299 Palatinorum,
549 1213 670 1280 seilicet
696 1213 735 1279 N.
763 1220 796 1278 et
826 1211 866 1278 D.
898 1232 934 1278 se
964 1212 1082 1279 iustum
1111 1233 1186 1282 esse

85 1323 262 1408 approbauit.
285 1323 379 1389 Idem
395 1321 500 1388 eciam
516 1319 693 1387 vduuomiei
709 1338 817 1386 coram
833 1320 925 1386 nobis
941 1326 1086 1386 astantes
1106 1340 1186 1406 sepe

85 1428 183 1496 dietum
197 1429 251 1496 nb.
271 1430 430 1498 Comitem
446 1428 566 1496 iustum
591 1447 662 1496 esse
693 1425 834 1494 confessi
866 1433 948 1493 sunt.
988 1427 1056 1494 Nos
1087 1428 1187 1512 igitur

87 1556 144 1602 cun
160 1543 202 1604 tot
215 1545 247 1603 et
261 1545 432 1604 tantorum
446 1535 641 1620 testimonijcr
658 1554 769 1600 ueram
786 1553 859 1601 esse
885 1536 1185 1620 comprobassemus
1243 1569 1246 1576 ·

84 1644 195 1711 fecimus
208 1643 373 1712 annotari.
399 1645 436 1710 In
451 1641 567 1709 eadem
582 1641 671 1708 diota
686 1649 775 1709 terra
790 1643 889 1708 habet
905 1641 1007 1708 forum
1024 1663 1065 1708 ex
1081 1643 1187 1728 Regia

85 1749 235 1820 donacione
250 1769 455 1836 eoncessum,
473 1751 568 1817 salua
583 1749 745 1816 libertate.

170 1863 244 1926 item
261 1859 411 1944 predium
428 1859 619 1943 Rengeysar
633 1860 818 1944 pertinebat
832 1857 893 1923 Tb.
911 1858 1027 1924 domiti
1059 1867 1091 1926 et
1121 1861 1185 1926 An-

28 2055 29 2058 *
84 1963 144 2031 drec
158 1966 217 2032 tilio
233 1965 347 2032 fratris
364 1965 426 2032 sui.
450 1963 581 2031 Partem
607 1983 686 2032 uero
711 1963 849 2030 Andree
870 1965 947 2031 emit
978 1965 1038 2033 Tb.
1071 1967 1184 2036 Comes

84 2091 127 2150 pro
140 2073 245 2157 uiginti
261 2081 337 2140 octo
353 2073 475 2138 marcis
491 2092 564 2138 cum
580 2072 684 2139 tribus
701 2073 924 2138 mansionibus
951 2072 1183 2159 libertinomm,

28 2223 29 2226 ,
83 2197 192 2258 quorum
206 2181 339 2247 nomina
354 2185 430 2245 sunt
445 2179 505 2245 hec
522 2204 530 2243 ε
547 2179 711 2264 Albanius,
729 2180 863 2246 Alexide
879 2185 911 2246 et
927 2179 1073 2246 Scentus.
1099 2186 1185 2250 biota

83 2302 143 2350 uero
155 2287 242 2355 buius
258 2297 347 2356 terre
361 2289 478 2372 incipit
494 2307 592 2372 snper
608 2288 741 2354 fluuium
758 2289 960 2374 Rengeysar,
977 2295 1010 2356 et
1025 2287 1116 2354 uadit
1133 2313 1185 2358 sn·

83 2395 170 2473 penius
185 2397 226 2460 ad
241 2395 507 2480 septemtrionem
525 2413 629 2477 usque
656 2396 700 2461 ad
728 2396 887 2478 piscinam
918 2396 1068 2481 Halaph;
1093 2398 1184 2467 iuxta

82 2501 194 2568 eandem
209 2503 368 2588 piscinam
385 2499 477 2568 uadit
494 2502 645 2586 superius
660 2521 763 2584 neque
787 2503 831 2568 ud
858 2523 954 2568 unam
991 2511 1120 2592 metam,
1155 2519 1186 2576 et

28 2663 29 2668 ,
82 2604 194 2676 flectitur
209 2611 425 2678 adorientem
442 2627 514 2674 cum
533 2609 668 2674 eleuatis
678 2610 772 2676 metis
789 2607 859 2696 (ad)
871 2609 973 2694 Luta;
999 2613 1183 2682 indeflecti-

82 2719 121 2778 tur
132 2715 169 2781 ad
184 2717 351 2784 meridiem
367 2736 440 2782 eum
457 2716 596 2782 eleuatis
612 2716 706 2782 metis
722 2736 825 2800 usque
842 2716 884 2782 ad
901 2723 1020 2784 terram
1038 2727 1184 2804 germani

80 2821 118 2887 eui
137 2823 301 2911 Stephani,
325 2831 358 2890 et
375 2845 447 2890 cum
463 2830 549 2889 terra
565 2821 675 2890 fratris
691 2824 740 2889 sui
756 2825 892 2890 eleuatis
910 2827 1003 2893 metis
1020 2834 1180 2910 usquead

81 2937 177 2997 metam
192 2934 343 3018 priorem.

167 3041 243 3106 Item
260 3041 295 3104 in
313 3038 398 3103 uilla
414 3038 545 3102 Ponoha
561 3037 659 3103 babet
676 3039 800 3121 parbem
818 3047 902 3104 terre
928 3041 972 3106 ad
997 3044 1183 3123 quindecim

28 3195 29 3212 r
80 3155 170 3210 aratra
183 3168 252 3213 cum
272 3145 376 3229 siluis,
394 3145 497 3228 pratis
514 3151 546 3209 et
562 3144 693 3231 fenebis,
710 3165 782 3210 oum
798 3145 903 3214 vineis
919 3157 1033 3214 etcum
1045 3157 1184 3220 mansio-

79 3246 155 3316 nibus
169 3253 345 3320 domorum.

166 3361 202 3426 ln
217 3360 352 3447 Hereky
368 3361 467 3426 habet
483 3361 692 3446 septuaginta
708 3362 831 3447 iugera,
851 3369 883 3429 et
898 3363 984 3446 quod
1011 3367 1109 3450 uulgo
1136 3369 1184 3434 di·

80 3463 147 3530 eitur
159 3467 247 3534 fener
263 3467 308 3534 ad
325 3487 385 3534 sex
402 3467 587 3534 mansiones
603 3468 782 3535 domorum.

165 3572 359 3641 Dimidictas
375 3593 453 3639 uero
469 3582 553 3640 terre
569 3573 685 3660 Bogud
701 3583 751 3641 est
767 3575 918 3662 Nicholaj
935 3577 1045 3705 fratris
1061 3583 1123 3664 aui,
1153 3593 1186 3652 eb

28 3675 29 3758 j
78 3675 243 3748 dimidietas
258 3681 320 3748 Tb.
338 3681 482 3748 Comitis.

166 3788 267 3854 Terra
281 3809 359 3856 uero
376 3789 478 3873 Bywa
494 3789 677 3874 pertinebat
701 3789 864 3859 Nicholao
889 3799 922 3859 et
951 3795 1012 3861 Th.
1045 3796 1183 3884 Comiti5

28 3897 29 3956 Ι
78 3899 181 4060 pehrtem
197 3915 274 3962 nero
291 3895 445 3963 Nichoiai
462 3897 541 3962 emit
556 3898 598 3962 ab
615 3897 748 3964 Andrea
777 3897 844 3966 filio
875 3898 987 3969 fratris
1017 3906 1068 3972 sui
1098 3905 1183 3972 idem

28 4025 29 4036 ¹
119 4000 259 4070 ¹Comes.

166 4110 267 4176 'Perua
283 4131 360 4178 uero
377 4111 455 4198 Zopi
474 4111 630 4178 diuiditur
645 4113 687 4180 ad
713 4121 780 4182 tres
811 4123 938 4202 partes;
964 4117 1088 4186 scilicet
1120 4141 1185 4187 una

28 4233 29 4314 J
76 4228 137 4292 bars
151 4217 345 4286 Monasterio
364 4219 479 4286 Sancti
496 4219 659 4304 Spiritus3
684 4221 787 4288 aiteio
801 4243 878 4306 pars
895 4225 1090 4294 Monasteric
1106 4229 1186 4296 San-

28 4329 30 4402 Ι
75 4323 115 4384 cte
128 4320 255 4408 dbueis3
280 4325 384 4392 tercia
401 4346 477 4410 pars
494 4325 554 4392 Tb.
571 4327 698 4394 domiti.

28 4631 30 4694 Ι

28 4697 30 4744 Ι

28 4861 30 4928 Ι

28 4939 30 4998 Ι

165 4429 257 4500 Vltra
273 4452 351 4498 nero
368 4433 547 4500 Drawam
538 4455 572 4500 un
598 4436 668 4502 loco
694 4437 750 4520 qui
781 4438 900 4506 dieitur
930 4441 1091 4510 Monislou
1123 4445 1182 4511 Th.

28 4505 172 4612 {Comes
186 4535 285 4606 babet
300 4547 450 4624 quartam
467 4549 604 4629 partem,
621 4549 655 4608 et
669 4547 772 4630 partis
789 4546 859 4614 eius
874 4554 960 4616 mete
975 4548 1022 4617 sic
1033 4550 1184 4619 ordinan-

72 4641 133 4706 tur.
125 4643 254 4712 ·Prima
270 4653 357 4714 meta
373 4669 394 4713 a
410 4651 549 4717 confinio
565 4652 686 4718 montis
713 4653 836 4742 Gauyg,
868 4661 923 4738 qui
956 4663 1089 4724 uocatur
1121 4659 1184 4724 Ru·

1016 4765 1076 4832 15*
