<?xml version="1.0" encoding="UTF-8"?>
<!DOCTYPE html PUBLIC "-//W3C//DTD XHTML 1.0 Transitional//EN"
    "http://www.w3.org/TR/xhtml1/DTD/xhtml1-transitional.dtd">
<html xmlns="http://www.w3.org/1999/xhtml" xml:lang="en" lang="en">
 <head>
  <title>
</title>
<meta http-equiv="Content-Type" content="text/html;charset=utf-8" />
  <meta name='ocr-system' content='tesseract 3.04.00' />
  <meta name='ocr-capabilities' content='ocr_page ocr_carea ocr_par ocr_line ocrx_word'/>
</head>
<body>
  <div class='ocr_page' id='page_1' title='image "./codexdiplomatic10wenzgoog_0453.png"; bbox 0 0 3080 5146; ppageno 0'>
   <div class='ocr_carea' id='block_1_1' title="bbox 812 357 973 456">
    <p class='ocr_par' dir='ltr' id='par_1_1' title="bbox 812 357 973 456">
     <span class='ocr_line' id='line_1_1' title="bbox 812 357 973 456; baseline 0 -34"><span class='ocrx_word' id='word_1_1' title='bbox 812 357 973 456; x_wconf 55' lang='lat'>...4¹3-</span> 
     </span>
    </p>
   </div>
   <div class='ocr_carea' id='block_1_2' title="bbox 306 547 1476 1179">
    <p class='ocr_par' dir='ltr' id='par_1_2' title="bbox 306 547 1476 1179">
     <span class='ocr_line' id='line_1_2' title="bbox 306 547 1476 640; baseline -0.008 -17"><span class='ocrx_word' id='word_1_2' title='bbox 306 559 445 623; x_wconf 89' lang='lat' dir='ltr'>·contra</span> <span class='ocrx_word' id='word_1_3' title='bbox 460 573 556 639; x_wconf 88' lang='lat' dir='ltr'>quem</span> <span class='ocrx_word' id='word_1_4' title='bbox 572 559 693 638; x_wconf 85' lang='lat' dir='ltr'>ageret,</span> <span class='ocrx_word' id='word_1_5' title='bbox 724 551 782 620; x_wconf 88' lang='lat' dir='ltr'>sed</span> <span class='ocrx_word' id='word_1_6' title='bbox 798 551 979 640; x_wconf 77' lang='lat' dir='ltr'>Episcopus</span> <span class='ocrx_word' id='word_1_7' title='bbox 1000 555 1200 621; x_wconf 88' lang='lat' dir='ltr'>memoratus</span> <span class='ocrx_word' id='word_1_8' title='bbox 1214 549 1267 618; x_wconf 85' lang='lat' dir='ltr'>rel</span> <span class='ocrx_word' id='word_1_9' title='bbox 1283 551 1369 618; x_wconf 84' lang='lat' dir='ltr'>eins</span> <span class='ocrx_word' id='word_1_10' title='bbox 1405 547 1476 616; x_wconf 81' lang='lat' dir='ltr'>oii-</span> 
     </span>
     <span class='ocr_line' id='line_1_3' title="bbox 323 657 1473 730; baseline -0.003 -2"><span class='ocrx_word' id='word_1_11' title='bbox 323 662 419 728; x_wconf 86' lang='lat' dir='ltr'>oialis</span> <span class='ocrx_word' id='word_1_12' title='bbox 435 661 477 728; x_wconf 89' lang='lat' dir='ltr'>ad</span> <span class='ocrx_word' id='word_1_13' title='bbox 493 667 638 730; x_wconf 89' lang='lat' dir='ltr'>nostram</span> <span class='ocrx_word' id='word_1_14' title='bbox 654 661 866 730; x_wconf 86' lang='lat' dir='ltr'>Prosenciam</span> <span class='ocrx_word' id='word_1_15' title='bbox 883 659 1002 728; x_wconf 88' lang='lat' dir='ltr'>debeat</span> <span class='ocrx_word' id='word_1_16' title='bbox 1018 659 1157 727; x_wconf 88' lang='lat' dir='ltr'>euocari.</span> <span class='ocrx_word' id='word_1_17' title='bbox 1180 659 1217 725; x_wconf 90' lang='lat' dir='ltr'>In</span> <span class='ocrx_word' id='word_1_18' title='bbox 1233 660 1336 727; x_wconf 86' lang='lat' dir='ltr'>cuius</span> <span class='ocrx_word' id='word_1_19' title='bbox 1353 657 1405 726; x_wconf 90' lang='lat' dir='ltr'>rci</span> <span class='ocrx_word' id='word_1_20' title='bbox 1422 657 1473 724; x_wconf 85' lang='lat' dir='ltr'>tir·</span> 
     </span>
     <span class='ocr_line' id='line_1_4' title="bbox 326 767 1473 856; baseline -0.002 -22"><span class='ocrx_word' id='word_1_21' title='bbox 326 769 473 836; x_wconf 90' lang='lat' dir='ltr'>mitatem</span> <span class='ocrx_word' id='word_1_22' title='bbox 491 775 656 854; x_wconf 74' lang='lat' dir='ltr'>presentes</span> <span class='ocrx_word' id='word_1_23' title='bbox 674 767 894 836; x_wconf 79' lang='lat' dir='ltr'>concessimus</span> <span class='ocrx_word' id='word_1_24' title='bbox 910 767 1037 836; x_wconf 82' lang='lat' dir='ltr'>litteras</span> <span class='ocrx_word' id='word_1_25' title='bbox 1053 767 1218 856; x_wconf 90' lang='lat' dir='ltr'>dupplicis</span> <span class='ocrx_word' id='word_1_26' title='bbox 1235 767 1349 852; x_wconf 83' lang='lat' dir='ltr'>sigilli</span> <span class='ocrx_word' id='word_1_27' title='bbox 1365 767 1473 833; x_wconf 85' lang='lat' dir='ltr'>nostri</span> 
     </span>
     <span class='ocr_line' id='line_1_5' title="bbox 323 873 1472 962; baseline -0.001 -21"><span class='ocrx_word' id='word_1_28' title='bbox 323 875 506 944; x_wconf 82' lang='lat' dir='ltr'>munimine</span> <span class='ocrx_word' id='word_1_29' title='bbox 521 877 702 943; x_wconf 89' lang='lat' dir='ltr'>roboratas.</span> <span class='ocrx_word' id='word_1_30' title='bbox 726 875 848 942; x_wconf 89' lang='lat' dir='ltr'>Datum</span> <span class='ocrx_word' id='word_1_31' title='bbox 864 875 955 962; x_wconf 89' lang='lat' dir='ltr'>apud</span> <span class='ocrx_word' id='word_1_32' title='bbox 971 873 1117 942; x_wconf 87' lang='lat' dir='ltr'>Vaskam</span> <span class='ocrx_word' id='word_1_33' title='bbox 1136 895 1222 942; x_wconf 91' lang='lat' dir='ltr'>anno</span> <span class='ocrx_word' id='word_1_34' title='bbox 1238 873 1384 941; x_wconf 87' lang='lat' dir='ltr'>Domini</span> <span class='ocrx_word' id='word_1_35' title='bbox 1402 873 1472 940; x_wconf 90' lang='lat' dir='ltr'>mil·</span> 
     </span>
     <span class='ocr_line' id='line_1_6' title="bbox 324 981 1472 1070; baseline -0.002 -21"><span class='ocrx_word' id='word_1_36' title='bbox 324 984 440 1051; x_wconf 82' lang='lat' dir='ltr'>lerimo</span> <span class='ocrx_word' id='word_1_37' title='bbox 474 981 694 1052; x_wconf 89' lang='lat' dir='ltr'>ducentesimo</span> <span class='ocrx_word' id='word_1_38' title='bbox 725 981 997 1068; x_wconf 87' lang='lat' dir='ltr'>quinquagesimo</span> <span class='ocrx_word' id='word_1_39' title='bbox 1030 983 1161 1070; x_wconf 90' lang='lat' dir='ltr'>quinto,</span> <span class='ocrx_word' id='word_1_40' title='bbox 1203 981 1340 1050; x_wconf 91' lang='lat' dir='ltr'>decimo</span> <span class='ocrx_word' id='word_1_41' title='bbox 1375 990 1472 1050; x_wconf 82' lang='lat' dir='ltr'>sexto</span> 
     </span>
     <span class='ocr_line' id='line_1_7' title="bbox 323 1090 1292 1179; baseline 0.002 -24"><span class='ocrx_word' id='word_1_42' title='bbox 323 1091 487 1158; x_wconf 80' lang='lat' dir='ltr'>kalendas</span> <span class='ocrx_word' id='word_1_43' title='bbox 503 1090 639 1179; x_wconf 84' lang='lat' dir='ltr'>Aprilis,</span> <span class='ocrx_word' id='word_1_44' title='bbox 657 1092 762 1177; x_wconf 84' lang='lat' dir='ltr'>Regni</span> <span class='ocrx_word' id='word_1_45' title='bbox 779 1100 887 1159; x_wconf 86' lang='lat' dir='ltr'>autem</span> <span class='ocrx_word' id='word_1_46' title='bbox 903 1091 1005 1160; x_wconf 87' lang='lat' dir='ltr'>nostri</span> <span class='ocrx_word' id='word_1_47' title='bbox 1022 1111 1107 1158; x_wconf 89' lang='lat' dir='ltr'>anno</span> <span class='ocrx_word' id='word_1_48' title='bbox 1125 1091 1292 1159; x_wconf 85' lang='lat' dir='ltr'>vicesimo.</span> 
     </span>
    </p>
   </div>
   <div class='ocr_carea' id='block_1_3' title="bbox 320 1289 1469 1445">
    <p class='ocr_par' dir='ltr' id='par_1_3' title="bbox 320 1289 1469 1445">
     <span class='ocr_line' id='line_1_8' title="bbox 320 1289 1469 1356; baseline -0.002 -16"><span class='ocrx_word' id='word_1_49' title='bbox 320 1289 464 1351; x_wconf 78' lang='lat' dir='ltr'>(Eredetie</span> <span class='ocrx_word' id='word_1_50' title='bbox 482 1289 666 1354; x_wconf 72' lang='lat' dir='ltr'>borhtrtydm</span> <span class='ocrx_word' id='word_1_51' title='bbox 686 1290 818 1354; x_wconf 82' lang='lat' dir='ltr'>melynelr</span> <span class='ocrx_word' id='word_1_52' title='bbox 837 1291 959 1356; x_wconf 85' lang='lat' dir='ltr'>pecsttjo</span> <span class='ocrx_word' id='word_1_53' title='bbox 978 1292 1120 1354; x_wconf 86' lang='lat' dir='ltr'>elveszett,</span> <span class='ocrx_word' id='word_1_54' title='bbox 1140 1307 1158 1341; x_wconf 86' lang='lat' dir='ltr'>a</span> <span class='ocrx_word' id='word_1_55' title='bbox 1176 1289 1266 1341; x_wconf 87' lang='lat' dir='ltr'>budai</span> <span class='ocrx_word' id='word_1_56' title='bbox 1289 1289 1352 1340; x_wconf 83' lang='lat' dir='ltr'>kir.</span> <span class='ocrx_word' id='word_1_57' title='bbox 1369 1289 1469 1339; x_wconf 82' lang='lat' dir='ltr'>kama-</span> 
     </span>
     <span class='ocr_line' id='line_1_9' title="bbox 548 1379 1233 1445; baseline 0 -15"><span class='ocrx_word' id='word_1_58' title='bbox 548 1380 592 1430; x_wconf 88' lang='lat' dir='ltr'>rai</span> <span class='ocrx_word' id='word_1_59' title='bbox 617 1379 792 1430; x_wconf 75' lang='lat' dir='ltr'>lertltdrnalr</span> <span class='ocrx_word' id='word_1_60' title='bbox 812 1380 980 1445; x_wconf 73' lang='lat' dir='ltr'>ngriabban</span> <span class='ocrx_word' id='word_1_61' title='bbox 999 1379 1061 1430; x_wconf 75' lang='lat' dir='ltr'>lert</span> <span class='ocrx_word' id='word_1_62' title='bbox 1081 1379 1233 1442; x_wconf 78' lang='lat' dir='ltr'>resztben.)</span> 
     </span>
    </p>
   </div>
   <div class='ocr_carea' id='block_1_4' title="bbox 852 2197 926 2265">
    <p class='ocr_par' dir='ltr' id='par_1_4' title="bbox 852 2197 926 2265">
     <span class='ocr_line' id='line_1_10' title="bbox 852 2197 926 2265; baseline -0.014 -1"><span class='ocrx_word' id='word_1_63' title='bbox 852 2197 926 2265; x_wconf 83' lang='lat'><strong>288.</strong></span> 
     </span>
    </p>
   </div>
   <div class='ocr_carea' id='block_1_5' title="bbox 320 2381 1538 2784">
    <p class='ocr_par' dir='ltr' id='par_1_5' title="bbox 323 2381 1538 2482">
     <span class='ocr_line' id='line_1_11' title="bbox 323 2381 1538 2482; baseline -0.001 -23"><span class='ocrx_word' id='word_1_64' title='bbox 323 2397 344 2459; x_wconf 85' lang='grc' dir='ltr'><em>Ι</em></span> <span class='ocrx_word' id='word_1_65' title='bbox 350 2395 381 2464; x_wconf 89' lang='lat' dir='ltr'>V.</span> <span class='ocrx_word' id='word_1_66' title='bbox 399 2395 481 2460; x_wconf 83' lang='lat' dir='ltr'>Be&#39;la</span> <span class='ocrx_word' id='word_1_67' title='bbox 496 2395 676 2482; x_wconf 73' lang='lat' dir='ltr'>kirdlynak</span> <span class='ocrx_word' id='word_1_68' title='bbox 709 2418 790 2462; x_wconf 75' lang='lat' dir='ltr'>aron</span> <span class='ocrx_word' id='word_1_69' title='bbox 823 2397 1032 2480; x_wconf 73' lang='lat' dir='ltr'>lotdrp&#39;a&#39;ro&#39;et</span> <span class='ocrx_word' id='word_1_70' title='bbox 1061 2396 1251 2482; x_wconf 76' lang='lat' dir='ltr'>moperdoito&#39;</span> <span class='ocrx_word' id='word_1_71' title='bbox 1283 2397 1457 2479; x_wconf 77' lang='lat' dir='ltr'>olomdayn,</span> <span class='ocrx_word' id='word_1_72' title='bbox 1537 2381 1538 2397; x_wconf 53' lang='lat'>³</span> 
     </span>
    </p>

    <p class='ocr_par' dir='ltr' id='par_1_6' title="bbox 320 2503 1458 2592">
     <span class='ocr_line' id='line_1_12' title="bbox 320 2503 1458 2592; baseline 0.003 -27"><span class='ocrx_word' id='word_1_73' title='bbox 320 2503 469 2588; x_wconf 76' lang='lat' dir='ltr'>oeclplyel</span> <span class='ocrx_word' id='word_1_74' title='bbox 484 2505 610 2571; x_wconf 77' lang='lat' dir='ltr'>Henrik</span> <span class='ocrx_word' id='word_1_75' title='bbox 626 2503 919 2592; x_wconf 69' lang='lat' dir='ltr'>somoqyisdispdn</span> <span class='ocrx_word' id='word_1_76' title='bbox 936 2506 968 2570; x_wconf 75' lang='lat' dir='ltr'>ds</span> <span class='ocrx_word' id='word_1_77' title='bbox 984 2528 1005 2568; x_wconf 86' lang='lat' dir='ltr'>a</span> <span class='ocrx_word' id='word_1_78' title='bbox 1020 2507 1273 2590; x_wconf 73' lang='lat' dir='ltr'>somopymagpei</span> <span class='ocrx_word' id='word_1_79' title='bbox 1283 2505 1458 2592; x_wconf 73' lang='lat' dir='ltr'>ocmspek,</span> 
     </span>
    </p>

    <p class='ocr_par' dir='ltr' id='par_1_7' title="bbox 320 2610 1457 2784">
     <span class='ocr_line' id='line_1_13' title="bbox 320 2610 1457 2698; baseline 0.001 -23"><span class='ocrx_word' id='word_1_80' title='bbox 320 2634 372 2675; x_wconf 85' lang='lat' dir='ltr'>so</span> <span class='ocrx_word' id='word_1_81' title='bbox 388 2611 642 2698; x_wconf 73' lang='lat' dir='ltr'>oomoyymoqyei</span> <span class='ocrx_word' id='word_1_82' title='bbox 664 2610 901 2697; x_wconf 72' lang='lat' dir='ltr'>odrjobbdpyolo</span> <span class='ocrx_word' id='word_1_83' title='bbox 915 2611 996 2678; x_wconf 72' lang='lat' dir='ltr'>ldzta&#39;</span> <span class='ocrx_word' id='word_1_84' title='bbox 1012 2610 1146 2676; x_wconf 79' lang='lat' dir='ltr'>tatorot</span> <span class='ocrx_word' id='word_1_85' title='bbox 1163 2610 1457 2698; x_wconf 73' lang='lat' dir='ltr'>azotolyozrataak.</span> 
     </span>
     <span class='ocr_line' id='line_1_14' title="bbox 827 2719 928 2784; baseline 0.01 -3"><span class='ocrx_word' id='word_1_86' title='bbox 827 2719 928 2784; x_wconf 81' lang='lat'><strong><em>1255.</em></strong></span> 
     </span>
    </p>
   </div>
   <div class='ocr_carea' id='block_1_6' title="bbox 290 2909 1537 4719">
    <p class='ocr_par' dir='ltr' id='par_1_8' title="bbox 314 2909 1537 3860">
     <span class='ocr_line' id='line_1_15' title="bbox 428 2909 1454 3000; baseline 0 -23"><span class='ocrx_word' id='word_1_87' title='bbox 428 2909 510 2979; x_wconf 91' lang='lat' dir='ltr'>Bela</span> <span class='ocrx_word' id='word_1_88' title='bbox 526 2914 587 2980; x_wconf 89' lang='lat' dir='ltr'>Dei</span> <span class='ocrx_word' id='word_1_89' title='bbox 604 2913 718 2997; x_wconf 90' lang='lat' dir='ltr'>gracia</span> <span class='ocrx_word' id='word_1_90' title='bbox 734 2912 889 2998; x_wconf 88' lang='lat' dir='ltr'>Vngaric,</span> <span class='ocrx_word' id='word_1_91' title='bbox 905 2911 1087 3000; x_wconf 89' lang='lat' dir='ltr'>Dalmaeie,</span> <span class='ocrx_word' id='word_1_92' title='bbox 1099 2913 1242 2994; x_wconf 78' lang='lat' dir='ltr'>(lucceia,</span> <span class='ocrx_word' id='word_1_93' title='bbox 1252 2915 1370 2998; x_wconf 86' lang='lat' dir='ltr'>Rame,</span> <span class='ocrx_word' id='word_1_94' title='bbox 1380 2913 1454 2978; x_wconf 91' lang='lat' dir='ltr'>Ser·</span> 
     </span>
     <span class='ocr_line' id='line_1_16' title="bbox 318 3019 1452 3108; baseline -0.004 -20"><span class='ocrx_word' id='word_1_95' title='bbox 318 3021 381 3108; x_wconf 89' lang='lat' dir='ltr'>uie,</span> <span class='ocrx_word' id='word_1_96' title='bbox 407 3019 553 3104; x_wconf 81' lang='lat' dir='ltr'>Gallicis,</span> <span class='ocrx_word' id='word_1_97' title='bbox 577 3021 779 3099; x_wconf 83' lang='lat' dir='ltr'>Lodonerie,</span> <span class='ocrx_word' id='word_1_98' title='bbox 806 3019 1027 3106; x_wconf 81' lang='lat' dir='ltr'>Oumonieque</span> <span class='ocrx_word' id='word_1_99' title='bbox 1043 3021 1122 3098; x_wconf 85' lang='lat' dir='ltr'>Rex,</span> <span class='ocrx_word' id='word_1_100' title='bbox 1139 3023 1300 3090; x_wconf 85' lang='lat' dir='ltr'>universis</span> <span class='ocrx_word' id='word_1_101' title='bbox 1318 3039 1452 3106; x_wconf 89' lang='lat' dir='ltr'>presen-</span> 
     </span>
     <span class='ocr_line' id='line_1_17' title="bbox 320 3127 1452 3214; baseline -0.004 -17"><span class='ocrx_word' id='word_1_102' title='bbox 320 3138 370 3198; x_wconf 83' lang='lat' dir='ltr'>tes</span> <span class='ocrx_word' id='word_1_103' title='bbox 388 3129 501 3196; x_wconf 84' lang='lat' dir='ltr'>literas</span> <span class='ocrx_word' id='word_1_104' title='bbox 517 3127 709 3214; x_wconf 89' lang='lat' dir='ltr'>inspecturis</span> <span class='ocrx_word' id='word_1_105' title='bbox 725 3129 868 3195; x_wconf 89' lang='lat' dir='ltr'>salutem</span> <span class='ocrx_word' id='word_1_106' title='bbox 884 3128 918 3194; x_wconf 91' lang='lat' dir='ltr'>iu</span> <span class='ocrx_word' id='word_1_107' title='bbox 935 3149 984 3209; x_wconf 89' lang='lat' dir='ltr'>eo,</span> <span class='ocrx_word' id='word_1_108' title='bbox 1003 3127 1057 3212; x_wconf 88' lang='lat' dir='ltr'>qui</span> <span class='ocrx_word' id='word_1_109' title='bbox 1090 3137 1142 3196; x_wconf 90' lang='lat' dir='ltr'>est</span> <span class='ocrx_word' id='word_1_110' title='bbox 1173 3129 1264 3198; x_wconf 88' lang='lat' dir='ltr'>salus</span> <span class='ocrx_word' id='word_1_111' title='bbox 1296 3130 1452 3197; x_wconf 89' lang='lat' dir='ltr'>omnium.</span> 
     </span>
     <span class='ocr_line' id='line_1_18' title="bbox 317 3235 1451 3320; baseline -0.007 -12"><span class='ocrx_word' id='word_1_112' title='bbox 317 3236 424 3308; x_wconf 85' lang='lat' dir='ltr'>Officii</span> <span class='ocrx_word' id='word_1_113' title='bbox 454 3236 557 3304; x_wconf 90' lang='lat' dir='ltr'>nostri</span> <span class='ocrx_word' id='word_1_114' title='bbox 588 3235 731 3302; x_wconf 87' lang='lat' dir='ltr'>debitum</span> <span class='ocrx_word' id='word_1_115' title='bbox 759 3257 818 3303; x_wconf 91' lang='lat' dir='ltr'>nos</span> <span class='ocrx_word' id='word_1_116' title='bbox 834 3243 998 3302; x_wconf 88' lang='lat' dir='ltr'>ammonet</span> <span class='ocrx_word' id='word_1_117' title='bbox 1013 3235 1187 3320; x_wconf 84' lang='lat' dir='ltr'>invigilare</span> <span class='ocrx_word' id='word_1_118' title='bbox 1204 3235 1361 3304; x_wconf 87' lang='lat' dir='ltr'>remediis</span> <span class='ocrx_word' id='word_1_119' title='bbox 1378 3237 1451 3303; x_wconf 88' lang='lat' dir='ltr'>sub·</span> 
     </span>
     <span class='ocr_line' id='line_1_19' title="bbox 315 3341 1448 3431; baseline -0.001 -22"><span class='ocrx_word' id='word_1_120' title='bbox 315 3345 485 3431; x_wconf 79' lang='lat' dir='ltr'>lectorum,</span> <span class='ocrx_word' id='word_1_121' title='bbox 502 3345 580 3428; x_wconf 90' lang='lat' dir='ltr'>quia</span> <span class='ocrx_word' id='word_1_122' title='bbox 596 3341 672 3408; x_wconf 90' lang='lat' dir='ltr'>dum</span> <span class='ocrx_word' id='word_1_123' title='bbox 690 3362 801 3409; x_wconf 90' lang='lat' dir='ltr'>corum</span> <span class='ocrx_word' id='word_1_124' title='bbox 818 3341 1000 3410; x_wconf 87' lang='lat' dir='ltr'>excutimus</span> <span class='ocrx_word' id='word_1_125' title='bbox 1025 3341 1160 3428; x_wconf 85' lang='lat' dir='ltr'>honera,</span> <span class='ocrx_word' id='word_1_126' title='bbox 1177 3342 1252 3410; x_wconf 90' lang='lat' dir='ltr'>dum</span> <span class='ocrx_word' id='word_1_127' title='bbox 1285 3341 1448 3410; x_wconf 86' lang='lat' dir='ltr'>scandala</span> 
     </span>
     <span class='ocr_line' id='line_1_20' title="bbox 314 3446 1443 3536; baseline -0.004 -18"><span class='ocrx_word' id='word_1_128' title='bbox 314 3470 524 3536; x_wconf 86' lang='lat' dir='ltr'>removemus,</span> <span class='ocrx_word' id='word_1_129' title='bbox 539 3469 600 3518; x_wconf 86' lang='lat' dir='ltr'>nos</span> <span class='ocrx_word' id='word_1_130' title='bbox 615 3449 649 3516; x_wconf 93' lang='lat' dir='ltr'>in</span> <span class='ocrx_word' id='word_1_131' title='bbox 666 3449 808 3535; x_wconf 89' lang='lat' dir='ltr'>ipsorum</span> <span class='ocrx_word' id='word_1_132' title='bbox 835 3448 943 3532; x_wconf 87' lang='lat' dir='ltr'>quiete</span> <span class='ocrx_word' id='word_1_133' title='bbox 959 3446 1156 3533; x_wconf 77' lang='lat' dir='ltr'>quiescimus</span> <span class='ocrx_word' id='word_1_134' title='bbox 1175 3455 1208 3515; x_wconf 88' lang='lat' dir='ltr'>et</span> <span class='ocrx_word' id='word_1_135' title='bbox 1223 3450 1316 3535; x_wconf 89' lang='lat' dir='ltr'>pacis</span> <span class='ocrx_word' id='word_1_136' title='bbox 1334 3469 1443 3519; x_wconf 90' lang='lat' dir='ltr'>eornm</span> 
     </span>
     <span class='ocr_line' id='line_1_21' title="bbox 315 3555 1537 3644; baseline -0.003 -18"><span class='ocrx_word' id='word_1_137' title='bbox 315 3559 484 3628; x_wconf 89' lang='lat' dir='ltr'>commodo</span> <span class='ocrx_word' id='word_1_138' title='bbox 516 3557 729 3644; x_wconf 84' lang='lat' dir='ltr'>gratulamur.</span> <span class='ocrx_word' id='word_1_139' title='bbox 761 3557 904 3623; x_wconf 87' lang='lat' dir='ltr'>Proinde</span> <span class='ocrx_word' id='word_1_140' title='bbox 921 3555 963 3623; x_wconf 91' lang='lat' dir='ltr'>ad</span> <span class='ocrx_word' id='word_1_141' title='bbox 989 3557 1214 3626; x_wconf 81' lang='lat' dir='ltr'>universorum</span> <span class='ocrx_word' id='word_1_142' title='bbox 1229 3557 1386 3624; x_wconf 86' lang='lat' dir='ltr'>noticiam</span> <span class='ocrx_word' id='word_1_143' title='bbox 1402 3561 1445 3622; x_wconf 90' lang='lat' dir='ltr'>te·</span> <span class='ocrx_word' id='word_1_144' title='bbox 1536 3579 1537 3636; x_wconf 73' lang='lat' dir='ltr'>j</span> 
     </span>
     <span class='ocr_line' id='line_1_22' title="bbox 317 3663 1444 3753; baseline -0.005 -19"><span class='ocrx_word' id='word_1_145' title='bbox 317 3687 396 3734; x_wconf 88' lang='lat' dir='ltr'>nore</span> <span class='ocrx_word' id='word_1_146' title='bbox 412 3665 614 3753; x_wconf 89' lang='lat' dir='ltr'>presencium</span> <span class='ocrx_word' id='word_1_147' title='bbox 642 3666 794 3732; x_wconf 85' lang='lat' dir='ltr'>volumus</span> <span class='ocrx_word' id='word_1_148' title='bbox 810 3663 1002 3751; x_wconf 74' lang='lat' dir='ltr'>pervenire,</span> <span class='ocrx_word' id='word_1_149' title='bbox 1026 3663 1114 3748; x_wconf 90' lang='lat' dir='ltr'>quod</span> <span class='ocrx_word' id='word_1_150' title='bbox 1130 3684 1203 3732; x_wconf 90' lang='lat' dir='ltr'>cum</span> <span class='ocrx_word' id='word_1_151' title='bbox 1218 3665 1301 3732; x_wconf 92' lang='lat' dir='ltr'>inter</span> <span class='ocrx_word' id='word_1_152' title='bbox 1335 3663 1444 3730; x_wconf 87' lang='lat' dir='ltr'>Herri·</span> 
     </span>
     <span class='ocr_line' id='line_1_23' title="bbox 314 3770 1444 3860; baseline -0.006 -18"><span class='ocrx_word' id='word_1_153' title='bbox 314 3794 387 3842; x_wconf 89' lang='lat' dir='ltr'>cum</span> <span class='ocrx_word' id='word_1_154' title='bbox 419 3771 577 3842; x_wconf 83' lang='lat' dir='ltr'>Oomitem</span> <span class='ocrx_word' id='word_1_155' title='bbox 608 3771 848 3860; x_wconf 84' lang='lat' dir='ltr'>Symigiensem</span> <span class='ocrx_word' id='word_1_156' title='bbox 881 3770 1033 3838; x_wconf 89' lang='lat' dir='ltr'>dilectum</span> <span class='ocrx_word' id='word_1_157' title='bbox 1051 3777 1085 3838; x_wconf 89' lang='lat' dir='ltr'>ct</span> <span class='ocrx_word' id='word_1_158' title='bbox 1100 3771 1226 3839; x_wconf 83' lang='lat' dir='ltr'>fidelem</span> <span class='ocrx_word' id='word_1_159' title='bbox 1251 3775 1444 3839; x_wconf 85' lang='lat' dir='ltr'>nostramet</span> 
     </span>
    </p>

    <p class='ocr_par' dir='ltr' id='par_1_9' title="bbox 293 3878 1443 4181">
     <span class='ocr_line' id='line_1_24' title="bbox 293 3878 1440 3969; baseline -0.003 -20"><span class='ocrx_word' id='word_1_160' title='bbox 293 3929 297 3934; x_wconf 31' lang='lat' dir='ltr'>v</span> <span class='ocrx_word' id='word_1_161' title='bbox 313 3889 496 3952; x_wconf 85' lang='lat' dir='ltr'>castrenses</span> <span class='ocrx_word' id='word_1_162' title='bbox 513 3880 619 3950; x_wconf 83' lang='lat' dir='ltr'>Oastri</span> <span class='ocrx_word' id='word_1_163' title='bbox 635 3881 855 3966; x_wconf 77' lang='lat' dir='ltr'>symigiensis</span> <span class='ocrx_word' id='word_1_164' title='bbox 871 3880 905 3946; x_wconf 89' lang='lat' dir='ltr'>in</span> <span class='ocrx_word' id='word_1_165' title='bbox 923 3878 1026 3964; x_wconf 80' lang='lat' dir='ltr'>Garig</span> <span class='ocrx_word' id='word_1_166' title='bbox 1042 3898 1083 3945; x_wconf 87' lang='lat' dir='ltr'>ex</span> <span class='ocrx_word' id='word_1_167' title='bbox 1099 3899 1166 3946; x_wconf 87' lang='lat' dir='ltr'>nna</span> <span class='ocrx_word' id='word_1_168' title='bbox 1181 3899 1270 3969; x_wconf 86' lang='lat' dir='ltr'>pare,</span> <span class='ocrx_word' id='word_1_169' title='bbox 1289 3887 1323 3946; x_wconf 87' lang='lat' dir='ltr'>ot</span> <span class='ocrx_word' id='word_1_170' title='bbox 1350 3880 1440 3949; x_wconf 88' lang='lat' dir='ltr'>iuba·</span> 
     </span>
     <span class='ocr_line' id='line_1_25' title="bbox 313 3984 1443 4073; baseline -0.002 -20"><span class='ocrx_word' id='word_1_171' title='bbox 313 3987 428 4072; x_wconf 89' lang='lat' dir='ltr'>giones</span> <span class='ocrx_word' id='word_1_172' title='bbox 444 3989 551 4056; x_wconf 72' lang='lat' dir='ltr'>castri</span> <span class='ocrx_word' id='word_1_173' title='bbox 567 3986 782 4073; x_wconf 81' lang='lat' dir='ltr'>Symigieusis</span> <span class='ocrx_word' id='word_1_174' title='bbox 798 3985 832 4054; x_wconf 94' lang='lat' dir='ltr'>in</span> <span class='ocrx_word' id='word_1_175' title='bbox 850 3984 953 4070; x_wconf 78' lang='lat' dir='ltr'>Garig</span> <span class='ocrx_word' id='word_1_176' title='bbox 968 3985 1145 4054; x_wconf 86' lang='lat' dir='ltr'>existentes</span> <span class='ocrx_word' id='word_1_177' title='bbox 1161 4005 1202 4053; x_wconf 89' lang='lat' dir='ltr'>ox</span> <span class='ocrx_word' id='word_1_178' title='bbox 1217 3987 1335 4068; x_wconf 88' lang='lat' dir='ltr'>altera,</span> <span class='ocrx_word' id='word_1_179' title='bbox 1353 3987 1408 4073; x_wconf 88' lang='lat' dir='ltr'>qni</span> <span class='ocrx_word' id='word_1_180' title='bbox 1422 4005 1443 4051; x_wconf 92' lang='lat' dir='ltr'>a</span> 
     </span>
     <span class='ocr_line' id='line_1_26' title="bbox 310 4093 1442 4181; baseline -0.005 -19"><span class='ocrx_word' id='word_1_181' title='bbox 310 4103 459 4181; x_wconf 87' lang='lat' dir='ltr'>temporo</span> <span class='ocrx_word' id='word_1_182' title='bbox 473 4093 575 4181; x_wconf 89' lang='lat' dir='ltr'>Regis</span> <span class='ocrx_word' id='word_1_183' title='bbox 592 4095 761 4163; x_wconf 82' lang='lat' dir='ltr'>Oolomani</span> <span class='ocrx_word' id='word_1_184' title='bbox 777 4095 890 4162; x_wconf 84' lang='lat' dir='ltr'>fratris</span> <span class='ocrx_word' id='word_1_185' title='bbox 905 4095 1011 4164; x_wconf 89' lang='lat' dir='ltr'>nostri</span> <span class='ocrx_word' id='word_1_186' title='bbox 1026 4093 1135 4163; x_wconf 85' lang='lat' dir='ltr'>felicis</span> <span class='ocrx_word' id='word_1_187' title='bbox 1151 4095 1393 4163; x_wconf 87' lang='lat' dir='ltr'>recordacionis</span> <span class='ocrx_word' id='word_1_188' title='bbox 1410 4099 1442 4159; x_wconf 89' lang='lat' dir='ltr'>et</span> 
     </span>
    </p>

    <p class='ocr_par' dir='ltr' id='par_1_10' title="bbox 291 4200 1441 4503">
     <span class='ocr_line' id='line_1_27' title="bbox 291 4200 1441 4291; baseline -0.003 -20"><span class='ocrx_word' id='word_1_189' title='bbox 291 4255 295 4262; x_wconf 87' lang='lat'><em>.</em></span> <span class='ocrx_word' id='word_1_190' title='bbox 312 4209 388 4272; x_wconf 90' lang='lat' dir='ltr'>ante</span> <span class='ocrx_word' id='word_1_191' title='bbox 403 4203 438 4271; x_wconf 92' lang='lat' dir='ltr'>in</span> <span class='ocrx_word' id='word_1_192' title='bbox 454 4200 557 4286; x_wconf 80' lang='lat' dir='ltr'>Garig</span> <span class='ocrx_word' id='word_1_193' title='bbox 572 4207 678 4269; x_wconf 85' lang='lat' dir='ltr'>terras</span> <span class='ocrx_word' id='word_1_194' title='bbox 693 4201 919 4291; x_wconf 86' lang='lat' dir='ltr'>possederant,</span> <span class='ocrx_word' id='word_1_195' title='bbox 936 4221 1036 4287; x_wconf 86' lang='lat' dir='ltr'>snper</span> <span class='ocrx_word' id='word_1_196' title='bbox 1050 4201 1197 4269; x_wconf 88' lang='lat' dir='ltr'>terminis</span> <span class='ocrx_word' id='word_1_197' title='bbox 1214 4209 1377 4270; x_wconf 87' lang='lat' dir='ltr'>terrarum</span> <span class='ocrx_word' id='word_1_198' title='bbox 1393 4219 1441 4268; x_wconf 90' lang='lat' dir='ltr'>sn·</span> 
     </span>
     <span class='ocr_line' id='line_1_28' title="bbox 311 4309 1440 4396; baseline -0.001 -18"><span class='ocrx_word' id='word_1_199' title='bbox 311 4331 403 4378; x_wconf 89' lang='lat' dir='ltr'>arnrn</span> <span class='ocrx_word' id='word_1_200' title='bbox 433 4309 468 4378; x_wconf 93' lang='lat' dir='ltr'>in</span> <span class='ocrx_word' id='word_1_201' title='bbox 498 4315 644 4378; x_wconf 88' lang='lat' dir='ltr'>nostram</span> <span class='ocrx_word' id='word_1_202' title='bbox 675 4310 880 4396; x_wconf 88' lang='lat' dir='ltr'>presenciam</span> <span class='ocrx_word' id='word_1_203' title='bbox 912 4309 1040 4393; x_wconf 84' lang='lat' dir='ltr'>questio</span> <span class='ocrx_word' id='word_1_204' title='bbox 1071 4313 1261 4396; x_wconf 80' lang='lat' dir='ltr'>verteretur,</span> <span class='ocrx_word' id='word_1_205' title='bbox 1294 4309 1440 4377; x_wconf 86' lang='lat' dir='ltr'>volentos</span> 
     </span>
     <span class='ocr_line' id='line_1_29' title="bbox 307 4415 1437 4503; baseline -0.005 -17"><span class='ocrx_word' id='word_1_206' title='bbox 307 4418 502 4486; x_wconf 88' lang='lat' dir='ltr'>scandalum</span> <span class='ocrx_word' id='word_1_207' title='bbox 519 4437 576 4486; x_wconf 87' lang='lat' dir='ltr'>sen</span> <span class='ocrx_word' id='word_1_208' title='bbox 593 4417 792 4486; x_wconf 88' lang='lat' dir='ltr'>discordiam</span> <span class='ocrx_word' id='word_1_209' title='bbox 808 4418 925 4486; x_wconf 89' lang='lat' dir='ltr'>tollere</span> <span class='ocrx_word' id='word_1_210' title='bbox 940 4417 983 4486; x_wconf 85' lang='lat' dir='ltr'>de</span> <span class='ocrx_word' id='word_1_211' title='bbox 998 4416 1106 4486; x_wconf 92' lang='lat' dir='ltr'>medio</span> <span class='ocrx_word' id='word_1_212' title='bbox 1132 4416 1328 4503; x_wconf 85' lang='lat' dir='ltr'>corumdem,</span> <span class='ocrx_word' id='word_1_213' title='bbox 1347 4437 1390 4485; x_wconf 90' lang='lat' dir='ltr'>ne</span> <span class='ocrx_word' id='word_1_214' title='bbox 1404 4415 1437 4482; x_wconf 95' lang='lat' dir='ltr'>in</span> 
     </span>
    </p>

    <p class='ocr_par' dir='ltr' id='par_1_11' title="bbox 293 4521 1433 4613">
     <span class='ocr_line' id='line_1_30' title="bbox 293 4521 1433 4613; baseline 0.002 -27"><span class='ocrx_word' id='word_1_215' title='bbox 293 4531 411 4593; x_wconf 76' lang='lat' dir='ltr'>antea</span> <span class='ocrx_word' id='word_1_216' title='bbox 451 4531 626 4610; x_wconf 76' lang='lat' dir='ltr'>gravemur</span> <span class='ocrx_word' id='word_1_217' title='bbox 658 4525 825 4595; x_wconf 85' lang='lat' dir='ltr'>laboribus</span> <span class='ocrx_word' id='word_1_218' title='bbox 841 4533 874 4595; x_wconf 88' lang='lat' dir='ltr'>et</span> <span class='ocrx_word' id='word_1_219' title='bbox 906 4526 1070 4613; x_wconf 84' lang='lat' dir='ltr'>expensis,</span> <span class='ocrx_word' id='word_1_220' title='bbox 1106 4521 1227 4594; x_wconf 86' lang='lat' dir='ltr'>dictum</span> <span class='ocrx_word' id='word_1_221' title='bbox 1258 4522 1433 4593; x_wconf 89' lang='lat' dir='ltr'>Henricum</span> 
     </span>
    </p>

    <p class='ocr_par' dir='ltr' id='par_1_12' title="bbox 290 4630 1435 4719">
     <span class='ocr_line' id='line_1_31' title="bbox 290 4630 1435 4719; baseline 0.001 -22"><span class='ocrx_word' id='word_1_222' title='bbox 290 4631 482 4718; x_wconf 50' lang='lat' dir='ltr'>*Comitem</span> <span class='ocrx_word' id='word_1_223' title='bbox 500 4632 554 4716; x_wconf 89' lang='lat' dir='ltr'>qni</span> <span class='ocrx_word' id='word_1_224' title='bbox 571 4631 640 4697; x_wconf 89' lang='lat' dir='ltr'>vice</span> <span class='ocrx_word' id='word_1_225' title='bbox 657 4653 717 4700; x_wconf 91' lang='lat' dir='ltr'>sna</span> <span class='ocrx_word' id='word_1_226' title='bbox 732 4633 951 4719; x_wconf 86' lang='lat' dir='ltr'>Paugraoium</span> <span class='ocrx_word' id='word_1_227' title='bbox 968 4631 1142 4704; x_wconf 84' lang='lat' dir='ltr'>officialem</span> <span class='ocrx_word' id='word_1_228' title='bbox 1162 4651 1255 4701; x_wconf 89' lang='lat' dir='ltr'>suum</span> <span class='ocrx_word' id='word_1_229' title='bbox 1272 4630 1314 4699; x_wconf 89' lang='lat' dir='ltr'>de</span> <span class='ocrx_word' id='word_1_230' title='bbox 1330 4630 1435 4714; x_wconf 80' lang='lat' dir='ltr'>Garig</span> 
     </span>
    </p>
   </div>
   <div class='ocr_carea' id='block_1_7' title="bbox 0 0 1544 5146">
    <p class='ocr_par' dir='ltr' id='par_1_13' title="bbox 0 0 1544 5146">
     <span class='ocr_line' id='line_1_32' title="bbox 0 0 1544 5146; baseline 0 6"><span class='ocrx_word' id='word_1_231' title='bbox 0 0 1544 5146; x_wconf 95' lang='lat' dir='ltr'> </span> 
     </span>
    </p>
   </div>
  </div>
 </body>
</html>
