3078 5128
626 245 785 362 geo-

146 459 330 532 libertatem
346 457 498 544 babeant,
513 477 611 542 quam
627 457 819 528 Bistriensis
835 463 869 524 et
894 441 1084 526 Oiodieusis
1109 443 1268 523 Ecclesia·

144 589 212 638 rum
227 585 330 636 naues
358 563 551 632 babuerunt.
592 563 698 644 Quam
729 564 937 632 collationem
969 571 1002 630 et
1033 563 1216 632 libertatem
1248 583 1269 628 a

144 682 237 764 patre
252 681 363 743 nostro
378 679 410 740 et
424 693 445 740 a
460 673 556 740 uobis
572 671 768 742 Monosterio
784 677 894 740 uestro
911 689 1100 740 concessam
1126 689 1213 738 nunc
1236 678 1269 739 et

143 787 175 852 iu
190 783 333 851 suturam
349 787 455 849 ratam
472 779 639 869 babemus,
658 789 691 849 et
708 802 749 850 ex
765 787 855 848 certa
869 778 1267 862 scientia'confir'mamus3

144 891 365 980 promittentes
381 909 440 976 per
455 909 515 957 nos
531 895 726 974 nostrosque
742 891 945 956 successores
961 905 1002 952 ea
1017 887 1127 955 omnia
1156 887 1268 955 obser·

143 1019 228 1086 aare,
244 1017 309 1082 que
324 996 477 1084 superius
502 1003 577 1064 sunt
608 1016 774 1083 expressa,
807 1003 841 1063 et
870 996 904 1061 in
935 995 1118 1082 priuilegijs
1149 995 1268 1064 uestris

143 1105 292 1173 similiter
306 1103 522 1172 continentur.
538 1103 683 1170 Etiurta
699 1101 974 1190 compositionem,
990 1121 1052 1186 que
1068 1103 1154 1172 inter
1168 1102 1267 1172 ‹lomi-

142 1215 215 1282 num
232 1212 391 1282 Jaccbum
407 1210 552 1281 Electum
569 1210 796 1280 Precestinum
807 1210 993 1297 Apostolioe
1002 1209 1100 1278 Sedis
1108 1211 1267 1298 Legatum

142 1341 181 1390 ex
195 1341 261 1389 una
277 1326 380 1408 parte,
397 1326 430 1388 et
444 1339 503 1386 nos
520 1338 561 1386 cx
577 1321 682 1386 altera
698 1318 835 1404 procide
850 1319 1043 1406 intercessit,
1054 1317 1266 1388 bancdmus

142 1429 233 1498 uobis
250 1435 284 1495 et
298 1427 417 1496 uestris
432 1427 679 1495 successoribus
694 1427 888 1512 libertatem,
905 1435 940 1494 st
956 1427 996 1494 de
1012 1427 1172 1513 predictis
1189 1428 1267 1496 sali-

141 1539 202 1606 bus
217 1535 262 1603 ad
276 1555 356 1604 usus
371 1540 498 1603 uestros
514 1536 655 1602 teneatis
671 1541 804 1621 tantum,
822 1542 977 1618 quantum
993 1533 1145 1605 Prelatus
1156 1545 1265 1606 uestm

141 1647 175 1713 iu
190 1645 302 1714 anima
316 1664 378 1713 sua
393 1641 513 1711 dixerit
529 1643 697 1732 salinarijs
710 1643 852 1728 nestris;
890 1643 989 1711 ceteri
1005 1664 1082 1712 vero
1108 1645 1166 1714 uel
1187 1667 1267 1734 pars

141 1753 296 1840 ipsorum,
313 1751 497 1818 cum‘uobis
513 1750 631 1818 luerint
645 1751 812 1838 persoluti,
831 1751 931 1817 libere
941 1757 973 1818 et
983 1751 1106 1836 absque
1116 1751 1267 1822 ullaeon·

142 1858 337 1928 tradictio'ue
355 1857 521 1927 attributo
538 1859 571 1926 in
588 1859 684 1928 domo
701 1865 811 1927 uestra
825 1857 886 1926 sub
903 1857 1014 1944 sigillo
1032 1859 1265 1929 salinariorum

141 1973 322 2037 nostrorum
338 1974 371 2036 et
385 1965 508 2034 Prolati
524 1969 637 2055 uestri,
653 1967 708 2052 qui
725 1987 782 2052 prc
799 1974 941 2056 tempore
966 1967 1073 2050 luerit,
1100 1967 1265 2057 deponan-

142 2085 204 2164 tur,
224 2073 428 2162 depositione
443 2081 613 2144 seruentur
629 2095 730 2159 usquc
747 2074 790 2143 ad
806 2079 942 2145 octauas
967 2074 1082 2144 Sancti
1106 2073 1267 2160 Stephani

140 2185 251 2269 Regis.
277 2185 320 2250 [dt
334 2187 411 2250 tunc
425 2183 470 2250 ab
486 2182 545 2250 illa
561 2183 733 2269 dicasque
749 2184 791 2252 ad
808 2183 1024 2251 Natiuitatem
1037 2183 1142 2252 'Beate
1157 2185 1265 2271 Uirgi-

140 2295 190 2364 nis
207 2292 312 2361 llarie
327 2291 481 2360 iaciemus
500 2291 593 2360 uobis
617 2293 703 2360 solui
728 2299 899 2378 argentum
930 2312 988 2378 pro
1018 2293 1151 2376 salibus,
1185 2313 1265 2378 quos

141 2411 217 2471 tunc
232 2397 323 2488 apud
338 2421 398 2470 uos
413 2398 551 2485 habetis,
569 2419 627 2485 pro
644 2400 789 2484 quolibet
804 2400 917 2466 timino
950 2400 1067 2468 salium
1098 2399 1265 2484 aquatico·

141 2531 209 2580 rum
224 2515 298 2602 octo
314 2527 454 2576 marcas.
470 2507 554 2574 Etsi
571 2508 605 2574 in
621 2507 679 2576 illo
696 2507 835 2576 termino
852 2527 911 2576 nos
929 2515 984 2576 aut
1001 2507 1147 2576 salinarii
1163 2511 1265 2578 nostri

141 2617 227 2686 sales
242 2616 335 2702 ipsos
351 2637 416 2684 non
433 2636 625 2704 emeremus,
653 2623 685 2683 et
701 2615 794 2684 uobis
812 2623 843 2682 et
858 2613 1004 2683 Ecclesic
1020 2623 1127 2686 aestro
1150 2637 1265 2704 argen-

141 2735 208 2793 tum
225 2723 402 2794 secuudum
420 2723 661 2792 extimationem
680 2723 859 2810 predictam
877 2744 941 2792 non
957 2724 1155 2810 solueremus
1173 2751 1181 2791 :
1213 2748 1267 2794 eu-

142 2843 217 2902 tunc
234 2831 322 2900 omni
339 2836 484 2919 tempore
500 2849 612 2898 omnes
627 2831 701 2898 illos
717 2831 803 2898 sales
818 2831 918 2898 libere
933 2831 968 2896 in
985 2833 1147 2920 proprium
1173 2854 1264 2902 usum

141 2939 289 3011 lleclmie
303 2947 410 3008 cestre
427 2939 628 3026 percipiatis,
646 2945 678 3007 et
695 2938 846 3008 uendatis
863 2940 955 3008 iuxta
972 2945 1078 3008 uestre
1097 2941 1266 3010 arbitrium

143 3047 331 3120 uoluntatis.
354 3047 395 3113 Et
410 3065 504 3115 omne
519 3047 654 3134 lucrum,
679 3045 763 3132 quod
789 3045 980 3115 deberemus
1006 3067 1066 3115 nos
1096 3049 1149 3114 nel
1181 3049 1266 3118 alius

140 3157 218 3248 ilex,
235 3157 291 3244 qui
308 3173 367 3243 pro
384 3165 529 3240 tempore
545 3153 648 3241 luerit,
665 3155 717 3223 uel
735 3155 799 3243 ipsi
816 3155 963 3240 salinarij
982 3154 1058 3222 inde
1083 3156 1264 3246 percipere,

142 3267 288 3335 totaliter
303 3262 398 3334 cedat
414 3263 448 3330 in
464 3281 542 3332 usus
559 3263 704 3330 Ecclesie
721 3267 837 3348 uestre,
852 3281 914 3330 nec
937 3281 959 3327 a
983 3260 1154 3347 salinarijs
1184 3261 1266 3350 ipsis

140 3372 306 3442 ueteribus
322 3373 374 3441 uel
390 3371 496 3459 noum,
511 3377 568 3437 aut
584 3371 661 3456 alijs
679 3373 828 3456 personis
845 3370 1068 3456 permittemus
1084 3391 1143 3439 uos
1170 3371 1265 3440 modo

141 3483 252 3568 aliquo
267 3481 442 3566 molestari,
470 3499 529 3546 nec
554 3478 690 3564 nosipsi
723 3479 984 3565 molestabimns3
1009 3477 1086 3564 quic
1118 3480 1264 3566 possitis,

141 3589 293 3676 quicquid
309 3587 402 3657 uobis
418 3586 586 3674 placuerit,
602 3585 708 3656 iacere
724 3606 853 3674 semper
877 3585 919 3654 de
943 3586 1069 3655 salibus
1100 3586 1191 3676 ipsis,
1223 3611 1265 3658 ex

141 3719 202 3785 quo
218 3699 254 3766 in
271 3693 358 3764 dicto
373 3694 511 3763 termino
527 3715 591 3764 non
608 3693 705 3762 suerit
722 3693 813 3762 uobis
831 3693 1158 3780 pecuniaperscluta.
1176 3696 1266 3766 ldem

141 3804 278 3878 dicimus
294 3802 335 3870 de
350 3802 492 3870 seeundo
507 3801 652 3886 termino,
669 3799 825 3868 uidelicet
842 3799 928 3886 quod
945 3798 1056 3866 alesta
1068 3801 1160 3888 Beatj
1171 3803 1265 3874 Nico·

139 3911 183 3979 lai
198 3929 303 3996 usque
320 3907 363 3975 ad
376 3908 492 3977 testum
510 3907 602 3991 Beatj
622 3906 745 3974 Thome
760 3907 910 3990 Apostoli
927 3927 985 3994 pro
1011 3907 1144 3995 salibus,
1176 3931 1258 3995 quos

141 4021 173 4088 iu
187 4020 285 4088 domo
301 4025 414 4086 uestra
430 4015 518 4102 apud
534 4036 593 4084 uos
609 4014 783 4102 habebitis,
801 4015 859 4082 sub
892 4015 1002 4100 sigillo
1034 4015 1265 4088 salinariorum

143 4135 173 4196 et
187 4126 310 4196 Prclati
326 4125 436 4212 uestri,
445 4124 603 4192 iaciemus
620 4124 714 4192 uobis
730 4123 812 4191 solui
829 4130 1000 4208 argeutum
1017 4125 1193 4195 secundum
1211 4147 1264 4196 ex·

142 4235 338 4305 timetionem
355 4232 504 4320 superius
521 4240 721 4300 annotatam.
763 4230 859 4310 Quod
876 4230 904 4299 si
921 4230 1042 4300 iactum
1058 4253 1124 4300 non
1157 4235 1265 4320 suerit,

143 4342 283 4412 uolumus
300 4343 386 4428 quod
402 4340 489 4408 idem
505 4341 572 4428 tiat,
590 4341 677 4424 quod
703 4340 735 4407 in
766 4359 847 4408 casu
880 4337 1039 4425 superiori
1069 4340 1110 4406 de
1142 4342 1266 4412 salibus

145 4449 234 4536 primi
249 4447 377 4537 terminj
396 4449 518 4516 dictum
536 4456 594 4518 est.
619 4447 800 4534 Argentum
818 4467 906 4534 uero,
923 4447 1012 4533 quod
1042 4448 1136 4516 uobis
1168 4450 1264 4519 iacie-

147 4571 214 4630 mus
228 4558 381 4648 percolui,
398 4559 461 4627 erit
477 4558 510 4625 in
527 4559 620 4628 tonis
645 4555 816 4647 trixaticis,
848 4555 901 4624 uel
933 4556 966 4624 in
997 4564 1141 4646 argento,
1173 4560 1266 4634 euius

1098 4663 1161 4744 tt·

1153 4749 1162 4779 t
