3120 5148
798 303 959 398 ‘use-

314 497 424 564 nnllus
439 496 615 563 secundum
633 496 849 563 assercionem
867 494 1098 580 pristaldornm
1127 495 1323 581 supradictis
1348 497 1454 562 metis

315 603 528 688 contradixit;
552 603 648 670 affuit
663 604 766 671 eciam
782 603 891 669 Pousa
908 602 1009 669 frater
1025 601 1207 688 supradicti
1234 601 1357 688 Endos,
1389 601 1449 684 qui
1552 595 1553 670 ξ

317 712 464 797 predium
482 712 562 778 illud
572 711 728 796 uendidit,
740 721 771 777 ct
782 709 839 795 alij
850 730 947 794 quam
958 711 1079 794 plnres,
1091 729 1223 793 quornm
1235 707 1369 775 nomina
1378 712 1450 776 lon·
1552 749 1553 774 2

316 839 391 903 gum
408 827 457 886 est
474 839 638 886 enarrare.
662 817 705 884 Et
720 837 762 884 nc
779 819 820 884 de
836 825 941 884 cetero
958 836 1055 902 super
1087 816 1148 884 hoc
1180 817 1291 901 aliqua
1321 823 1450 884 contro·
1552 835 1553 904 j

318 929 426 994 uersia
442 927 547 1012 possit
562 925 652 1006 oriri,
670 925 792 1010 placuit
808 933 874 992 tem
892 924 1070 1011 pristaldis,
1102 942 1201 1006 quam
1218 924 1376 1008 partibus,
1412 932 1448 991 vt

317 1033 377 1100 hoc
393 1034 576 1101 testimonio
593 1039 704 1100 nostro
720 1031 912 1099 firmaretur.
952 1031 995 1097 Vt
1011 1031 1110 1115 igitur
1126 1032 1187 1098 hoc
1204 1037 1359 1117 perpetue
1376 1041 1447 1098 sta-

316 1139 452 1208 bilitatis
470 1141 567 1206 robur
581 1139 735 1226 optineat,
749 1160 810 1206 nos
827 1139 869 1204 ad
886 1137 1082 1224 peticionem
1108 1138 1249 1222 ipsorum
1276 1147 1450 1222 presentes
1552 1123 1553 1198 s

316 1249 443 1315 litteras
460 1249 568 1333 sigillo
586 1247 730 1332 Capituli
747 1249 850 1314 nostri
867 1249 1080 1314 communitas
1097 1245 1194 1312 huius
1220 1246 1267 1312 rei
1299 1249 1449 1316 testimo-

318 1358 407 1422 nium
424 1357 633 1441 perhibentes
649 1357 744 1422 Petro
762 1355 965 1438 contulimus,
982 1363 1136 1440 rogantes
1169 1361 1202 1420 et
1233 1356 1449 1424 obsecrantes
1552 1345 1553 1352 ἵ

315 1465 349 1528 in
365 1465 516 1550 Domino,
533 1463 662 1548 nequis
679 1461 853 1528 eorundem
870 1462 1055 1528 testimonio
1074 1460 1296 1529 contradicere
1330 1483 1449 1546 presu-

317 1577 394 1634 mat.
411 1569 527 1635 Actum
543 1575 593 1635 est
608 1568 667 1633 hoc
684 1588 770 1636 anno
785 1567 956 1634 Dominice
972 1569 1218 1634 lucarnaoicnis
1246 1569 1374 1635 ΜῦΟΟολ
1393 1570 1452 1637 de

318 1676 401 1741 cimo
417 1675 563 1762 septimo,
581 1675 764 1742 indiccione
779 1676 905 1759 quinta,
922 1684 1040 1758 epacta
1055 1676 1113 1740 XI.
1125 1682 1335 1743 concurrente
1345 1685 1452 1745 sexto.

320 1781 460 1850 Domino
476 1803 515 1848 ac
532 1789 623 1868 patre
640 1790 750 1850 nostro
766 1783 893 1849 Caleno
909 1782 1251 1867 Quinqueecclesiensi
1283 1783 1454 1853 kathedre

318 1888 456 1955 feliciter
471 1889 655 1976 presidente
668 1913 674 1974 ;
700 1889 862 1976 Tyburoic
878 1889 1048 1973 Proposito
1064 1889 1105 1957 de
1120 1891 1250 1972 Posoga
1276 1893 1451 1970 existente,

317 1996 509 2064 Lodomcrio
526 1999 693 2082 Preposito
708 1997 819 2064 Sancti
835 1997 996 2064 iohannis
1014 2005 1045 2064 et
1063 1997 1309 2083 Archydiacono
1325 1998 1367 2066 de
1384 2001 1455 2066 Ba-

318 2125 432 2192 ranya,
458 2106 616 2173 Michaele
633 2106 798 2189 Hospitali
815 2105 982 2190 Magistro,
1010 2105 1189 2171 laurencio
1208 2105 1358 2188 Cantore,
1393 2109 1452 2174 Jo-

319 2213 425 2278 hanne
439 2212 687 2300 Archydiacono
705 2211 746 2277 de
761 2213 877 2296 Tolna,
896 2213 1005 2279 Paske
1021 2209 1268 2297 Archydiacone
1293 2211 1334 2279 de
1361 2211 1456 2298 Ony-

318 2320 417 2403 uagh,
434 2318 556 2386 (larino
571 2320 818 2406 Archydiacono
835 2320 875 2385 de
891 2319 1049 2404 Marciis,
1067 2319 1456 2406 JacoboArchydiacono
1552 2367 1553 2396 1

321 2423 360 2490 de
377 2427 509 2513 Wathy,
542 2429 635 2492 Petro
652 2427 904 2513 Archydiaconc
921 2427 963 2494 de
988 2427 1117 2506 walto,
1151 2427 1301 2494 Johanne
1325 2427 1457 2516 Archy·
1552 2461 1553 2468 κ

320 2533 458 2600 diacono
475 2535 516 2600 dc
532 2535 658 2620 Regun,
676 2534 816 2618 Georgia
833 2536 982 2602 Custode.

323 2729 359 2791 (A
377 2731 454 2794 pecsi
473 2732 665 2796 kaptalannak
687 2735 799 2784 1350·lri
820 2734 979 2785 »lohannes
999 2735 1073 2784 filius
1093 2733 1175 2784 Pauli
1188 2732 1221 2782 de
1234 2735 1456 2786 Zenthelsebeth

322 2821 355 2872 de
374 2835 474 2886 genere
494 2822 590 2873 Gewr«
610 2824 722 2875 kiadott
742 2826 894 2876 ttiratabol
913 2841 930 2875 a
941 2825 1027 2875 budei
1040 2826 1093 2876 kir.
1108 2827 1237 2876 kamaraci
1250 2827 1454 2892 levelterban.)

858 3645 912 3711 99.

322 3844 364 3906 II.
390 3843 497 3906 Eodre
514 3842 688 3928 lcc'rcilyuale
715 3841 822 3906 Greeks
847 3846 1091 3928 herodiorsza'pi
1118 3843 1272 3928 helyae'pel
1298 3848 1462 3927 tdrpyozo

321 3951 506 4034 odomo'nya
524 3949 624 4015 Gaesi
640 3950 780 4016 Pontias
798 3951 1039 4034 teutplornrcadi
1047 3950 1212 4036 fdouccter,
1231 3973 1246 4015 a
1262 3974 1283 4012 a
1300 3971 1462 4035 Μαργαν-

428 4061 557 4142 orszcipc'
574 4061 605 4122 e'e
620 4059 800 4124 sclavonici
816 4059 1047 4142 tetraplasiccolc
1063 4061 1221 4122 ezdrndro.
1247 4057 1342 4120 1219.

429 4255 467 4320 In
511 4254 640 4320 nomine
680 4253 799 4319 Sancte
829 4253 999 4320 Trinitatis
1031 4259 1063 4318 et
1094 4249 1269 4318 Indiuidua
1299 4251 1462 4320 Unitatis.

321 4361 471 4428 Andreas
487 4361 549 4428 Dei
567 4363 681 4444 gracia
697 4357 855 4446 Ungarie,
872 4361 1051 4445 Dalmacie,
1069 4359 1213 4446 Orcecie,
1231 4360 1344 4444 Reme,
1377 4358 1461 4425 Ser·

322 4469 383 4555 nic,
400 4468 549 4555 Gallicis,
566 4465 821 4550 Lodomerieque
837 4469 904 4534 Rex
921 4468 954 4532 in
970 4473 1171 4553 perpetuum.
1196 4466 1275 4532 Cam
1293 4485 1334 4530 ex
1348 4464 1458 4548 Regis
1552 4519 1553 4524 η

321 4577 446 4658 Regum
462 4573 647 4640 testimonio
663 4577 758 4658 plene
774 4575 1031 4660 cognoverimus,
1051 4573 1217 4644 immunda
1233 4591 1360 4656 queque
1388 4591 1456 4658 per
1552 4637 1553 4642 ,
