3080 5146
794 289 957 392 *me*

310 487 468 574 Consilio,
486 486 618 556 Veleius
633 483 817 573 Bladimiri,
832 486 953 555 Petrus
967 485 1149 575 Balislave,
1162 486 1324 554 Bnbanna
1344 487 1454 576 Petri,

309 598 425 666 Petrus
441 595 559 682 Srette,
576 591 1255 680 MmgatiaLampri,0ulenoarriphouis,
1270 593 1453 680 Lapremo,

310 704 459 772 Calenda
505 700 651 786 (berneto,
683 699 868 766 Dommaua
898 699 1073 788 Gnerrerii,
1105 700 1249 768 Michael
1288 700 1450 782 Buraole,

311 812 454 882 Methias
469 809 612 894 Balatie,
623 806 798 876 Paschalis
814 807 988 896 Theodori,
1015 810 1132 876 Petrus
1147 807 1280 894 Mathai,
1297 809 1454 876 Joannes

311 918 514 1006 Pecnrarins,
544 915 720 983 Velcassus
751 915 901 999 Joannis,
932 917 1080 983 Lucerus
1111 913 1265 1001 carente,
1291 917 1452 984 Andreas

310 1027 424 1113 Zrere,
439 1026 558 1092 Petrus
587 1023 726 1092 Joannis
741 1023 900 1110 Bogdeni,
918 1025 1061 1090 Petrana
1077 1021 1119 1091 de
1134 1023 1262 1106 Bouda,
1293 1025 1451 1092 Marinus

308 1133 452 1218 Biuzole,
497 1129 667 1199 Dimitrius
699 1129 739 1196 de
769 1131 892 1214 Menae,
923 1132 1041 1199 Sersus
1066 1131 1255 1219 Clementis,
1271 1130 1449 1199 Mattheus

309 1243 448 1328 Veresti,
494 1239 644 1307 Andreas
690 1238 842 1323 Benesse,
882 1239 1038 1307 Proculus
1083 1236 1235 1325 Michael,
1281 1245 1315 1304 et
1345 1239 1451 1305 ceteri

311 1346 509 1432 Consiliarii,
541 1353 574 1414 et
590 1364 650 1412 nos
681 1345 868 1412 universnm
900 1345 1077 1412 Commune
1101 1346 1271 1429 Ragusine
1286 1345 1451 1414 Civitatis

309 1457 548 1528 committentes
596 1452 826 1521 committimus
874 1453 966 1520 vobis
996 1473 1137 1538 namque
1167 1453 1334 1522 nobilibus
1367 1455 1452 1524 viris

313 1567 468 1635 Dobrsne
499 1561 542 1629 de
574 1557 780 1647 Lampredio,
810 1555 916 1626 Oerne
932 1558 972 1626 de
988 1559 1118 1643 Vitana,
1135 1559 1303 1626 'theodoro
1321 1559 1365 1628 de
1387 1562 1451 1628 Bo·

311 1675 402 1741 batia
417 1678 451 1738 et
480 1666 637 1737 Goislaro
668 1664 832 1736 Theodori
863 1663 995 1752 Orossii,
1028 1666 1157 1735 dilectis
1188 1669 1385 1738 concivibus
1417 1675 1451 1736 et

311 1779 434 1848 nuntiis
473 1775 604 1861 nostris,
636 1781 669 1844 et
699 1776 830 1861 plenam
870 1774 1130 1842 commissionem
1160 1775 1253 1844 vobis
1283 1774 1440 1860 facimus,

313 1886 510 1974 plenamque
540 1882 693 1949 virtutem
711 1887 744 1948 et
759 1885 951 1966 potestatem
969 1880 1062 1948 vobis
1078 1880 1204 1967 damus,
1220 1889 1265 1964 ut,
1287 1879 1448 1966 quicquid

311 2015 371 2065 vos
387 1987 537 2060 dixeritis
553 1989 607 2058 vel
636 1987 780 2056 feceritis
796 1990 850 2056 vel
866 1971 1044 2056 statueritis
1069 2009 1128 2056 sen
1143 1988 1351 2056 firmareritis
1368 2009 1446 2057 curn

314 2103 445 2174 domino
460 2103 572 2165 nostro
588 2097 681 2164 Dncc
696 2095 909 2163 Venetiamm
925 2101 958 2162 et
974 2115 1032 2162 suo
1049 2095 1203 2181 Consilio,
1219 2103 1252 2162 et
1267 2117 1327 2164 nos
1343 2095 1448 2163 babe-

311 2211 420 2280 bimus
450 2206 574 2272 murum
607 2208 640 2270 et
669 2208 784 2269 retum.
816 2203 857 2268 Et
888 2201 932 2268 ad
963 2201 1034 2290 boc,
1067 2203 1164 2292 quod,
1195 2203 1352 2288 quicquid
1384 2222 1445 2270 ros

311 2313 528 2408 prenominati
543 2309 647 2379 nuntii
663 2311 766 2378 nostri
791 2307 941 2376 dixeritis
957 2310 1010 2376 rel
1026 2309 1204 2378 statueritis
1220 2331 1279 2378 seu
1294 2309 1448 2378 firmare·

310 2423 383 2494 ritis
413 2440 486 2489 oum
516 2414 646 2484 domino
676 2423 790 2485 nostro
819 2417 910 2482 Duce
927 2416 1137 2483 Venetiarnm
1161 2423 1195 2483 et
1210 2436 1269 2484 sno
1294 2415 1447 2484 Consilio

312 2529 531 2608 venetiarum,
563 2543 623 2592 nos
654 2521 872 2610 prenominati
902 2522 1048 2611 dedicas,
1065 2523 1250 2592 Consiliarii
1266 2531 1299 2592 et
1314 2524 1448 2592 univer·

312 2657 384 2708 sum
401 2633 576 2701 Commune
590 2631 758 2718 Ragusine
774 2631 923 2700 Civitatis
940 2632 1066 2700 firmum
1082 2641 1115 2700 ct
1129 2641 1238 2700 ratum
1253 2632 1447 2701 habeamus.

420 2739 607 2808 Marobolus
623 2739 666 2808 de
683 2739 825 2826 Ursatio,
849 2740 984 2807 duratus
1016 2739 1168 2810 vicarius
1199 2746 1318 2826 noster,
1344 2760 1448 2827 super

312 2849 442 2922 animas
472 2853 603 2917 nostras
635 2853 669 2915 ct
684 2847 827 2918 omnium
843 2849 1012 2915 hominnm
1027 2847 1165 2934 Ragusii
1182 2855 1214 2917 et
1229 2868 1328 2933 snper
1344 2869 1443 2917 suum

312 2959 456 3028 animam
501 2975 563 3041 per
606 2961 753 3023 nostram
798 2955 1004 3024 voluntatem
1036 2955 1080 3023 ad
1109 2955 1329 3026 Sacrosancta
1374 2955 1440 3025 Dei

312 3063 499 3151 Evangelia
513 3063 637 3132 iurarit
652 3069 687 3131 et
702 3063 877 3132 affirmarit
892 3063 965 3130 boo.

420 3157 491 3240 Hec
520 3177 631 3238 autem
661 3179 754 3239 carta
784 3171 1024 3259 commissionis
1054 3177 1088 3240 et
1118 3170 1293 3258 potestatis
1322 3171 1360 3238 in
1385 3191 1448 3240 sna

233 3273 236 3278 ’
311 3281 465 3349 firmitate
496 3283 697 3365 permaneat,
730 3285 763 3346 et
793 3281 884 3348 nullo
916 3279 1103 3349 testimonio
1119 3280 1226 3365 rumpi
1241 3279 1358 3366 possit.
1374 3283 1448 3364 Ego

314 3389 491 3476 Presbyter
519 3386 691 3455 Pasobalis
717 3393 749 3454 et
765 3388 952 3456 Communis
977 3389 1112 3474 Ragusii
1128 3387 1282 3456 Notarius
1298 3389 1447 3478 Juratns,

313 3497 453 3582 scriptor
469 3513 542 3563 sum
559 3499 592 3561 et
606 3492 712 3584 testis,
728 3495 856 3582 scripsi,
873 3496 1034 3584 compleri
1050 3503 1083 3564 et
1098 3495 1249 3564 roboravi
1278 3494 1448 3582 solitoque

313 3607 410 3690 signo
425 3599 564 3688 signari.

420 3710 503 3778 Item
535 3705 684 3778 dominus
708 3709 784 3776 Dux
799 3707 843 3776 ad
858 3709 1048 3798 petitionem
1065 3730 1176 3780 eorum
1200 3709 1448 3798 condescendit,

312 3828 346 3888 et
360 3815 533 3886 concordia
562 3819 596 3884 et
612 3822 745 3905 pactum
776 3837 880 3904 usque
896 3819 940 3886 ad
955 3826 1020 3887 tres
1047 3839 1152 3887 annos
1168 3827 1201 3888 et
1215 3827 1344 3888 tantum
1360 3823 1446 3908 plns,

314 3930 473 4012 quantum
503 3924 656 3994 voluntas
687 3923 810 3993 domini
841 3925 942 3996 Ducis
982 3926 1193 3996 Venetiamm
1224 3925 1332 4020 inerit,
1358 3930 1449 4000 inter

314 4041 489 4119 utramque
518 4039 646 4119 partem
676 4033 790 4101 initum
805 4040 856 4104 cst
872 4041 906 4102 et
934 4035 1100 4105 firmatum
1115 4035 1150 4103 in
1165 4035 1252 4104 hunc
1282 4037 1446 4107 modum:

312 4139 382 4210 Nos
428 4125 666 4226 Regusinorum
697 4141 804 4211 nuntii
833 4143 900 4210 iam
933 4143 1024 4229 dicti,
1056 4165 1116 4233 per
1139 4143 1319 4215 commune
1333 4153 1450 4216 nostre

313 4247 465 4319 Civitatis
480 4247 677 4340 transmissi,
686 4269 708 4318 a
717 4269 781 4336 qno
798 4251 860 4319 fait
874 4253 1012 4339 provida
1023 4252 1258 4322 deliberatione
1273 4253 1447 4324 inventum
1528 4289 1529 4346 r

313 4375 373 4445 pro
390 4377 439 4443 eo,
456 4358 544 4444 quod
560 4364 648 4428 terre
663 4366 776 4430 nostre
792 4359 920 4430 videtur
934 4360 1112 4450 plurimum
1127 4363 1340 4452 fructuosum,
1358 4367 1448 4452 quod

314 4463 525 4534 Venetiamm
542 4466 695 4535 Dominio
710 4467 932 4556 subderemus,
948 4469 1099 4557 petimus,
1116 4475 1152 4539 nt
1163 4469 1258 4540 nobis
1273 4470 1318 4539 ad
1334 4473 1452 4544 volun·
1527 4511 1528 4554 ς

314 4577 416 4641 tatem
432 4581 575 4644 vestram
590 4573 746 4644 (tomitem
777 4575 973 4647 concedatis.
987 4577 1058 4646 Her
1083 4579 1181 4668 enim,
1196 4597 1258 4665 quc
1273 4580 1448 4653 contineu-

1516 4787 1527 5080 i
