3150 5162
130 1231 258 1296 Mdria
275 1227 426 1316 kirdlynd
439 1230 617 1315 ereperdeo'ti
636 1227 820 1294 oztaoicta
836 1228 1270 1318 helyodqdotctrezabdlyozd.

252 1342 302 1402 odt
319 1338 387 1403 toto
402 1337 649 1423 Poodparneqyei
663 1333 858 1422 octrjobbdpp
884 1340 1043 1403 szdmdra.
1068 1338 1164 1404 1258.

252 1533 361 1600 Maria
374 1531 437 1598 Dei
462 1531 576 1615 gracia
600 1529 728 1614 Regina
758 1529 927 1615 Hungaric
956 1530 1119 1598 uniuersis
1151 1529 1271 1600 Christi

133 1637 296 1706 fidelibus
310 1637 514 1724 presencium
531 1637 684 1705 noticiam
700 1637 861 1705 habituris
877 1639 1017 1704 salutem
1035 1639 1068 1705 in
1085 1639 1199 1707 salutis
1209 1640 1272 1706 lar·

137 1747 261 1831 gitore.
285 1743 371 1822 Quia
384 1764 442 1831 por
456 1750 635 1829 temporum
651 1745 842 1812 varietatem
859 1753 891 1810 et
908 1741 1069 1828 Comitum
1085 1747 1126 1814 dc
1142 1747 1272 1830 Posoga

139 1852 312 1936 quondam
328 1851 545 1919 mutacioucm
560 1850 672 1926 tidetcs
688 1850 879 1934 iobe'gioncs
895 1851 996 1918 nostri
1012 1852 1045 1918 in
1071 1851 1183 1920 codem
1215 1854 1274 1920 Oo-

138 1961 261 2027 mitutu
276 1965 380 2026 terras
396 1963 543 2026 tenentes
559 1977 655 2044 snper
686 1958 781 2024 terris
811 1957 880 2026 suis
912 1959 1180 2048 molestabantur,
1212 1981 1273 2030 nec

139 2073 296 2152 poterant
311 2086 333 2131 o
349 2065 446 2148 longo
462 2068 607 2150 tempore
622 2063 768 2149 legitime
782 2083 953 2148 possessas
984 2085 1042 2151 per
1072 2068 1272 2153 calumpnia·

139 2181 250 2241 torum
266 2170 530 2242 machinamenta
547 2171 655 2254 quicto
671 2180 704 2238 et
734 2171 872 2257 pacifice
901 2171 1073 2257 possidere
1087 2195 1095 2256 ;
1119 2171 1271 2255 frequens

141 2280 294 2366 ipsorum
310 2298 373 2346 nos
401 2276 581 2364 suplicacio
611 2276 772 2362 inuitauit,
803 2283 839 2344 vt
868 2285 987 2344 terram
1019 2276 1272 2361 uniuscuiusque

141 2387 290 2474 ipsorum
306 2390 417 2453 nostro
434 2385 644 2470 dignoremur
660 2385 833 2470 priuilegio
850 2385 1049 2452 confirmare.
1059 2385 1179 2452 Verum
1197 2384 1272 2468 quio

143 2517 213 2564 non
230 2493 508 2580 pleneconstubat
516 2493 609 2561 nobis
620 2491 661 2560 de
671 2493 852 2576 quantitate
863 2500 948 2560 terre
958 2493 1102 2579 ipsorum
1121 2501 1153 2560 ct
1167 2494 1273 2580 metis,
1381 2519 1383 2524 ·

145 2603 265 2687 quibus
281 2621 474 2686 unaqueque
489 2602 632 2688 ipsorum
650 2600 847 2686 cingebatur,
863 2600 939 2666 fidei
956 2607 987 2668 et
1003 2599 1178 2684 diligencie
1194 2597 1273 2666 fido·

143 2711 186 2778 lis
202 2712 306 2778 nostri
324 2707 443 2794 Gyleth
459 2709 541 2776 Taw
558 2745 598 2756 -
612 2743 651 2756 -
667 2747 705 2760 -
719 2749 762 2760 -
778 2707 882 2774 incliti
898 2708 1039 2776 dominis
1056 2709 1157 2777 nostri
1172 2705 1273 2793 Regis

27 2897 30 2906 Δ
145 2817 318 2900 Hungaric
333 2823 366 2884 et
382 2815 515 2883 Comitis
531 2815 765 2882 Buchuriorum
780 2821 968 2882 nostrorum
985 2815 1210 2899 commisimus,
1240 2820 1274 2880 vt

146 2925 222 3010 ipsc
238 2942 337 3008 super
352 2943 612 3007 unamquamque
628 2922 770 3008 ipsorum
787 2929 943 2988 terrarum
959 2921 1274 3008 persenaliteracoe·

147 3033 230 3100 dens
245 3032 458 3116 quantitatem
475 3049 595 3116 eurum,
611 3049 692 3113 quas
708 3049 730 3096 a
745 3036 891 3115 tempore
906 3029 995 3096 clare
1026 3027 1179 3096 memorie
1210 3027 1273 3112 Vg·

147 3139 211 3206 rini
228 3137 438 3208 Golochensis
454 3137 703 3224 Archiepisoopi
719 3142 751 3224 et
766 3138 921 3221 deinceps
947 3155 1117 3221 possessus
1148 3136 1274 3218 inueni·

147 3255 200 3315 ret
214 3247 257 3315 ab
275 3245 332 3332 eis,
350 3246 444 3314 simut
460 3251 492 3312 et
507 3249 610 3312 metas
627 3245 812 3334 inspiceret,
841 3252 874 3310 ct
889 3245 981 3311 iuxta
997 3251 1101 3310 metus
1126 3240 1274 3326 antiquas

147 3354 243 3422 nouis
259 3353 375 3420 erectis
390 3357 511 3420 statum
535 3353 789 3435 uniuscuiusque
819 3359 906 3418 terre
935 3349 1029 3418 uobis
1060 3349 1127 3416 suis
1159 3347 1275 3414 titteris

148 3461 321 3530 intimaret.
344 3459 408 3538 oui
424 3459 579 3526 mandate
607 3465 639 3525 et
671 3459 928 3526 commissionem
960 3465 1104 3526 nostram
1135 3455 1275 3522 fideliter

149 3575 329 3652 exequutus
345 3567 488 3634 omnium
504 3566 718 3652 predictorum
734 3567 945 3649 iobagionum
959 3567 992 3632 in
1009 3565 1095 3632 dicto
1112 3563 1274 3632 Comitotu

149 3684 331 3762 atemporc
345 3673 484 3761 preteeti
499 3673 746 3760 Archiepiscopi
762 3673 948 3740 tencncium
965 3679 1076 3755 terras,
1092 3675 1276 3754 statumque

149 3784 293 3870 ipsarum
309 3791 467 3850 terrarum
483 3783 542 3849 sub
558 3801 617 3848 suo
634 3789 711 3848 noto
729 3788 760 3848 ct
776 3781 939 3848 autentico
956 3781 1062 3865 sigilio
1080 3779 1113 3844 in
1131 3777 1273 3861 quodam

150 3897 240 3958 carta
256 3892 402 3958 clausum
417 3888 512 3956 nobis
526 3888 717 3956 transmisit.
757 3887 846 3954 Inter
877 3907 959 3971 quas
990 3893 1109 3953 terrum
1141 3883 1272 3968 Belum,

150 3997 247 4066 Seue
262 4003 295 4065 et
320 3993 467 4063 Otroohk
499 3995 630 4063 nomine
661 3993 861 4081 Ozyowioha
891 3994 1032 4063 fidelium
1063 3994 1274 4078 iobagionum

149 4114 333 4173 nostrorum
350 4103 534 4171 tenencium
549 4110 693 4171 nostram
709 4103 770 4170 sub
785 4101 846 4169 hoo
862 4108 948 4171 statu
964 4109 997 4168 et
1012 4105 1072 4170 sub
1088 4101 1153 4186 hijs
1178 4098 1274 4164 metis

150 4211 335 4278 inuenimns
351 4209 580 4297 comprehendi
597 4235 605 4275 :
631 4211 741 4277 Prima
756 4208 914 4294 siquidem
932 4215 1017 4276 meta
1033 4216 1117 4276 terre
1144 4205 1274 4292 Betuch,

151 4319 248 4385 Sewa
265 4325 299 4386 ct
315 4317 460 4386 Otroohk
476 4316 590 4400 incipit
605 4317 647 4384 ab
663 4315 785 4384 oriente
800 4338 897 4404 super
912 4324 1031 4402 monte,
1049 4317 1105 4382 nbi
1122 4322 1170 4380 est
1188 4321 1275 4377 meta

151 4434 268 4512 terrea,
285 4431 317 4493 ct
333 4432 573 4494 commotaneus
591 4423 659 4493 eius
676 4431 726 4492 est
740 4425 887 4510 Bilotha;
913 4426 989 4491 inde
1006 4421 1207 4491 descendens
1219 4437 1276 4503 per

151 4533 287 4601 cundem
302 4541 442 4602 montom
459 4533 494 4598 in
508 4531 626 4600 semita
640 4551 754 4600 uersus
771 4532 941 4600 meridiem
957 4549 1057 4615 usquc
1074 4531 1159 4596 viam
1174 4549 1182 4612 ;
1199 4526 1277 4592 iude

151 4641 241 4712 radit
256 4641 299 4708 ad
315 4641 423 4730 pirum
438 4638 493 4708 ubi
510 4647 560 4709 est
576 4648 664 4708 meta
679 4647 794 4728 terrea,
819 4649 850 4712 ct
867 4647 1078 4712 commctotur
1094 4643 1178 4706 terro
1206 4653 1276 4726 pre·
