3080 5146
817 389 976 496 „Q

332 587 366 654 in
382 587 498 673 specie,
517 586 550 653 in
567 587 662 672 agnis
678 591 842 675 etapibns
858 591 1012 660 solvetis
1029 591 1146 680 speeie,
1164 600 1197 662 et
1213 595 1241 662 si
1268 594 1374 663 decem
1394 589 1433 662 rel

331 714 445 762 novem
461 695 615 782 compleri
632 715 696 764 uou
711 705 854 784 possent,
880 699 1038 766 rediment
1054 701 1230 769 secuudum
1255 701 1434 772 cousuetudi-

331 821 404 868 uem
420 803 596 889 provincie.
622 806 676 872 De
692 805 829 889 singulis
846 804 1004 874 custodiis
1020 789 1282 895 porcornmpque
1298 811 1383 878 oucol
1395 830 1435 876 ro·

334 916 456 998 cantur,
474 911 578 978 solvet
592 913 775 1000 polioham;
798 913 841 982 de
856 914 967 982 liberis
991 914 1077 984 villis
1103 915 1206 1002 ipsius
1239 919 1343 988 solvet
1370 918 1434 985 deci·

331 1037 402 1084 mas
434 1019 467 1086 in
492 1019 652 1108 frugibus,
678 1022 793 1109 vineis,
811 1022 917 1110 agnis,
934 1023 1050 1110 apibus
1065 1025 1159 1112 sieut,
1176 1024 1218 1092 de
1233 1025 1310 1093 aliis
1326 1024 1434 1112 populis
1520 1046 1521 1050 ¹

329 1127 409 1214 suls,
424 1132 456 1192 et
472 1126 554 1196 dnos
570 1125 721 1198 denarios
737 1129 779 1198 de
803 1129 940 1215 singulis
972 1133 1094 1216 portis3
1118 1131 1217 1220 kytas
1250 1139 1284 1200 et
1313 1131 1434 1217 gallinas

328 1253 391 1304 uon
425 1235 539 1308 solvet.
571 1235 774 1305 solucionem
801 1237 1002 1323 policharum
1018 1237 1058 1306 de
1073 1239 1224 1308 liberatis
1240 1240 1330 1309 riuis
1345 1239 1430 1326 ipsius

329 1341 494 1410 solvendis
510 1339 551 1409 ad
568 1343 763 1412 instanciam
780 1352 812 1412 et
827 1345 1009 1432 peticioncn
1025 1347 1128 1432 ipsius
1146 1347 1281 1415 Comitis
1308 1345 1430 1414 Hoholdi

327 1449 558 1536 perpetualiter
589 1449 790 1520 remiserunt.
819 1453 857 1518 In
873 1453 965 1520 cuius
982 1453 1029 1520 rei
1045 1455 1266 1522 testimoninm
1281 1461 1432 1542 presentes

326 1555 453 1623 litteras
470 1557 688 1626 concessimus
705 1558 806 1645 sigilli
823 1559 926 1627 nostri
943 1559 1120 1630 munimine
1135 1563 1314 1632 roboratas.
1332 1563 1432 1628 Datum

326 1663 488 1748 Zagrabie
503 1685 591 1732 anno
607 1665 738 1734 Domini
754 1665 877 1736 moon.
889 1672 990 1738 sexto.

434 1860 597 1930 (dialectos,
617 1863 741 1918 Monam.
761 1866 829 1922 hist.
847 1868 940 1936 Epire.
958 1869 1155 1938 Zagrabiensis
1165 1871 1187 1922 1.
1199 1871 1226 1923 k.
1240 1876 1298 1924 113.
1312 1872 1340 1936 l.)

754 2159 1021 2172 m

849 2697 925 2765 299.

321 2889 479 2980 Alcirdly
494 2893 575 2962 altat
590 2921 611 2961 a
629 2894 798 2983 corsoides
823 2895 1058 2964 cisszaodtclc'rc
1087 2895 1247 2964 discolore
1276 2897 1371 2962 took
1392 2889 1436 2977 ol,

321 3026 380 3092 epp
395 3006 509 3091 alodoyi
518 3000 629 3088 fatcor
644 3030 683 3071 oz
702 3003 851 3092 Oetffpulc
867 3003 931 3068 daei
948 3005 1042 3090 jopoe
1073 3003 1261 3072 birtolcdboo
1290 3001 1437 3092 lroppjrilc
1524 2993 1525 3028 r

841 3113 937 3178 1256.

425 3307 590 3377 Omodens
606 3307 667 3375 Dei
683 3306 797 3392 gracia
807 3307 987 3394 Episcopus
997 3306 1185 3394 leudensis,
1201 3309 1312 3376 Fenus
1322 3305 1437 3375 Dinina

316 3414 531 3486 miseracione
548 3416 661 3484 Abbns
678 3416 865 3500 llouasterij
883 3417 997 3484 Sancti
1013 3417 1145 3484 Martini
1162 3417 1204 3484 de
1219 3417 1319 3485 Sacro
1334 3417 1437 3482 Monte

320 3525 500 3612 Pannonio,
516 3524 632 3591 Comes
647 3521 788 3590 Abraam
805 3522 891 3590 lilius
907 3522 1031 3609 Benlre,
1048 3522 1210 3591 uniuersis
1227 3523 1347 3590 Christi
1362 3520 1436 3588 lide·

314 3625 400 3700 libus
416 3637 585 3719 presentes
601 3633 726 3698 litteras
742 3629 937 3718 inspecturis
954 3631 1092 3698 salutem
1123 3631 1157 3698 in
1189 3651 1268 3698 uero
1298 3627 1437 3698 salutari.

313 3739 434 3808 Vestra
449 3738 574 3808 nouerit
590 3737 798 3825 uniuersitas‚
814 3737 901 3822 qnod
918 3757 989 3807 cum
1005 3737 1040 3804 iu
1056 3737 1198 3805 diuersis
1225 3736 1435 3806 (lumitatilrus

314 3867 412 3934 snper
425 3845 619 3916 reuocandis
636 3849 669 3912 et
685 3845 894 3914 restituendis
910 3846 1005 3914 terris
1021 3867 1043 3913 a
1059 3845 1187 3913 Castris
1203 3845 1348 3914 indebite
1363 3845 1437 3912 alie-

313 3955 400 4022 natis
414 3977 436 4023 a
452 3954 583 4022 domiuo
601 3961 710 4022 nostro
726 3953 808 4021 Bela
831 3951 954 4021 Illustri
986 3955 1077 4036 Rege
1107 3951 1275 4038 Hungarie
1307 3952 1437 4022 Judiees

313 4063 385 4131 sine
401 4063 609 4148 inquisitores
625 4079 770 4130 essemus
785 4060 966 4148 constituti,
982 4067 1015 4129 et
1029 4061 1114 4128 inter
1128 4067 1254 4131 ceteros
1270 4061 1389 4130 Paulus
1399 4061 1439 4126 de

314 4170 413 4258 chor,
429 4172 532 4260 Bana,
547 4169 688 4257 Symeon
703 4167 788 4236 filins
805 4169 931 4254 Beleni,
950 4167 1146 4236 Benedictus
1162 4167 1245 4234 filins
1261 4167 1382 4254 Regno,
1401 4187 1439 4232 ac
1523 4203 1524 4214 κ

313 4279 412 4346 ceteri
428 4277 618 4362 iobagloues
645 4275 752 4344 Oestri
783 4273 902 4364 Persei,
934 4273 1157 4361 Benediotom,
1188 4273 1345 4342 «Iacobum
1378 4271 1439 4362 (et)
1523 4307 1524 4318 κ

313 4385 381 4472 Osi,
398 4383 484 4454 filios
500 4385 557 4455 Osl
576 4385 660 4453 Bani
677 4384 721 4452 ad
736 4390 880 4453 nostram
898 4383 1088 4450 citanissent
1104 4381 1318 4470 presenciam,
1334 4381 1438 4466 requi-

312 4499 420 4560 rentes
435 4495 478 4560 ab
494 4493 542 4560 eis
568 4491 732 4578 quandam
763 4497 884 4560 terram
914 4491 1045 4559 nomine
1076 4490 1117 4558 01
1147 4488 1364 4558 sufficientem
1398 4487 1439 4553 ad

312 4618 410 4665 nuum
427 4605 581 4683 aratrum,
595 4619 693 4683 qnam
709 4597 749 4666 de
764 4599 834 4666 iure
850 4597 955 4666 castri
971 4614 1044 4666 esse
1060 4596 1274 4682 assuebant3
1299 4595 1440 4683 predicti

312 4701 440 4768 nobiles
457 4703 705 4792 responderunt,
722 4706 806 4792 qnod
822 4706 895 4794 ipsa
910 4712 1005 4795 terra,
1023 4711 1056 4775 el
1081 4725 1144 4794 que
1174 4704 1353 4774 vocabatur
1386 4703 1438 4792 Ol,
