<?xml version="1.0" encoding="UTF-8"?>
<!DOCTYPE html PUBLIC "-//W3C//DTD XHTML 1.0 Transitional//EN"
    "http://www.w3.org/TR/xhtml1/DTD/xhtml1-transitional.dtd">
<html xmlns="http://www.w3.org/1999/xhtml" xml:lang="en" lang="en">
 <head>
  <title>
</title>
<meta http-equiv="Content-Type" content="text/html;charset=utf-8" />
  <meta name='ocr-system' content='tesseract 3.04.00' />
  <meta name='ocr-capabilities' content='ocr_page ocr_carea ocr_par ocr_line ocrx_word'/>
</head>
<body>
  <div class='ocr_page' id='page_1' title='image "./codexdiplomatic10wenzgoog_0549.png"; bbox 0 0 3150 5162; ppageno 0'>
   <div class='ocr_carea' id='block_1_1' title="bbox 766 283 926 381">
    <p class='ocr_par' dir='ltr' id='par_1_1' title="bbox 766 283 926 381">
     <span class='ocr_line' id='line_1_1' title="bbox 766 283 926 381; baseline 0 -35"><span class='ocrx_word' id='word_1_1' title='bbox 766 283 926 381; x_wconf 60' lang='lat' dir='ltr'><strong>—ms-</strong></span> 
     </span>
    </p>
   </div>
   <div class='ocr_carea' id='block_1_2' title="bbox 279 473 1474 4671">
    <p class='ocr_par' dir='ltr' id='par_1_2' title="bbox 279 473 1474 4671">
     <span class='ocr_line' id='line_1_2' title="bbox 283 473 1413 563; baseline 0.004 -23"><span class='ocrx_word' id='word_1_2' title='bbox 283 475 410 542; x_wconf 87' lang='lat' dir='ltr'><strong>solvere</strong></span> <span class='ocrx_word' id='word_1_3' title='bbox 441 481 473 544; x_wconf 85' lang='lat' dir='ltr'><strong>et</strong></span> <span class='ocrx_word' id='word_1_4' title='bbox 504 475 582 542; x_wconf 88' lang='lat' dir='ltr'><strong>dare</strong></span> <span class='ocrx_word' id='word_1_5' title='bbox 602 475 724 546; x_wconf 88' lang='lat' dir='ltr'><strong>debent</strong></span> <span class='ocrx_word' id='word_1_6' title='bbox 738 476 853 546; x_wconf 88' lang='lat' dir='ltr'><strong>Comes</strong></span> <span class='ocrx_word' id='word_1_7' title='bbox 870 476 1041 546; x_wconf 84' lang='lat' dir='ltr'><strong>Sebiuella</strong></span> <span class='ocrx_word' id='word_1_8' title='bbox 1056 476 1172 544; x_wconf 90' lang='lat' dir='ltr'><strong>eteius</strong></span> <span class='ocrx_word' id='word_1_9' title='bbox 1188 473 1248 542; x_wconf 89' lang='lat' dir='ltr'><strong>lilii</strong></span> <span class='ocrx_word' id='word_1_10' title='bbox 1269 475 1413 563; x_wconf 76' lang='lat' dir='ltr'><strong>predicti</strong></span> 
     </span>
     <span class='ocr_line' id='line_1_3' title="bbox 283 583 1408 674; baseline 0 -24"><span class='ocrx_word' id='word_1_11' title='bbox 283 591 316 650; x_wconf 91' lang='lat' dir='ltr'><strong>et</strong></span> <span class='ocrx_word' id='word_1_12' title='bbox 354 603 462 650; x_wconf 89' lang='lat' dir='ltr'><strong>eorum</strong></span> <span class='ocrx_word' id='word_1_13' title='bbox 502 585 648 674; x_wconf 86' lang='lat' dir='ltr'><strong>heredes,</strong></span> <span class='ocrx_word' id='word_1_14' title='bbox 688 587 805 670; x_wconf 89' lang='lat' dir='ltr'><strong>quibus</strong></span> <span class='ocrx_word' id='word_1_15' title='bbox 844 603 1001 653; x_wconf 88' lang='lat' dir='ltr'><strong>concessa</strong></span> <span class='ocrx_word' id='word_1_16' title='bbox 1041 589 1089 652; x_wconf 90' lang='lat' dir='ltr'><strong>est</strong></span> <span class='ocrx_word' id='word_1_17' title='bbox 1129 583 1286 650; x_wconf 79' lang='lat' dir='ltr'>medietas</span> <span class='ocrx_word' id='word_1_18' title='bbox 1326 583 1408 652; x_wconf 90' lang='lat' dir='ltr'><strong>dicti</strong></span> 
     </span>
     <span class='ocr_line' id='line_1_4' title="bbox 283 689 1413 779; baseline 0.004 -23"><span class='ocrx_word' id='word_1_19' title='bbox 283 689 471 779; x_wconf 76' lang='lat' dir='ltr'>Comitatus,</span> <span class='ocrx_word' id='word_1_20' title='bbox 496 698 529 759; x_wconf 89' lang='lat' dir='ltr'><strong>ct</strong></span> <span class='ocrx_word' id='word_1_21' title='bbox 558 693 656 762; x_wconf 86' lang='lat' dir='ltr'><strong>aliam</strong></span> <span class='ocrx_word' id='word_1_22' title='bbox 682 695 885 764; x_wconf 89' lang='lat' dir='ltr'><strong>medietatem</strong></span> <span class='ocrx_word' id='word_1_23' title='bbox 917 693 995 760; x_wconf 90' lang='lat' dir='ltr'><strong>dicti</strong></span> <span class='ocrx_word' id='word_1_24' title='bbox 1019 692 1222 776; x_wconf 83' lang='lat' dir='ltr'><strong>Frederieue,</strong></span> <span class='ocrx_word' id='word_1_25' title='bbox 1238 691 1413 760; x_wconf 85' lang='lat' dir='ltr'><strong>Bartholo-</strong></span> 
     </span>
     <span class='ocr_line' id='line_1_5' title="bbox 283 802 1413 892; baseline 0.001 -27"><span class='ocrx_word' id='word_1_26' title='bbox 283 819 374 870; x_wconf 89' lang='lat' dir='ltr'><strong>meus</strong></span> <span class='ocrx_word' id='word_1_27' title='bbox 390 809 423 869; x_wconf 89' lang='lat' dir='ltr'><strong>et</strong></span> <span class='ocrx_word' id='word_1_28' title='bbox 455 802 572 892; x_wconf 85' lang='lat' dir='ltr'><strong>Cuido,</strong></span> <span class='ocrx_word' id='word_1_29' title='bbox 604 811 761 872; x_wconf 89' lang='lat' dir='ltr'><strong>eteorum</strong></span> <span class='ocrx_word' id='word_1_30' title='bbox 792 806 927 874; x_wconf 85' lang='lat' dir='ltr'><strong>heredes</strong></span> <span class='ocrx_word' id='word_1_31' title='bbox 958 806 1085 874; x_wconf 88' lang='lat' dir='ltr'><strong>solvere</strong></span> <span class='ocrx_word' id='word_1_32' title='bbox 1111 811 1144 871; x_wconf 89' lang='lat' dir='ltr'><strong>et</strong></span> <span class='ocrx_word' id='word_1_33' title='bbox 1174 805 1255 872; x_wconf 89' lang='lat' dir='ltr'><strong>dare</strong></span> <span class='ocrx_word' id='word_1_34' title='bbox 1280 803 1413 888; x_wconf 86' lang='lat' dir='ltr'><strong>debent,</strong></span> 
     </span>
     <span class='ocr_line' id='line_1_6' title="bbox 283 904 1412 999; baseline 0.002 -26"><span class='ocrx_word' id='word_1_35' title='bbox 283 904 323 974; x_wconf 91' lang='lat' dir='ltr'><strong>de</strong></span> <span class='ocrx_word' id='word_1_36' title='bbox 339 910 459 992; x_wconf 92' lang='lat' dir='ltr'><strong>quibus</strong></span> <span class='ocrx_word' id='word_1_37' title='bbox 475 909 594 980; x_wconf 88' lang='lat' dir='ltr'><strong>babere</strong></span> <span class='ocrx_word' id='word_1_38' title='bbox 611 911 770 982; x_wconf 89' lang='lat' dir='ltr'><strong>debemus</strong></span> <span class='ocrx_word' id='word_1_39' title='bbox 788 934 847 982; x_wconf 91' lang='lat' dir='ltr'><strong>nos</strong></span> <span class='ocrx_word' id='word_1_40' title='bbox 857 913 933 981; x_wconf 88' lang='lat' dir='ltr'><strong>Dux</strong></span> <span class='ocrx_word' id='word_1_41' title='bbox 949 913 1137 999; x_wconf 87' lang='lat' dir='ltr'><strong>prosalario</strong></span> <span class='ocrx_word' id='word_1_42' title='bbox 1148 912 1412 980; x_wconf 87' lang='lat' dir='ltr'><strong>nobisconoesso</strong></span> 
     </span>
     <span class='ocr_line' id='line_1_7' title="bbox 284 1015 1416 1108; baseline 0.002 -28"><span class='ocrx_word' id='word_1_43' title='bbox 284 1015 387 1084; x_wconf 88' lang='lat' dir='ltr'><strong>libras</strong></span> <span class='ocrx_word' id='word_1_44' title='bbox 402 1017 635 1108; x_wconf 78' lang='lat' dir='ltr'><strong>septingentas,</strong></span> <span class='ocrx_word' id='word_1_45' title='bbox 648 1026 680 1086; x_wconf 92' lang='lat' dir='ltr'><strong>et</strong></span> <span class='ocrx_word' id='word_1_46' title='bbox 693 1021 795 1089; x_wconf 87' lang='lat' dir='ltr'><strong>libras</strong></span> <span class='ocrx_word' id='word_1_47' title='bbox 807 1020 964 1090; x_wconf 88' lang='lat' dir='ltr'><strong>ducentas</strong></span> <span class='ocrx_word' id='word_1_48' title='bbox 980 1022 1101 1089; x_wconf 89' lang='lat' dir='ltr'><strong>babere</strong></span> <span class='ocrx_word' id='word_1_49' title='bbox 1116 1019 1213 1088; x_wconf 90' lang='lat' dir='ltr'><strong>debet</strong></span> <span class='ocrx_word' id='word_1_50' title='bbox 1228 1019 1350 1087; x_wconf 91' lang='lat' dir='ltr'><strong>nobilis</strong></span> <span class='ocrx_word' id='word_1_51' title='bbox 1363 1017 1416 1084; x_wconf 85' lang='lat' dir='ltr'><strong>vir</strong></span> 
     </span>
     <span class='ocr_line' id='line_1_8' title="bbox 285 1122 1414 1214; baseline 0.003 -25"><span class='ocrx_word' id='word_1_52' title='bbox 285 1122 485 1194; x_wconf 87' lang='lat' dir='ltr'><strong>Laureneius</strong></span> <span class='ocrx_word' id='word_1_53' title='bbox 495 1127 640 1212; x_wconf 81' lang='lat' dir='ltr'><strong>Teupolo</strong></span> <span class='ocrx_word' id='word_1_54' title='bbox 651 1129 754 1196; x_wconf 91' lang='lat' dir='ltr'><strong>donec</strong></span> <span class='ocrx_word' id='word_1_55' title='bbox 763 1129 910 1214; x_wconf 81' lang='lat' dir='ltr'><strong>vicrerit,</strong></span> <span class='ocrx_word' id='word_1_56' title='bbox 928 1137 960 1196; x_wconf 92' lang='lat' dir='ltr'><strong>et</strong></span> <span class='ocrx_word' id='word_1_57' title='bbox 980 1149 1018 1196; x_wconf 92' lang='lat' dir='ltr'><strong>eo</strong></span> <span class='ocrx_word' id='word_1_58' title='bbox 1029 1127 1204 1196; x_wconf 81' lang='lat' dir='ltr'><strong>decedente</strong></span> <span class='ocrx_word' id='word_1_59' title='bbox 1219 1127 1254 1193; x_wconf 91' lang='lat' dir='ltr'><strong>in</strong></span> <span class='ocrx_word' id='word_1_60' title='bbox 1264 1125 1414 1193; x_wconf 90' lang='lat' dir='ltr'><strong>Commu-</strong></span> 
     </span>
     <span class='ocr_line' id='line_1_9' title="bbox 284 1231 1414 1306; baseline 0.004 -8"><span class='ocrx_word' id='word_1_61' title='bbox 284 1253 326 1300; x_wconf 88' lang='lat' dir='ltr'><strong>ne</strong></span> <span class='ocrx_word' id='word_1_62' title='bbox 342 1231 559 1302; x_wconf 77' lang='lat' dir='ltr'><strong>veneciarum</strong></span> <span class='ocrx_word' id='word_1_63' title='bbox 575 1236 661 1303; x_wconf 90' lang='lat' dir='ltr'><strong>dicte</strong></span> <span class='ocrx_word' id='word_1_64' title='bbox 677 1237 758 1302; x_wconf 83' lang='lat' dir='ltr'><strong>libre</strong></span> <span class='ocrx_word' id='word_1_65' title='bbox 784 1236 924 1306; x_wconf 89' lang='lat' dir='ltr'><strong>ducente</strong></span> <span class='ocrx_word' id='word_1_66' title='bbox 940 1236 1096 1303; x_wconf 85' lang='lat' dir='ltr'><strong>devenire</strong></span> <span class='ocrx_word' id='word_1_67' title='bbox 1112 1236 1239 1303; x_wconf 91' lang='lat' dir='ltr'><strong>debent</strong></span> <span class='ocrx_word' id='word_1_68' title='bbox 1256 1235 1414 1302; x_wconf 89' lang='lat' dir='ltr'><strong>Pretcrea</strong></span> 
     </span>
     <span class='ocr_line' id='line_1_10' title="bbox 284 1340 1416 1430; baseline 0 -23"><span class='ocrx_word' id='word_1_69' title='bbox 284 1340 553 1427; x_wconf 87' lang='lat' dir='ltr'><strong>quandocumque</strong></span> <span class='ocrx_word' id='word_1_70' title='bbox 562 1365 621 1430; x_wconf 91' lang='lat' dir='ltr'><strong>pro</strong></span> <span class='ocrx_word' id='word_1_71' title='bbox 632 1345 800 1412; x_wconf 88' lang='lat' dir='ltr'><strong>Communi</strong></span> <span class='ocrx_word' id='word_1_72' title='bbox 812 1345 1023 1412; x_wconf 89' lang='lat' dir='ltr'><strong>veneciarum</strong></span> <span class='ocrx_word' id='word_1_73' title='bbox 1032 1345 1244 1410; x_wconf 86' lang='lat' dir='ltr'><strong>armabuntur</strong></span> <span class='ocrx_word' id='word_1_74' title='bbox 1252 1343 1347 1427; x_wconf 82' lang='lat' dir='ltr'><strong>galee</strong></span> <span class='ocrx_word' id='word_1_75' title='bbox 1358 1341 1416 1408; x_wconf 89' lang='lat' dir='ltr'><strong>tri·</strong></span> 
     </span>
     <span class='ocr_line' id='line_1_11' title="bbox 284 1451 1415 1540; baseline 0.001 -23"><span class='ocrx_word' id='word_1_76' title='bbox 284 1451 376 1534; x_wconf 79' lang='lat' dir='ltr'><strong>ginta</strong></span> <span class='ocrx_word' id='word_1_77' title='bbox 391 1451 444 1518; x_wconf 91' lang='lat' dir='ltr'><strong>vcl</strong></span> <span class='ocrx_word' id='word_1_78' title='bbox 470 1472 492 1518; x_wconf 86' lang='lat' dir='ltr'><strong>a</strong></span> <span class='ocrx_word' id='word_1_79' title='bbox 516 1452 648 1536; x_wconf 82' lang='lat' dir='ltr'><strong>triginta</strong></span> <span class='ocrx_word' id='word_1_80' title='bbox 663 1454 822 1540; x_wconf 90' lang='lat' dir='ltr'><strong>superins,</strong></span> <span class='ocrx_word' id='word_1_81' title='bbox 839 1454 960 1521; x_wconf 89' lang='lat' dir='ltr'><strong>armari</strong></span> <span class='ocrx_word' id='word_1_82' title='bbox 976 1451 1095 1521; x_wconf 87' lang='lat' dir='ltr'><strong>debeat</strong></span> <span class='ocrx_word' id='word_1_83' title='bbox 1111 1472 1176 1520; x_wconf 91' lang='lat' dir='ltr'><strong>una</strong></span> <span class='ocrx_word' id='word_1_84' title='bbox 1188 1472 1247 1537; x_wconf 92' lang='lat' dir='ltr'><strong>per</strong></span> <span class='ocrx_word' id='word_1_85' title='bbox 1262 1451 1415 1518; x_wconf 89' lang='lat' dir='ltr'><strong>homines</strong></span> 
     </span>
     <span class='ocr_line' id='line_1_12' title="bbox 284 1557 1414 1648; baseline 0.001 -25"><span class='ocrx_word' id='word_1_86' title='bbox 284 1557 387 1643; x_wconf 91' lang='lat' dir='ltr'><strong>ipsius</strong></span> <span class='ocrx_word' id='word_1_87' title='bbox 398 1558 573 1628; x_wconf 78' lang='lat' dir='ltr'><strong>Comitatus</strong></span> <span class='ocrx_word' id='word_1_88' title='bbox 584 1580 693 1628; x_wconf 88' lang='lat' dir='ltr'><strong>eorum</strong></span> <span class='ocrx_word' id='word_1_89' title='bbox 714 1563 878 1648; x_wconf 77' lang='lat' dir='ltr'><strong>expensis,</strong></span> <span class='ocrx_word' id='word_1_90' title='bbox 893 1567 926 1630; x_wconf 89' lang='lat' dir='ltr'><strong>ct</strong></span> <span class='ocrx_word' id='word_1_91' title='bbox 942 1563 970 1628; x_wconf 91' lang='lat' dir='ltr'><strong>si</strong></span> <span class='ocrx_word' id='word_1_92' title='bbox 987 1560 1179 1645; x_wconf 76' lang='lat' dir='ltr'><strong>Magnitudo</strong></span> <span class='ocrx_word' id='word_1_93' title='bbox 1196 1561 1414 1628; x_wconf 89' lang='lat' dir='ltr'><strong>veneciarum</strong></span> 
     </span>
     <span class='ocr_line' id='line_1_13' title="bbox 284 1666 1414 1756; baseline 0 -24"><span class='ocrx_word' id='word_1_94' title='bbox 284 1666 343 1733; x_wconf 89' lang='lat' dir='ltr'><strong>ibit</strong></span> <span class='ocrx_word' id='word_1_95' title='bbox 358 1687 418 1752; x_wconf 92' lang='lat' dir='ltr'><strong>per</strong></span> <span class='ocrx_word' id='word_1_96' title='bbox 433 1668 642 1754; x_wconf 88' lang='lat' dir='ltr'><strong>partitionem</strong></span> <span class='ocrx_word' id='word_1_97' title='bbox 660 1667 693 1734; x_wconf 93' lang='lat' dir='ltr'><strong>in</strong></span> <span class='ocrx_word' id='word_1_98' title='bbox 712 1669 783 1756; x_wconf 89' lang='lat' dir='ltr'><strong>ipso</strong></span> <span class='ocrx_word' id='word_1_99' title='bbox 800 1668 952 1752; x_wconf 87' lang='lat' dir='ltr'><strong>exercitu,</strong></span> <span class='ocrx_word' id='word_1_100' title='bbox 970 1667 1058 1752; x_wconf 90' lang='lat' dir='ltr'><strong>qnod</strong></span> <span class='ocrx_word' id='word_1_101' title='bbox 1075 1687 1156 1734; x_wconf 92' lang='lat' dir='ltr'><strong>unus</strong></span> <span class='ocrx_word' id='word_1_102' title='bbox 1174 1688 1214 1734; x_wconf 84' lang='lat' dir='ltr'><strong>ex</strong></span> <span class='ocrx_word' id='word_1_103' title='bbox 1230 1667 1414 1734; x_wconf 88' lang='lat' dir='ltr'><strong>Comitibns</strong></span> 
     </span>
     <span class='ocr_line' id='line_1_14' title="bbox 283 1773 1415 1863; baseline 0.004 -25"><span class='ocrx_word' id='word_1_104' title='bbox 283 1773 325 1842; x_wconf 89' lang='lat' dir='ltr'><strong>de</strong></span> <span class='ocrx_word' id='word_1_105' title='bbox 356 1776 459 1841; x_wconf 90' lang='lat' dir='ltr'><strong>Domo</strong></span> <span class='ocrx_word' id='word_1_106' title='bbox 491 1776 594 1858; x_wconf 81' lang='lat' dir='ltr'><strong>vegla</strong></span> <span class='ocrx_word' id='word_1_107' title='bbox 624 1777 671 1845; x_wconf 91' lang='lat' dir='ltr'><strong>ire</strong></span> <span class='ocrx_word' id='word_1_108' title='bbox 695 1776 791 1844; x_wconf 89' lang='lat' dir='ltr'><strong>debet</strong></span> <span class='ocrx_word' id='word_1_109' title='bbox 811 1778 846 1843; x_wconf 95' lang='lat' dir='ltr'><strong>in</strong></span> <span class='ocrx_word' id='word_1_110' title='bbox 862 1777 933 1863; x_wconf 89' lang='lat' dir='ltr'><strong>ipso</strong></span> <span class='ocrx_word' id='word_1_111' title='bbox 950 1777 1095 1844; x_wconf 86' lang='lat' dir='ltr'><strong>exercitu</strong></span> <span class='ocrx_word' id='word_1_112' title='bbox 1110 1775 1143 1840; x_wconf 93' lang='lat' dir='ltr'><strong>in</strong></span> <span class='ocrx_word' id='word_1_113' title='bbox 1160 1775 1236 1860; x_wconf 90' lang='lat' dir='ltr'><strong>ipsa</strong></span> <span class='ocrx_word' id='word_1_114' title='bbox 1251 1776 1362 1860; x_wconf 81' lang='lat' dir='ltr'><strong>galea,</strong></span> <span class='ocrx_word' id='word_1_115' title='bbox 1380 1781 1415 1842; x_wconf 95' lang='lat' dir='ltr'><strong>et</strong></span> 
     </span>
     <span class='ocr_line' id='line_1_15' title="bbox 287 1881 1413 1969; baseline 0 -21"><span class='ocrx_word' id='word_1_116' title='bbox 287 1889 374 1950; x_wconf 89' lang='lat' dir='ltr'><strong>stare</strong></span> <span class='ocrx_word' id='word_1_117' title='bbox 389 1883 424 1948; x_wconf 93' lang='lat' dir='ltr'><strong>in</strong></span> <span class='ocrx_word' id='word_1_118' title='bbox 440 1883 510 1969; x_wconf 92' lang='lat' dir='ltr'><strong>ipso</strong></span> <span class='ocrx_word' id='word_1_119' title='bbox 527 1885 673 1953; x_wconf 88' lang='lat' dir='ltr'><strong>exercitu</strong></span> <span class='ocrx_word' id='word_1_120' title='bbox 689 1906 798 1954; x_wconf 91' lang='lat' dir='ltr'><strong>eorum</strong></span> <span class='ocrx_word' id='word_1_121' title='bbox 816 1884 973 1952; x_wconf 90' lang='lat' dir='ltr'><strong>Comitum</strong></span> <span class='ocrx_word' id='word_1_122' title='bbox 1005 1883 1188 1968; x_wconf 86' lang='lat' dir='ltr'><strong>sumptibus</strong></span> <span class='ocrx_word' id='word_1_123' title='bbox 1219 1882 1324 1950; x_wconf 86' lang='lat' dir='ltr'><strong>donec</strong></span> <span class='ocrx_word' id='word_1_124' title='bbox 1353 1881 1413 1950; x_wconf 89' lang='lat' dir='ltr'><strong>alii</strong></span> 
     </span>
     <span class='ocr_line' id='line_1_16' title="bbox 285 1989 1415 2080; baseline 0.004 -24"><span class='ocrx_word' id='word_1_125' title='bbox 285 1989 414 2060; x_wconf 89' lang='lat' dir='ltr'><strong>nobiles</strong></span> <span class='ocrx_word' id='word_1_126' title='bbox 446 1989 487 2059; x_wconf 90' lang='lat' dir='ltr'><strong>dc</strong></span> <span class='ocrx_word' id='word_1_127' title='bbox 518 1991 671 2061; x_wconf 91' lang='lat' dir='ltr'><strong>veneciis</strong></span> <span class='ocrx_word' id='word_1_128' title='bbox 702 1993 948 2080; x_wconf 88' lang='lat' dir='ltr'><strong>permanebunt.</strong></span> <span class='ocrx_word' id='word_1_129' title='bbox 977 1994 1055 2060; x_wconf 91' lang='lat' dir='ltr'><strong>ltem</strong></span> <span class='ocrx_word' id='word_1_130' title='bbox 1073 1990 1158 2058; x_wconf 84' lang='lat' dir='ltr'><strong>inire</strong></span> <span class='ocrx_word' id='word_1_131' title='bbox 1174 1989 1287 2058; x_wconf 88' lang='lat' dir='ltr'><strong>decern</strong></span> <span class='ocrx_word' id='word_1_132' title='bbox 1307 2010 1415 2060; x_wconf 90' lang='lat' dir='ltr'><strong>annos</strong></span> 
     </span>
     <span class='ocr_line' id='line_1_17' title="bbox 284 2097 1414 2185; baseline -0.001 -19"><span class='ocrx_word' id='word_1_133' title='bbox 284 2105 436 2166; x_wconf 90' lang='lat' dir='ltr'><strong>venturos</strong></span> <span class='ocrx_word' id='word_1_134' title='bbox 452 2099 570 2168; x_wconf 89' lang='lat' dir='ltr'><strong>debent</strong></span> <span class='ocrx_word' id='word_1_135' title='bbox 585 2107 618 2168; x_wconf 91' lang='lat' dir='ltr'><strong>et</strong></span> <span class='ocrx_word' id='word_1_136' title='bbox 634 2107 783 2170; x_wconf 89' lang='lat' dir='ltr'><strong>tenentur</strong></span> <span class='ocrx_word' id='word_1_137' title='bbox 799 2101 878 2169; x_wconf 92' lang='lat' dir='ltr'><strong>dicti</strong></span> <span class='ocrx_word' id='word_1_138' title='bbox 894 2101 1048 2185; x_wconf 80' lang='lat' dir='ltr'><strong>Comites,</strong></span> <span class='ocrx_word' id='word_1_139' title='bbox 1081 2106 1148 2168; x_wconf 79' lang='lat' dir='ltr'><strong>tam</strong></span> <span class='ocrx_word' id='word_1_140' title='bbox 1174 2097 1289 2167; x_wconf 89' lang='lat' dir='ltr'><strong>Comes</strong></span> <span class='ocrx_word' id='word_1_141' title='bbox 1320 2097 1414 2166; x_wconf 87' lang='lat' dir='ltr'><strong>Sebi-</strong></span> 
     </span>
     <span class='ocr_line' id='line_1_18' title="bbox 284 2206 1413 2296; baseline 0.004 -25"><span class='ocrx_word' id='word_1_142' title='bbox 284 2207 373 2274; x_wconf 86' lang='lat' dir='ltr'><strong>nellc</strong></span> <span class='ocrx_word' id='word_1_143' title='bbox 404 2215 436 2275; x_wconf 92' lang='lat' dir='ltr'><strong>et</strong></span> <span class='ocrx_word' id='word_1_144' title='bbox 460 2209 509 2276; x_wconf 89' lang='lat' dir='ltr'><strong>sni</strong></span> <span class='ocrx_word' id='word_1_145' title='bbox 526 2209 674 2296; x_wconf 88' lang='lat' dir='ltr'><strong>heredes,</strong></span> <span class='ocrx_word' id='word_1_146' title='bbox 692 2229 791 2293; x_wconf 90' lang='lat' dir='ltr'><strong>quam</strong></span> <span class='ocrx_word' id='word_1_147' title='bbox 807 2209 885 2278; x_wconf 89' lang='lat' dir='ltr'><strong>dicti</strong></span> <span class='ocrx_word' id='word_1_148' title='bbox 902 2207 1095 2277; x_wconf 85' lang='lat' dir='ltr'><strong>Fredericns</strong></span> <span class='ocrx_word' id='word_1_149' title='bbox 1113 2215 1145 2275; x_wconf 91' lang='lat' dir='ltr'><strong>et</strong></span> <span class='ocrx_word' id='word_1_150' title='bbox 1160 2206 1413 2276; x_wconf 89' lang='lat' dir='ltr'><strong>Bartholomeus</strong></span> 
     </span>
     <span class='ocr_line' id='line_1_19' title="bbox 284 2314 1412 2404; baseline 0.003 -23"><span class='ocrx_word' id='word_1_151' title='bbox 284 2320 317 2381; x_wconf 92' lang='lat' dir='ltr'><strong>et</strong></span> <span class='ocrx_word' id='word_1_152' title='bbox 332 2314 450 2400; x_wconf 87' lang='lat' dir='ltr'><strong>Gnido,</strong></span> <span class='ocrx_word' id='word_1_153' title='bbox 467 2335 588 2401; x_wconf 85' lang='lat' dir='ltr'><strong>ponere</strong></span> <span class='ocrx_word' id='word_1_154' title='bbox 604 2319 637 2384; x_wconf 92' lang='lat' dir='ltr'><strong>in</strong></span> <span class='ocrx_word' id='word_1_155' title='bbox 655 2318 806 2386; x_wconf 89' lang='lat' dir='ltr'><strong>veneciis</strong></span> <span class='ocrx_word' id='word_1_156' title='bbox 831 2318 864 2384; x_wconf 90' lang='lat' dir='ltr'><strong>in</strong></span> <span class='ocrx_word' id='word_1_157' title='bbox 889 2316 1151 2404; x_wconf 88' lang='lat' dir='ltr'><strong>possessionibus</strong></span> <span class='ocrx_word' id='word_1_158' title='bbox 1166 2316 1324 2383; x_wconf 89' lang='lat' dir='ltr'><strong>librarum</strong></span> <span class='ocrx_word' id='word_1_159' title='bbox 1354 2315 1412 2384; x_wconf 87' lang='lat' dir='ltr'><strong>dc-</strong></span> 
     </span>
     <span class='ocr_line' id='line_1_20' title="bbox 284 2422 1414 2512; baseline 0.004 -24"><span class='ocrx_word' id='word_1_160' title='bbox 284 2441 354 2488; x_wconf 92' lang='lat' dir='ltr'><strong>cem</strong></span> <span class='ocrx_word' id='word_1_161' title='bbox 386 2422 476 2490; x_wconf 87' lang='lat' dir='ltr'><strong>milia</strong></span> <span class='ocrx_word' id='word_1_162' title='bbox 507 2424 730 2494; x_wconf 89' lang='lat' dir='ltr'><strong>venecialium</strong></span> <span class='ocrx_word' id='word_1_163' title='bbox 756 2445 939 2512; x_wconf 89' lang='lat' dir='ltr'><strong>parvorum,</strong></span> <span class='ocrx_word' id='word_1_164' title='bbox 960 2423 1112 2512; x_wconf 82' lang='lat' dir='ltr'><strong>ponendo</strong></span> <span class='ocrx_word' id='word_1_165' title='bbox 1131 2422 1282 2492; x_wconf 89' lang='lat' dir='ltr'><strong>videlicet</strong></span> <span class='ocrx_word' id='word_1_166' title='bbox 1297 2444 1319 2490; x_wconf 86' lang='lat' dir='ltr'><strong>a</strong></span> <span class='ocrx_word' id='word_1_167' title='bbox 1333 2444 1414 2509; x_wconf 88' lang='lat' dir='ltr'><strong>qna·</strong></span> 
     </span>
     <span class='ocr_line' id='line_1_21' title="bbox 282 2531 1412 2620; baseline 0.002 -24"><span class='ocrx_word' id='word_1_168' title='bbox 282 2537 354 2598; x_wconf 90' lang='lat' dir='ltr'><strong>tuor</strong></span> <span class='ocrx_word' id='word_1_169' title='bbox 370 2531 464 2600; x_wconf 86' lang='lat' dir='ltr'><strong>annis</strong></span> <span class='ocrx_word' id='word_1_170' title='bbox 481 2536 630 2619; x_wconf 82' lang='lat' dir='ltr'><strong>proxime</strong></span> <span class='ocrx_word' id='word_1_171' title='bbox 646 2535 789 2604; x_wconf 89' lang='lat' dir='ltr'><strong>venturis</strong></span> <span class='ocrx_word' id='word_1_172' title='bbox 805 2535 838 2602; x_wconf 93' lang='lat' dir='ltr'><strong>in</strong></span> <span class='ocrx_word' id='word_1_173' title='bbox 855 2541 954 2602; x_wconf 91' lang='lat' dir='ltr'><strong>autea</strong></span> <span class='ocrx_word' id='word_1_174' title='bbox 987 2533 1133 2620; x_wconf 91' lang='lat' dir='ltr'><strong>quolibet</strong></span> <span class='ocrx_word' id='word_1_175' title='bbox 1163 2553 1250 2600; x_wconf 89' lang='lat' dir='ltr'><strong>auno</strong></span> <span class='ocrx_word' id='word_1_176' title='bbox 1282 2539 1412 2600; x_wconf 88' lang='lat' dir='ltr'><strong>tantum</strong></span> 
     </span>
     <span class='ocr_line' id='line_1_22' title="bbox 283 2639 1474 2729; baseline 0.002 -25"><span class='ocrx_word' id='word_1_177' title='bbox 283 2645 440 2723; x_wconf 86' lang='lat' dir='ltr'><strong>quantum</strong></span> <span class='ocrx_word' id='word_1_178' title='bbox 456 2639 620 2710; x_wconf 84' lang='lat' dir='ltr'><strong>devenerit</strong></span> <span class='ocrx_word' id='word_1_179' title='bbox 635 2643 765 2710; x_wconf 90' lang='lat' dir='ltr'><strong>cuilibet</strong></span> <span class='ocrx_word' id='word_1_180' title='bbox 780 2642 864 2729; x_wconf 87' lang='lat' dir='ltr'><strong>parti</strong></span> <span class='ocrx_word' id='word_1_181' title='bbox 880 2647 1059 2728; x_wconf 84' lang='lat' dir='ltr'><strong>patratam</strong></span> <span class='ocrx_word' id='word_1_182' title='bbox 1075 2643 1109 2708; x_wconf 94' lang='lat' dir='ltr'><strong>in</strong></span> <span class='ocrx_word' id='word_1_183' title='bbox 1125 2639 1274 2726; x_wconf 88' lang='lat' dir='ltr'><strong>deposito</strong></span> <span class='ocrx_word' id='word_1_184' title='bbox 1290 2639 1325 2705; x_wconf 90' lang='lat' dir='ltr'><strong>in</strong></span> <span class='ocrx_word' id='word_1_185' title='bbox 1341 2640 1408 2706; x_wconf 90' lang='lat' dir='ltr'><strong>ve·</strong></span> <span class='ocrx_word' id='word_1_186' title='bbox 1471 2685 1474 2688; x_wconf 93' lang='lat'>-</span> 
     </span>
     <span class='ocr_line' id='line_1_23' title="bbox 283 2747 1413 2839; baseline 0.002 -27"><span class='ocrx_word' id='word_1_187' title='bbox 283 2747 383 2816; x_wconf 90' lang='lat' dir='ltr'><strong>ueciis</strong></span> <span class='ocrx_word' id='word_1_188' title='bbox 399 2750 567 2816; x_wconf 86' lang='lat' dir='ltr'><strong>annuatim</strong></span> <span class='ocrx_word' id='word_1_189' title='bbox 583 2771 642 2838; x_wconf 89' lang='lat' dir='ltr'><strong>pro</strong></span> <span class='ocrx_word' id='word_1_190' title='bbox 654 2753 735 2838; x_wconf 89' lang='lat' dir='ltr'><strong>ipsis</strong></span> <span class='ocrx_word' id='word_1_191' title='bbox 751 2751 1011 2839; x_wconf 85' lang='lat' dir='ltr'><strong>possessionibus</strong></span> <span class='ocrx_word' id='word_1_192' title='bbox 1027 2749 1263 2836; x_wconf 86' lang='lat' dir='ltr'><strong>comparandis,</strong></span> <span class='ocrx_word' id='word_1_193' title='bbox 1282 2748 1324 2814; x_wconf 91' lang='lat' dir='ltr'><strong>de</strong></span> <span class='ocrx_word' id='word_1_194' title='bbox 1340 2749 1413 2834; x_wconf 89' lang='lat' dir='ltr'><strong>qui·</strong></span> 
     </span>
     <span class='ocr_line' id='line_1_24' title="bbox 281 2855 1415 2945; baseline 0.002 -23"><span class='ocrx_word' id='word_1_195' title='bbox 281 2857 341 2924; x_wconf 89' lang='lat' dir='ltr'><strong>bus</strong></span> <span class='ocrx_word' id='word_1_196' title='bbox 358 2855 563 2927; x_wconf 87' lang='lat' dir='ltr'><strong>medietatem</strong></span> <span class='ocrx_word' id='word_1_197' title='bbox 580 2879 701 2945; x_wconf 89' lang='lat' dir='ltr'><strong>ponere</strong></span> <span class='ocrx_word' id='word_1_198' title='bbox 717 2860 837 2928; x_wconf 90' lang='lat' dir='ltr'><strong>debent</strong></span> <span class='ocrx_word' id='word_1_199' title='bbox 852 2858 957 2927; x_wconf 90' lang='lat' dir='ltr'><strong>dictus</strong></span> <span class='ocrx_word' id='word_1_200' title='bbox 974 2859 1090 2926; x_wconf 89' lang='lat' dir='ltr'><strong>Comes</strong></span> <span class='ocrx_word' id='word_1_201' title='bbox 1106 2856 1275 2924; x_wconf 87' lang='lat' dir='ltr'><strong>Schinella</strong></span> <span class='ocrx_word' id='word_1_202' title='bbox 1290 2863 1323 2922; x_wconf 92' lang='lat' dir='ltr'><strong>et</strong></span> <span class='ocrx_word' id='word_1_203' title='bbox 1339 2855 1415 2924; x_wconf 90' lang='lat' dir='ltr'><strong>eius</strong></span> 
     </span>
     <span class='ocr_line' id='line_1_25' title="bbox 284 2963 1415 3052; baseline 0.001 -22"><span class='ocrx_word' id='word_1_204' title='bbox 284 2963 421 3034; x_wconf 87' lang='lat' dir='ltr'><strong>heredes</strong></span> <span class='ocrx_word' id='word_1_205' title='bbox 437 2967 480 3032; x_wconf 88' lang='lat' dir='ltr'><strong>ad</strong></span> <span class='ocrx_word' id='word_1_206' title='bbox 496 2965 680 3034; x_wconf 84' lang='lat' dir='ltr'><strong>iaciendum</strong></span> <span class='ocrx_word' id='word_1_207' title='bbox 699 2989 738 3034; x_wconf 86' lang='lat' dir='ltr'><strong>ex</strong></span> <span class='ocrx_word' id='word_1_208' title='bbox 771 2970 819 3036; x_wconf 90' lang='lat' dir='ltr'><strong>eis</strong></span> <span class='ocrx_word' id='word_1_209' title='bbox 851 2968 953 3036; x_wconf 92' lang='lat' dir='ltr'><strong>libere</strong></span> <span class='ocrx_word' id='word_1_210' title='bbox 982 2987 1040 3052; x_wconf 89' lang='lat' dir='ltr'><strong>pro</strong></span> <span class='ocrx_word' id='word_1_211' title='bbox 1072 2965 1183 3032; x_wconf 90' lang='lat' dir='ltr'><strong>anima</strong></span> <span class='ocrx_word' id='word_1_212' title='bbox 1213 2971 1245 3031; x_wconf 92' lang='lat' dir='ltr'><strong>et</strong></span> <span class='ocrx_word' id='word_1_213' title='bbox 1275 2983 1415 3050; x_wconf 88' lang='lat' dir='ltr'><strong>corpore</strong></span> 
     </span>
     <span class='ocr_line' id='line_1_26' title="bbox 284 3072 1415 3158; baseline 0.001 -19"><span class='ocrx_word' id='word_1_214' title='bbox 284 3073 439 3158; x_wconf 90' lang='lat' dir='ltr'><strong>quicquid</strong></span> <span class='ocrx_word' id='word_1_215' title='bbox 470 3075 631 3142; x_wconf 91' lang='lat' dir='ltr'><strong>voluerint</strong></span> <span class='ocrx_word' id='word_1_216' title='bbox 661 3075 822 3144; x_wconf 85' lang='lat' dir='ltr'><strong>ordinare.</strong></span> <span class='ocrx_word' id='word_1_217' title='bbox 856 3075 937 3142; x_wconf 87' lang='lat' dir='ltr'><strong>Item</strong></span> <span class='ocrx_word' id='word_1_218' title='bbox 969 3073 1239 3158; x_wconf 75' lang='lat' dir='ltr'><strong>quandocumque</strong></span> <span class='ocrx_word' id='word_1_219' title='bbox 1262 3072 1360 3140; x_wconf 94' lang='lat' dir='ltr'><strong>nobis</strong></span> <span class='ocrx_word' id='word_1_220' title='bbox 1379 3080 1415 3140; x_wconf 88' lang='lat' dir='ltr'><strong>et</strong></span> 
     </span>
     <span class='ocr_line' id='line_1_27' title="bbox 284 3177 1416 3251; baseline 0.003 -6"><span class='ocrx_word' id='word_1_221' title='bbox 284 3181 401 3246; x_wconf 88' lang='lat' dir='ltr'><strong>nostris</strong></span> <span class='ocrx_word' id='word_1_222' title='bbox 419 3183 658 3250; x_wconf 85' lang='lat' dir='ltr'><strong>successoribus</strong></span> <span class='ocrx_word' id='word_1_223' title='bbox 675 3188 707 3251; x_wconf 92' lang='lat' dir='ltr'><strong>et</strong></span> <span class='ocrx_word' id='word_1_224' title='bbox 723 3180 892 3249; x_wconf 57' lang='lat' dir='ltr'><strong>&amp;inmuni</strong></span> <span class='ocrx_word' id='word_1_225' title='bbox 909 3180 1122 3248; x_wconf 78' lang='lat' dir='ltr'><strong>veneciarum</strong></span> <span class='ocrx_word' id='word_1_226' title='bbox 1141 3198 1281 3246; x_wconf 86' lang='lat' dir='ltr'><strong>neccsse</strong></span> <span class='ocrx_word' id='word_1_227' title='bbox 1312 3177 1416 3248; x_wconf 81' lang='lat' dir='ltr'><strong>tuerit</strong></span> 
     </span>
     <span class='ocr_line' id='line_1_28' title="bbox 281 3286 1413 3376; baseline 0.003 -24"><span class='ocrx_word' id='word_1_228' title='bbox 281 3286 400 3356; x_wconf 88' lang='lat' dir='ltr'><strong>babere</strong></span> <span class='ocrx_word' id='word_1_229' title='bbox 425 3297 555 3374; x_wconf 82' lang='lat' dir='ltr'><strong>gentem</strong></span> <span class='ocrx_word' id='word_1_230' title='bbox 571 3311 631 3376; x_wconf 93' lang='lat' dir='ltr'><strong>pro</strong></span> <span class='ocrx_word' id='word_1_231' title='bbox 647 3291 816 3357; x_wconf 91' lang='lat' dir='ltr'><strong>Communi</strong></span> <span class='ocrx_word' id='word_1_232' title='bbox 832 3289 1054 3374; x_wconf 82' lang='lat' dir='ltr'><strong>veneciarum,</strong></span> <span class='ocrx_word' id='word_1_233' title='bbox 1069 3293 1240 3354; x_wconf 92' lang='lat' dir='ltr'><strong>teneantur</strong></span> <span class='ocrx_word' id='word_1_234' title='bbox 1256 3286 1333 3354; x_wconf 89' lang='lat' dir='ltr'><strong>dicti</strong></span> <span class='ocrx_word' id='word_1_235' title='bbox 1352 3287 1413 3355; x_wconf 91' lang='lat' dir='ltr'><strong>Co·</strong></span> 
     </span>
     <span class='ocr_line' id='line_1_29' title="bbox 280 3396 1412 3486; baseline 0.001 -24"><span class='ocrx_word' id='word_1_236' title='bbox 280 3398 375 3466; x_wconf 86' lang='lat' dir='ltr'><strong>mites</strong></span> <span class='ocrx_word' id='word_1_237' title='bbox 392 3398 466 3465; x_wconf 91' lang='lat' dir='ltr'><strong>dnm</strong></span> <span class='ocrx_word' id='word_1_238' title='bbox 482 3398 640 3466; x_wconf 87' lang='lat' dir='ltr'><strong>vicxerint</strong></span> <span class='ocrx_word' id='word_1_239' title='bbox 656 3399 816 3484; x_wconf 86' lang='lat' dir='ltr'><strong>equaliter</strong></span> <span class='ocrx_word' id='word_1_240' title='bbox 833 3419 890 3485; x_wconf 90' lang='lat' dir='ltr'><strong>per</strong></span> <span class='ocrx_word' id='word_1_241' title='bbox 904 3402 1144 3467; x_wconf 89' lang='lat' dir='ltr'><strong>sacramentum</strong></span> <span class='ocrx_word' id='word_1_242' title='bbox 1161 3396 1241 3464; x_wconf 86' lang='lat' dir='ltr'><strong>dare</strong></span> <span class='ocrx_word' id='word_1_243' title='bbox 1263 3417 1412 3486; x_wconf 86' lang='lat' dir='ltr'><strong>operam,</strong></span> 
     </span>
     <span class='ocr_line' id='line_1_30' title="bbox 280 3504 1410 3591; baseline -0.002 -18"><span class='ocrx_word' id='word_1_244' title='bbox 280 3507 366 3590; x_wconf 90' lang='lat' dir='ltr'><strong>quod</strong></span> <span class='ocrx_word' id='word_1_245' title='bbox 391 3505 424 3572; x_wconf 92' lang='lat' dir='ltr'><strong>iu</strong></span> <span class='ocrx_word' id='word_1_246' title='bbox 450 3506 562 3574; x_wconf 90' lang='lat' dir='ltr'><strong>Insula</strong></span> <span class='ocrx_word' id='word_1_247' title='bbox 589 3506 693 3591; x_wconf 85' lang='lat' dir='ltr'><strong>Vegle</strong></span> <span class='ocrx_word' id='word_1_248' title='bbox 709 3515 741 3574; x_wconf 89' lang='lat' dir='ltr'><strong>et</strong></span> <span class='ocrx_word' id='word_1_249' title='bbox 758 3506 922 3574; x_wconf 87' lang='lat' dir='ltr'><strong>Comitatu</strong></span> <span class='ocrx_word' id='word_1_250' title='bbox 937 3527 977 3574; x_wconf 88' lang='lat' dir='ltr'><strong>ac</strong></span> <span class='ocrx_word' id='word_1_251' title='bbox 992 3507 1067 3572; x_wconf 91' lang='lat' dir='ltr'><strong>aliis</strong></span> <span class='ocrx_word' id='word_1_252' title='bbox 1083 3504 1179 3572; x_wconf 88' lang='lat' dir='ltr'><strong>terris</strong></span> <span class='ocrx_word' id='word_1_253' title='bbox 1194 3505 1410 3572; x_wconf 86' lang='lat' dir='ltr'><strong>circumstan-</strong></span> 
     </span>
     <span class='ocr_line' id='line_1_31' title="bbox 281 3611 1413 3696; baseline 0.002 -18"><span class='ocrx_word' id='word_1_254' title='bbox 281 3613 368 3682; x_wconf 90' lang='lat' dir='ltr'><strong>tibus</strong></span> <span class='ocrx_word' id='word_1_255' title='bbox 399 3613 606 3681; x_wconf 90' lang='lat' dir='ltr'><strong>inveniautur</strong></span> <span class='ocrx_word' id='word_1_256' title='bbox 637 3613 679 3680; x_wconf 87' lang='lat' dir='ltr'><strong>ad</strong></span> <span class='ocrx_word' id='word_1_257' title='bbox 712 3613 838 3682; x_wconf 90' lang='lat' dir='ltr'><strong>soldum</strong></span> <span class='ocrx_word' id='word_1_258' title='bbox 865 3613 1052 3682; x_wconf 90' lang='lat' dir='ltr'><strong>Communis</strong></span> <span class='ocrx_word' id='word_1_259' title='bbox 1074 3611 1287 3680; x_wconf 85' lang='lat' dir='ltr'><strong>veneciarum</strong></span> <span class='ocrx_word' id='word_1_260' title='bbox 1306 3631 1413 3696; x_wconf 90' lang='lat' dir='ltr'><strong>nsque</strong></span> 
     </span>
     <span class='ocr_line' id='line_1_32' title="bbox 281 3716 1410 3808; baseline -0.003 -17"><span class='ocrx_word' id='word_1_261' title='bbox 281 3729 408 3791; x_wconf 85' lang='lat' dir='ltr'><strong>centum</strong></span> <span class='ocrx_word' id='word_1_262' title='bbox 439 3724 489 3789; x_wconf 90' lang='lat' dir='ltr'><strong>vel</strong></span> <span class='ocrx_word' id='word_1_263' title='bbox 520 3723 652 3790; x_wconf 89' lang='lat' dir='ltr'><strong>ducenti</strong></span> <span class='ocrx_word' id='word_1_264' title='bbox 683 3723 829 3790; x_wconf 88' lang='lat' dir='ltr'><strong>homines</strong></span> <span class='ocrx_word' id='word_1_265' title='bbox 861 3741 920 3808; x_wconf 89' lang='lat' dir='ltr'><strong>pro</strong></span> <span class='ocrx_word' id='word_1_266' title='bbox 950 3721 1009 3788; x_wconf 87' lang='lat' dir='ltr'><strong>tali</strong></span> <span class='ocrx_word' id='word_1_267' title='bbox 1035 3720 1136 3808; x_wconf 89' lang='lat' dir='ltr'><strong>soldo,</strong></span> <span class='ocrx_word' id='word_1_268' title='bbox 1153 3719 1259 3803; x_wconf 88' lang='lat' dir='ltr'><strong>qualis</strong></span> <span class='ocrx_word' id='word_1_269' title='bbox 1276 3716 1410 3788; x_wconf 91' lang='lat' dir='ltr'><strong>dabitur</strong></span> 
     </span>
     <span class='ocr_line' id='line_1_33' title="bbox 281 3827 1412 3916; baseline 0.002 -20"><span class='ocrx_word' id='word_1_270' title='bbox 281 3831 313 3896; x_wconf 94' lang='lat' dir='ltr'><strong>in</strong></span> <span class='ocrx_word' id='word_1_271' title='bbox 331 3831 488 3899; x_wconf 84' lang='lat' dir='ltr'><strong>veneciis.</strong></span> <span class='ocrx_word' id='word_1_272' title='bbox 506 3832 547 3897; x_wconf 77' lang='lat' dir='ltr'><strong>st</strong></span> <span class='ocrx_word' id='word_1_273' title='bbox 562 3831 834 3916; x_wconf 88' lang='lat' dir='ltr'><strong>quandocumque</strong></span> <span class='ocrx_word' id='word_1_274' title='bbox 850 3829 1045 3898; x_wconf 84' lang='lat' dir='ltr'><strong>frumentum</strong></span> <span class='ocrx_word' id='word_1_275' title='bbox 1061 3827 1182 3896; x_wconf 89' lang='lat' dir='ltr'><strong>valebit</strong></span> <span class='ocrx_word' id='word_1_276' title='bbox 1197 3827 1231 3894; x_wconf 93' lang='lat' dir='ltr'><strong>in</strong></span> <span class='ocrx_word' id='word_1_277' title='bbox 1256 3828 1412 3898; x_wconf 89' lang='lat' dir='ltr'><strong>veneciis</strong></span> 
     </span>
     <span class='ocr_line' id='line_1_34' title="bbox 281 3937 1410 4026; baseline -0.001 -19"><span class='ocrx_word' id='word_1_278' title='bbox 281 3939 444 4024; x_wconf 82' lang='lat' dir='ltr'><strong>attiginta</strong></span> <span class='ocrx_word' id='word_1_279' title='bbox 460 3937 561 4006; x_wconf 90' lang='lat' dir='ltr'><strong>soldis</strong></span> <span class='ocrx_word' id='word_1_280' title='bbox 577 3941 727 4026; x_wconf 89' lang='lat' dir='ltr'><strong>superius</strong></span> <span class='ocrx_word' id='word_1_281' title='bbox 743 3961 801 4026; x_wconf 90' lang='lat' dir='ltr'><strong>pro</strong></span> <span class='ocrx_word' id='word_1_282' title='bbox 818 3939 929 4023; x_wconf 83' lang='lat' dir='ltr'><strong>sturio,</strong></span> <span class='ocrx_word' id='word_1_283' title='bbox 947 3938 1074 4007; x_wconf 90' lang='lat' dir='ltr'><strong>dabunt</strong></span> <span class='ocrx_word' id='word_1_284' title='bbox 1090 3955 1224 4024; x_wconf 84' lang='lat' dir='ltr'><strong>operam</strong></span> <span class='ocrx_word' id='word_1_285' title='bbox 1238 3939 1328 4006; x_wconf 87' lang='lat' dir='ltr'><strong>bona</strong></span> <span class='ocrx_word' id='word_1_286' title='bbox 1344 3937 1410 4006; x_wconf 90' lang='lat' dir='ltr'><strong>fide</strong></span> 
     </span>
     <span class='ocr_line' id='line_1_35' title="bbox 281 4043 1413 4134; baseline 0.001 -22"><span class='ocrx_word' id='word_1_287' title='bbox 281 4045 359 4113; x_wconf 89' lang='lat' dir='ltr'><strong>dicti</strong></span> <span class='ocrx_word' id='word_1_288' title='bbox 391 4045 533 4114; x_wconf 89' lang='lat' dir='ltr'><strong>Comites</strong></span> <span class='ocrx_word' id='word_1_289' title='bbox 564 4045 641 4114; x_wconf 92' lang='lat' dir='ltr'><strong>dum</strong></span> <span class='ocrx_word' id='word_1_290' title='bbox 673 4048 834 4115; x_wconf 84' lang='lat' dir='ltr'><strong>vicxerint</strong></span> <span class='ocrx_word' id='word_1_291' title='bbox 865 4048 1036 4134; x_wconf 89' lang='lat' dir='ltr'><strong>equaliter,</strong></span> <span class='ocrx_word' id='word_1_292' title='bbox 1068 4043 1155 4131; x_wconf 92' lang='lat' dir='ltr'><strong>quod</strong></span> <span class='ocrx_word' id='word_1_293' title='bbox 1185 4045 1228 4112; x_wconf 93' lang='lat' dir='ltr'><strong>de</strong></span> <span class='ocrx_word' id='word_1_294' title='bbox 1244 4045 1413 4114; x_wconf 85' lang='lat' dir='ltr'><strong>Comitatu</strong></span> 
     </span>
     <span class='ocr_line' id='line_1_36' title="bbox 279 4153 1408 4242; baseline 0.002 -22"><span class='ocrx_word' id='word_1_295' title='bbox 279 4153 423 4242; x_wconf 87' lang='lat' dir='ltr'><strong>predicto</strong></span> <span class='ocrx_word' id='word_1_296' title='bbox 454 4161 486 4221; x_wconf 90' lang='lat' dir='ltr'><strong>et</strong></span> <span class='ocrx_word' id='word_1_297' title='bbox 502 4155 577 4222; x_wconf 91' lang='lat' dir='ltr'><strong>aliis</strong></span> <span class='ocrx_word' id='word_1_298' title='bbox 594 4155 689 4224; x_wconf 90' lang='lat' dir='ltr'><strong>terris</strong></span> <span class='ocrx_word' id='word_1_299' title='bbox 705 4158 825 4222; x_wconf 89' lang='lat' dir='ltr'><strong>circum</strong></span> <span class='ocrx_word' id='word_1_300' title='bbox 843 4155 1071 4223; x_wconf 90' lang='lat' dir='ltr'><strong>adiacentibus</strong></span> <span class='ocrx_word' id='word_1_301' title='bbox 1088 4154 1121 4222; x_wconf 93' lang='lat' dir='ltr'><strong>in</strong></span> <span class='ocrx_word' id='word_1_302' title='bbox 1137 4155 1252 4222; x_wconf 91' lang='lat' dir='ltr'><strong>maiori</strong></span> <span class='ocrx_word' id='word_1_303' title='bbox 1278 4155 1408 4239; x_wconf 91' lang='lat' dir='ltr'><strong>quanti·</strong></span> 
     </span>
     <span class='ocr_line' id='line_1_37' title="bbox 279 4261 1413 4348; baseline 0.003 -19"><span class='ocrx_word' id='word_1_304' title='bbox 279 4267 349 4329; x_wconf 91' lang='lat' dir='ltr'><strong>tate</strong></span> <span class='ocrx_word' id='word_1_305' title='bbox 366 4281 432 4346; x_wconf 90' lang='lat' dir='ltr'><strong>qua</strong></span> <span class='ocrx_word' id='word_1_306' title='bbox 459 4268 610 4348; x_wconf 87' lang='lat' dir='ltr'><strong>poterunt</strong></span> <span class='ocrx_word' id='word_1_307' title='bbox 641 4263 684 4330; x_wconf 86' lang='lat' dir='ltr'><strong>ad</strong></span> <span class='ocrx_word' id='word_1_308' title='bbox 713 4261 920 4332; x_wconf 90' lang='lat' dir='ltr'><strong>vendendum</strong></span> <span class='ocrx_word' id='word_1_309' title='bbox 952 4263 1113 4332; x_wconf 88' lang='lat' dir='ltr'><strong>Venecias</strong></span> <span class='ocrx_word' id='word_1_310' title='bbox 1143 4263 1413 4332; x_wconf 69' lang='lat' dir='ltr'><strong>andecanem</strong></span> 
     </span>
     <span class='ocr_line' id='line_1_38' title="bbox 281 4369 1410 4457; baseline 0.002 -21"><span class='ocrx_word' id='word_1_311' title='bbox 281 4375 332 4437; x_wconf 87' lang='lat' dir='ltr'><strong>est</strong></span> <span class='ocrx_word' id='word_1_312' title='bbox 347 4369 521 4455; x_wconf 89' lang='lat' dir='ltr'><strong>sciendum,</strong></span> <span class='ocrx_word' id='word_1_313' title='bbox 538 4371 623 4456; x_wconf 91' lang='lat' dir='ltr'><strong>qnod</strong></span> <span class='ocrx_word' id='word_1_314' title='bbox 641 4371 867 4439; x_wconf 91' lang='lat' dir='ltr'><strong>decedentibus</strong></span> <span class='ocrx_word' id='word_1_315' title='bbox 883 4371 1032 4440; x_wconf 92' lang='lat' dir='ltr'><strong>omnibus</strong></span> <span class='ocrx_word' id='word_1_316' title='bbox 1043 4371 1221 4440; x_wconf 70' lang='lat' dir='ltr'><strong>comitibus</strong></span> <span class='ocrx_word' id='word_1_317' title='bbox 1231 4373 1410 4457; x_wconf 86' lang='lat' dir='ltr'><strong>suprascri-</strong></span> 
     </span>
     <span class='ocr_line' id='line_1_39' title="bbox 284 4477 1413 4562; baseline 0.005 -20"><span class='ocrx_word' id='word_1_318' title='bbox 284 4477 346 4562; x_wconf 88' lang='lat' dir='ltr'><strong>ptis</strong></span> <span class='ocrx_word' id='word_1_319' title='bbox 363 4483 396 4542; x_wconf 91' lang='lat' dir='ltr'><strong>et</strong></span> <span class='ocrx_word' id='word_1_320' title='bbox 412 4495 522 4544; x_wconf 89' lang='lat' dir='ltr'><strong>eorum</strong></span> <span class='ocrx_word' id='word_1_321' title='bbox 537 4479 713 4546; x_wconf 86' lang='lat' dir='ltr'><strong>heredibus</strong></span> <span class='ocrx_word' id='word_1_322' title='bbox 729 4481 891 4560; x_wconf 89' lang='lat' dir='ltr'><strong>masculis,</strong></span> <span class='ocrx_word' id='word_1_323' title='bbox 912 4481 959 4548; x_wconf 87' lang='lat' dir='ltr'><strong>ita</strong></span> <span class='ocrx_word' id='word_1_324' title='bbox 984 4479 1072 4562; x_wconf 92' lang='lat' dir='ltr'><strong>quod</strong></span> <span class='ocrx_word' id='word_1_325' title='bbox 1088 4480 1195 4546; x_wconf 89' lang='lat' dir='ltr'><strong>nullus</strong></span> <span class='ocrx_word' id='word_1_326' title='bbox 1221 4479 1413 4548; x_wconf 87' lang='lat' dir='ltr'><strong>masebulus</strong></span> 
     </span>
     <span class='ocr_line' id='line_1_40' title="bbox 282 4585 1407 4671; baseline 0.011 -23"><span class='ocrx_word' id='word_1_327' title='bbox 282 4585 482 4671; x_wconf 82' lang='lat' dir='ltr'><strong>supervivat,</strong></span> <span class='ocrx_word' id='word_1_328' title='bbox 514 4586 600 4654; x_wconf 92' lang='lat' dir='ltr'><strong>idem</strong></span> <span class='ocrx_word' id='word_1_329' title='bbox 626 4587 805 4658; x_wconf 80' lang='lat' dir='ltr'><strong>Comitatus</strong></span> <span class='ocrx_word' id='word_1_330' title='bbox 822 4588 856 4658; x_wconf 91' lang='lat' dir='ltr'><strong>iu</strong></span> <span class='ocrx_word' id='word_1_331' title='bbox 874 4607 933 4657; x_wconf 81' lang='lat' dir='ltr'><strong>noe</strong></span> <span class='ocrx_word' id='word_1_332' title='bbox 951 4595 983 4662; x_wconf 89' lang='lat' dir='ltr'><strong>et</strong></span> <span class='ocrx_word' id='word_1_333' title='bbox 999 4587 1175 4660; x_wconf 82' lang='lat' dir='ltr'><strong>Commune</strong></span> <span class='ocrx_word' id='word_1_334' title='bbox 1191 4587 1407 4662; x_wconf 83' lang='lat' dir='ltr'><strong>Veucciarum</strong></span> 
     </span>
    </p>
   </div>
   <div class='ocr_carea' id='block_1_3' title="bbox 0 0 1580 5162">
    <p class='ocr_par' dir='ltr' id='par_1_3' title="bbox 0 0 1580 5162">
     <span class='ocr_line' id='line_1_41' title="bbox 0 0 1580 5162; baseline 0 0"><span class='ocrx_word' id='word_1_335' title='bbox 0 0 1580 5162; x_wconf 95' lang='lat' dir='ltr'><strong> </strong></span> 
     </span>
    </p>
   </div>
  </div>
 </body>
</html>
