3164 5154
155 1194 216 1263 HI.
232 1197 442 1284 Be'lalircilp
473 1199 661 1285 uiaszuodjo
693 1223 713 1261 a
745 1201 881 1286 adpretiat
911 1199 1099 1286 epylrdetuole
1138 1199 1283 1288 Toplr'uao

306 1309 472 1393 lelyadpet,
488 1308 568 1390 moly
583 1307 845 1392 tdlujoptuloouil
860 1309 1021 1376 clue'tctett.
1039 1309 1132 1372 1181.

264 1503 425 1580 Quoniam
442 1502 651 1570 diuturnitate
669 1510 848 1590 temporum
866 1503 974 1588 sepius
1003 1503 1192 1574 obliteratur
1223 1528 1285 1574 ms·

161 1609 280 1694 muria;
305 1619 337 1676 et
353 1611 439 1694 quod
457 1611 508 1696 pie
524 1609 704 1678 devotionis
722 1613 842 1694 geritur
857 1612 974 1696 oflicio,
992 1621 1063 1697 post
1079 1633 1200 1700 paucos
1227 1613 1283 1679 od-

160 1715 284 1783 modum
302 1718 370 1784 dies
387 1720 515 1802 ingrata
533 1719 617 1784 celat
635 1718 765 1785 obliuio.
790 1718 994 1802 Idcircoque
1022 1727 1089 1786 tum
1120 1742 1140 1786 a
1172 1729 1284 1787 nostra

160 1824 260 1906 Regia
275 1825 447 1894 Maiestate
481 1833 513 1892 et
539 1827 754 1912 munifiencia,
781 1847 878 1909 quiam
910 1825 952 1892 ab
984 1827 1162 1894 illustribus
1195 1827 1281 1914 viris,

161 1929 228 1996 sire
244 1931 520 2018 quibuscumquue
536 1934 597 1999 Dei
616 1917 764 2000 fidelibus
781 1936 842 2000 sub
858 1941 970 2000 nostra
987 1941 1146 2018 potestate
1162 1919 1289 2020 degens

165 2038 263 2128 tibusl
275 2040 334 2106 Dei
353 2041 506 2108 Ecclesiis
521 2048 596 2108 suunt
613 2043 741 2127 collatu,
757 2041 862 2124 Regia
880 2041 1073 2109 auctoritate
1090 2042 1219 2108 firmare
1251 2047 1283 2110 et

162 2147 337 2232 privilegiis
348 2157 545 2234 perpetuare
562 2149 724 2236 proposui.
742 2149 861 2214 Notum
878 2145 977 2232 igitur
993 2149 1036 2215 sit
1052 2149 1200 2216 omuibus
1217 2157 1285 2214 tam

164 2256 320 2322 modernis
335 2277 429 2340 quam
447 2256 554 2324 future
570 2257 636 2323 vite
652 2257 898 2347 suecessoribus,
909 2255 994 2340 quod
1006 2275 1066 2338 ego
1077 2256 1157 2321 Bcla
1168 2256 1287 2322 tercius

165 2362 222 2428 Dei
237 2364 342 2446 gratia
358 2365 436 2450 Rex,
453 2365 586 2432 secundi
604 2365 728 2450 Geysse
744 2365 841 2448 Regis
856 2363 953 2442 filius,
970 2383 1041 2428 eum
1058 2363 1140 2430 Albe
1157 2363 1284 2430 sollem-

165 2489 240 2552 pnes
256 2471 367 2537 Saueti
384 2473 543 2558 Stephani
559 2471 657 2556 Regis
674 2492 804 2555 agerem
821 2471 902 2556 dics,
919 2471 1156 2554 Zagrabienses
1183 2469 1285 2536 Cario·
1352 2505 1356 2512 ·

167 2575 225 2640 uici
240 2576 281 2641 de
296 2598 355 2645 sua
371 2580 482 2663 inopia
498 2586 529 2644 ct
545 2577 671 2644 iniuriis
688 2577 750 2643 sibi
768 2577 869 2642 illatis
898 2579 1065 2660 conquesti
1096 2585 1179 2646 scrut.
1218 2577 1286 2660 Ego

168 2702 238 2748 rero
255 2685 431 2754 Ecclesiam
448 2685 509 2752 Dei
526 2687 695 2753 sublevare
712 2683 904 2752 desiderans
921 2705 983 2751 non
1001 2685 1159 2772 adterere,
1194 2685 1287 2752 locri-

170 2809 283 2856 nusam
302 2813 411 2859 eorum
429 2794 662 2878 querimoniam
680 2794 712 2858 iu
732 2793 900 2877 presencia
916 2792 1163 2878 quamplurium
1179 2791 1285 2877 Regni

174 2898 232 2962 mei
247 2893 429 2986 Principum
447 2901 604 2968 oscultavi
621 2909 801 2967 etecusam
827 2899 971 2966 discussi.
1004 2901 1207 2984 Propositum
1233 2907 1283 2966 est

171 3005 249 3070 enim
263 3027 284 3071 u
299 3007 494 3092 supradietis
511 3007 694 3094 Canonicis,
712 3007 798 3092 quod
814 3007 948 3074 Alenius
981 3007 1142 3090 quondam
1175 3009 1284 3074 Banus

171 3133 223 3196 pro
238 3114 346 3179 anima
362 3114 419 3180 filii
437 3115 496 3198 sui,
521 3135 559 3181 eo
577 3122 720 3200 tempore
737 3136 777 3182 ex
793 3115 853 3181 hoc
869 3116 977 3183 seculo
994 3113 1189 3198 decedentis,
1216 3135 1287 3202 pre·

172 3219 251 3285 dium
268 3221 441 3304 quoddam,
456 3223 610 3308 Toplissa
629 3223 768 3306 nomine,
796 3222 939 3289 Ecclesie
971 3220 1184 3306 Zagrabiensi
1215 3240 1287 3290 eum

174 3327 310 3394 omnibus
325 3328 387 3394 sibi
413 3329 618 3415 pertiuentiis
645 3329 844 3396 tradidisset.
884 3327 979 3408 Quod
1012 3335 1125 3414 postea
1156 3326 1288 3412 quidam

174 3431 549 3522 Bclteuominc,Oomes
575 3435 803 3522 boueressia,
837 3448 981 3522 tempore
1012 3435 1065 3502 avi
1097 3436 1159 3502 mci
1190 3436 1290 3519 Regis

174 3539 244 3607 Belo
259 3543 394 3610 secundi
412 3543 570 3610 violenter
584 3529 808 3632 subripuisset,
826 3553 858 3611 et
875 3545 959 3612 idem
975 3543 1177 3629 postmodum
1190 3543 1291 3609 ltlcth·

175 3668 238 3715 ner
252 3651 323 3718 eius
338 3651 432 3719 heres
449 3659 479 3718 et
495 3671 661 3721 successor
677 3649 824 3737 fecissct3
842 3661 874 3719 ct
888 3651 964 3737 quia
979 3653 1125 3738 Regnum
1138 3652 1164 3716 V
1166 3651 1287 3735 ugano,

175 3757 251 3824 sicut
267 3759 411 3845 pcccatis
427 3761 632 3844 exigentibus
649 3763 758 3849 sepius
774 3760 841 3827 ficri
858 3762 951 3848 solet,
968 3769 1038 3827 erat
1064 3761 1097 3826 in
1128 3758 1291 3826 disturba·

176 3863 265 3954 tione,
281 3868 494 3952 prenominati
512 3869 667 3935 Canoniei
684 3869 935 3955 supersederunt
961 3867 1134 3955 questioni,
1167 3874 1293 3953 tompus

176 3983 379 4058 expectantes
395 3985 596 4062 oportunum.
635 3978 687 4043 Ad
703 3979 847 4044 ultimum
866 3998 941 4046 vero
957 3977 1060 4044 nostri
1085 3977 1190 4060 Regni
1214 3983 1293 4041 tem·

178 4089 338 4161 pereunte
354 4091 496 4151 nostram
515 4085 751 4152 Excellentiam
768 4086 852 4152 Albe
868 4093 983 4153 contra
1008 4085 1221 4151 Mothmerum
1253 4081 1294 4148 de

180 4188 295 4269 prelato
310 4190 423 4277 predio
442 4191 675 4277 querimoniam
693 4193 918 4279 deposuerunt.
957 4193 1028 4274 Ego
1047 4210 1133 4275 uero,
1158 4188 1294 4256 veritate

182 4294 311 4380 undique
327 4299 571 4386 circumspecta,
597 4320 655 4386 per
686 4299 937 4368 adtestatiouem
967 4285 1105 4367 virorum
1138 4296 1293 4361 nobilium

184 4403 343 4470 veritatem
363 4405 409 4472 rei
427 4411 458 4472 et
474 4407 634 4474 iusticiam
650 4409 716 4474 iam
733 4409 892 4476 dictorum
910 4403 1143 4473 canonicorum
1176 4423 1294 4486 cogno·

185 4524 266 4576 scens
281 4514 538 4598 prenominatum
554 4515 703 4602 predium
720 4537 777 4602 per
793 4515 963 4583 eonsilium
980 4521 1011 4582 et
1027 4531 1194 4580 assensum
1205 4510 1295 4576 Prin-¹

188 4615 280 4706 ripum
297 4623 440 4694 Ecclesie
457 4623 672 4716 Zagrabieusi
688 4625 827 4716 reddidi,
854 4623 930 4694 dato
961 4623 1119 4697 advocato
1151 4617 1295 4718 Diouisio'
