3098 5132
635 867 706 935 148.

112 1064 255 1152 Turoqua
272 1069 365 1131 truci
378 1068 504 1154 pdspdk
520 1065 642 1133 Galaesi
657 1069 801 1152 spolotou'
817 1067 959 1134 draeiaelc
973 1072 1106 1156 epydu'ai
1115 1073 1231 1158 dpycic-

469 1174 527 1239 bea
543 1180 688 1240 canumet
704 1175 757 1240 dd.
783 1175 875 1242 1228.

210 1367 395 1437 Venerabili
412 1373 498 1454 patri
514 1378 547 1437 et
574 1369 704 1436 domino
735 1370 773 1436 G.
805 1370 864 1438 Dei
897 1373 1009 1455 gracia
1041 1371 1229 1458 Spalatensi

111 1475 355 1562 Arcbiepiscopo
371 1477 410 1542 Τ.
427 1477 641 1560 permissione
666 1477 790 1543 Diuiua
820 1479 1051 1562 Traguriensis
1083 1479 1229 1547 Ecclesia

114 1582 249 1650 minister
264 1584 400 1652 humilis
416 1603 487 1652 cum
514 1583 726 1652 inclinatione
751 1584 956 1652 devotionem
983 1594 1050 1653 tam
1084 1585 1228 1654 debitam

112 1709 198 1772 qurum
214 1692 376 1758 devotam.
402 1691 437 1758 Si
454 1712 505 1757 me
521 1712 588 1758 non
604 1692 762 1758 affixisset
780 1693 864 1758 lecto
891 1694 1034 1779 corporis
1061 1694 1228 1773 valetudo,
1315 1716 1319 1724 ’

115 1796 199 1881 longe
216 1799 385 1865 ardentius
402 1799 595 1884 inspirarem
612 1800 726 1881 lingua
742 1801 876 1884 propriu
893 1799 1010 1867 vestris
1027 1801 1157 1868 auribus
1173 1822 1228 1868 vo·

112 1905 255 1971 luntatem
272 1907 337 1972 mei
353 1907 465 1992 animi,
482 1926 579 1990 quam
604 1905 804 1973 committere
829 1905 943 1990 lingue
974 1906 1117 1974 officium
1149 1926 1228 1975 voce

112 2013 283 2080 carentibus
298 2014 419 2080 litteris
436 2020 468 2080 ct
485 2015 582 2081 cartis
600 2014 707 2080 mutis.
741 2013 807 2079 Sed
823 2015 902 2097 quia
928 2023 1068 2082 terrores
1094 2015 1225 2081 Domini

111 2119 271 2188 adversum
288 2141 340 2186 me
356 2120 509 2207 militant,
527 2131 654 2206 oportet
670 2141 722 2188 me
736 2120 903 2205 flagellum
921 2123 991 2187 cius
1010 2141 1092 2204 equo
1117 2127 1227 2190 animo

110 2225 260 2294 tollerare.
285 2227 373 2294 Saue
390 2248 462 2293 cum
478 2247 537 2312 per
553 2229 615 2296 Dei
631 2229 770 2310 gratiam
788 2227 859 2295 sitis
875 2231 927 2295 vir
943 2227 1101 2294 discretus
1112 2235 1144 2294 et
1154 2249 1226 2312 pro·

111 2334 204 2421 vidus,
221 2336 312 2402 etad
330 2335 440 2401 omnia
456 2333 549 2400 vobis
575 2333 751 2420 sufficiens,
768 2334 851 2402 adeo
884 2340 919 2401 ut
951 2354 1013 2400 nec
1043 2334 1229 2422 indigeatis,

109 2460 162 2509 neo
176 2441 351 2510 inhereatis
369 2440 519 2508 consiliis
535 2441 694 2526 aliorum,
724 2461 791 2510 non
817 2447 903 2508 essct
935 2442 1104 2529 sapientis,
1137 2441 1225 2510 erbi-

110 2550 178 2616 bere
193 2549 364 2616 consilium
380 2568 446 2613 non
464 2548 636 2632 quesitum.
675 2549 741 2615 Sed
757 2549 784 2616 si
807 2549 907 2616 'detur
934 2549 1041 2616 verbis
1073 2554 1225 2632 audacia,

111 2657 286 2723 reducerem
302 2675 411 2724 coram
430 2655 532 2722 oculis
558 2656 677 2723 mentis
708 2663 817 2724 vestre
849 2655 933 2724 illud
967 2656 1227 2728 Salomouicum:

110 2765 241 2832 ’Omnia
256 2763 312 2830 fac
329 2782 400 2830 cum
417 2763 552 2832 consilio
569 2772 634 2847 tuo,
652 2773 685 2830 ct
700 2773 831 2850 propter
847 2763 970 2832 factum
1002 2785 1066 2832 uon
1101 2767 1226 2851 penite-

108 2871 178 2938 bit.‹
201 2871 431 2957 Proposuistis,
447 2882 542 2956 pater
558 2871 747 2958 etdomine,
764 2871 900 2938 visitare
915 2872 1055 2952 Curiam,
1071 2879 1227 2957 streete,

111 2986 140 3046 ut
153 2979 392 3065 cognoscamini
408 2987 440 3046 et
457 2979 672 3064 cognoscatis,
699 2978 786 3062 quod
812 2985 930 3064 vestre,
962 2979 1050 3064 quod
1080 2980 1225 3046 Romane

107 3086 194 3154 uude
209 3088 377 3172 postulant
394 3087 550 3170 rationes,
576 3094 612 3152 ut
644 3086 823 3153 secundum
855 3085 1047 3172 Apostolum
1079 3089 1227 3155 omnibus

111 3195 241 3264 reddatis
256 3195 379 3282 debita,
397 3195 450 3262 cui
465 3194 620 3262 honorem
636 3193 802 3278 honorem,
819 3197 871 3260 oui
887 3195 1042 3262 tributum
1052 3191 1225 3276 tributum;

110 3312 141 3369 ut
153 3307 268 3372 nemini
284 3303 453 3388 quidpiam
471 3303 630 3386 debeatis,
647 3301 712 3368 nisi
728 3301 869 3371 debitum
882 3301 1067 3370 dilectionis
1077 3300 1228 3369 etdebite

110 3412 316 3480 subiectionis.
339 3411 405 3478 Sed
421 3411 559 3478 occurrit
573 3428 613 3477 cx
631 3409 770 3477 aduerso
795 3410 981 3477 vacantium
1005 3408 1226 3476 Ecclesiarum

20 3565 21 3574 2
111 3519 224 3587 means
241 3538 320 3585 cura
335 3524 368 3586 et
385 3517 583 3584 sollicitudo.
609 3517 736 3584 Vacant
752 3517 838 3584 enim
855 3518 965 3601 plures
980 3513 1127 3582 Ecclesia
1143 3513 1225 3598 Spa·

20 3607 22 3636 ’
110 3628 232 3696 latentis
248 3625 568 3711 Arcbiepiscopatus,
585 3624 630 3691 ad
640 3622 902 3708 subrogationem
912 3641 1048 3707 quarum
1060 3639 1119 3689 vos
1129 3641 1224 3704 opor·

20 3723 21 3812 Ῑ
111 3742 150 3802 tet
162 3733 336 3804 extendere
351 3731 618 3818 sollicitudinem,
636 3738 669 3799 ct
692 3731 726 3798 in
751 3729 899 3798 omnibus
912 3737 1109 3797 accuratam.
1133 3727 1226 3796 Licet

20 3821 22 3938 ζ
105 3844 183 3909 euim
198 3843 266 3909 sint
280 3837 428 3908 Ecclesia
445 3837 668 3932 cathedrales,
684 3857 749 3906 non
759 3845 870 3906 tumen
880 3844 957 3906 sunt
967 3835 1226 3920 Conventuales3

109 3959 137 4016 et
148 3951 201 4020 ubi
216 3968 275 4034 per
293 3948 543 4015 conventualem
561 3945 830 4014 deliberationem
845 3943 1145 4012 substituendorum
1155 3961 1225 4028 per·

20 4137 21 4142 ,
106 4076 247 4126 summm
264 4053 381 4122 electio
398 4075 461 4121 non
478 4053 637 4140 procedit,
653 4071 786 4122 neccsse
801 4061 860 4136 ost,
892 4058 928 4118 ut
944 4069 1002 4137 per
1018 4052 1152 4118 venales
1169 4053 1226 4119 lai-

20 4155 21 4240 }
109 4183 204 4232 corum
220 4182 347 4249 manus,
382 4161 439 4246 qui
456 4179 516 4229 nec
531 4161 706 4229 Dominum
733 4151 859 4246 timent,
893 4177 953 4226 nec
969 4156 1116 4224 homines
1135 4176 1226 4224 reve·

20 4275 21 4296 ¹
111 4277 220 4357 rentur,
236 4290 301 4337 non
318 4288 470 4356 persone,
485 4267 544 4336 sed
561 4287 774 4353 personarum
789 4267 885 4335 simis
909 4266 1153 4348 substituantur,
1185 4264 1227 4332 ds

20 4357 21 4416 l
106 4399 233 4461 quarum
248 4377 480 4446 substitutione
497 4387 620 4462 quanto
636 4381 847 4464 prorumpant
862 4371 1077 4458 incommoda,
1103 4371 1226 4458 experi-

20 4507 21 4546 f
108 4491 207 4554 mento
222 4483 405 4569 didicistis;
430 4485 601 4570 dequibus
618 4505 682 4552 nou
698 4491 748 4552 est
763 4481 858 4550 modo
874 4501 932 4568 per
956 4478 1089 4566 singula
1114 4478 1226 4564 dispu-

104 4599 178 4660 tare.
202 4595 319 4661 Verum
353 4595 495 4660 sirecte
524 4591 633 4659 volitis
658 4590 700 4661 ad
726 4597 882 4657 vacantes
915 4588 1085 4654 Ecclesiae
1115 4585 1227 4652 debite
