3120 5148
796 318 956 419 Q

8 474 30 525 g
93 540 94 543 ¹
210 564 212 566 -
307 517 418 582 ctione
433 514 547 599 aliqua
564 514 711 580 retinere.
749 511 964 582 Prohibemcs
981 514 1123 599 insuper,
1157 523 1192 580 ut
1208 512 1289 580 nulii
1305 511 1438 579 fratrum

316 629 504 702 uestrorum,
521 629 596 706 post
612 622 732 688 factam
757 621 791 686 in
821 621 1019 688 Monasterio
1046 628 1161 688 uestro
1192 620 1438 707 professionem,

314 731 433 817 fassit,
450 731 574 813 absque
590 730 730 798 Abbatis
747 731 797 796 sui
813 728 945 797 licentia
961 728 1003 796 de
1018 728 1131 795 eodem
1157 729 1228 795 ioco
1260 728 1439 807 discedere,

315 838 532 907 discedentem
550 857 625 904 uero
651 840 774 921 absque
800 836 1018 903 communium
1050 835 1229 903 litterarum
1260 843 1439 904 uestrarum

316 949 467 1015 cautione
483 946 589 1012 nullus
606 944 725 1012 audeat
741 943 891 1011 retinere.
932 941 1081 1010 Obeuntc
1097 962 1173 1010 uero
1190 950 1230 1025 te,
1245 963 1332 1009 nunc
1359 943 1439 1010 eius·

317 1057 391 1122 dem
407 1055 470 1122 loci
485 1053 624 1137 Abbate‚
642 1053 694 1119 uel
710 1059 837 1119 tuorum
854 1051 1003 1136 quolibet
1013 1069 1242 1133 successorum,
1260 1050 1370 1117 nullus
1380 1053 1440 1118 sibi

319 1163 465 1246 qualibet
481 1162 698 1246 subreptionis
730 1160 850 1226 astutia
882 1178 941 1226 seu
971 1158 1201 1223 beneuolentia
1232 1167 1441 1244 preponatur,

317 1273 379 1336 nisi
396 1290 492 1354 quem
509 1268 623 1335 frames
639 1268 798 1334 communi
816 1285 985 1349 consensu,
1001 1267 1053 1333 uel
1069 1267 1206 1332 fratrum
1223 1267 1325 1332 maior
1349 1286 1437 1352 pars,

317 1377 443 1462 consilij
460 1377 610 1460 sanioris,
627 1375 802 1441 secundum
820 1374 923 1440 Deum
939 1382 971 1440 et
986 1372 1170 1459 adprobata
1185 1374 1287 1440 uestri
1319 1373 1443 1440 ordinis

317 1487 467 1552 instituta
483 1482 689 1571 prociderent
707 1483 903 1566 eligendum.
944 1481 1156 1548 Decernimus
1171 1501 1259 1566 ergo,
1286 1487 1320 1547 ut
1335 1483 1443 1548 nullus

316 1596 448 1660 omnino
464 1593 628 1660 hominum
644 1590 766 1658 audeat
782 1590 942 1676 prefatum
959 1590 1190 1656 Monasterium
1221 1595 1343 1655 temere
1375 1610 1443 1676 per·

318 1703 461 1784 turbare,
477 1707 534 1767 aut
550 1699 619 1765 eius
645 1698 869 1782 possessiones
894 1699 1026 1776 suffere,
1053 1697 1107 1762 uel
1138 1695 1269 1764 ablatas
1299 1697 1444 1779 retinere,

320 1809 466 1874 minuere
482 1825 539 1874 seu
565 1806 762 1889 quibuslibet
785 1805 1031 1872 uexactionibus
1047 1805 1208 1889 fatigare3
1248 1805 1306 1870 sed
1337 1806 1444 1872 omnia

249 1917 253 1925 '
320 1918 448 1998 integre
464 1920 704 1998 conseruentur,
723 1933 843 1997 eorum,
861 1931 920 1997 pro
937 1931 1071 1994 quorum
1086 1912 1322 1995 gubernatione
1338 1920 1371 1980 et
1396 1933 1444 1980 su-

320 2022 513 2090 stentatione
531 2040 685 2088 concessa
701 2028 785 2104 sunt,
811 2021 924 2086 usibus
956 2019 1104 2086 omnibus
1135 2021 1325 2104 profutura3
1350 2021 1445 2088 salua

318 2130 414 2196 Sedis
430 2129 616 2214 Apostolice
631 2127 830 2195 authoritate
846 2133 878 2192 et
894 2126 1068 2192 Diooesani
1098 2126 1253 2213 Episcopi
1285 2131 1444 2197 canonica

321 2240 455 2304 iustitia.
480 2239 514 2305 Si
530 2256 596 2321 qua
612 2237 712 2318 igitur
737 2237 770 2301 in
794 2234 937 2302 futurum
968 2235 1195 2304 ecclesiastica
1226 2238 1447 2323 secutarisque

320 2365 458 2430 persona
474 2347 559 2412 hunc
584 2352 692 2411 nostre
724 2343 963 2411 constitutionis
995 2345 1150 2429 paginam
1180 2344 1298 2432 sciens,
1332 2354 1447 2413 eontra

318 2475 390 2521 eam
408 2463 529 2520 temere
546 2454 658 2518 uenire
675 2455 893 2537 temptauerit,
911 2450 1087 2518 seeundum
1104 2458 1215 2518 nostra
1240 2455 1446 2537 commonita,

319 2563 384 2627 nisi
398 2568 521 2626 reatum
538 2579 629 2626 suum
646 2577 788 2642 congrua
805 2559 1026 2626 satisfactione
1057 2559 1239 2644 correxerit,
1273 2563 1448 2643 potestatis

195 2751 197 2756 Δ
321 2670 516 2749 honorisque
532 2667 583 2734 sui
599 2677 709 2734 careat
735 2667 909 2750 dignitate,
926 2686 1080 2751 reamque
1110 2687 1146 2734 se
1177 2667 1298 2733 Diuino
1329 2669 1449 2738 iudicio

321 2778 461 2843 existere
478 2775 519 2842 de
535 2783 723 2860 perpetrata
738 2776 909 2860 iniquitate
926 2784 1108 2860 cognoscat,
1127 2783 1158 2840 ct
1184 2797 1205 2841 a
1231 2775 1447 2844 Sanctissimu

320 2882 462 2968 Corpore
479 2889 512 2949 et
527 2885 692 2966 Sanguine
707 2883 769 2948 Dei
787 2892 818 2948 et
834 2883 967 2948 Domini
985 2883 1209 2967 Redemptoris
1235 2885 1336 2950 nostri
1369 2885 1449 2951 Jesu

321 2991 440 3060 Christi
457 2990 646 3073 alienafiat,
662 2999 759 3075 atque
776 2993 809 3056 in
826 3000 968 3058 extremo
986 2992 1135 3057 examine
1161 2990 1306 3057 districte
1332 2991 1449 3059 ultioni

321 3100 498 3167 subiaceat.
534 3099 666 3166 Cunctis
682 3109 789 3165 autem
806 3098 912 3164 eidem
929 3099 1001 3164 loeo
1017 3118 1078 3165 sua
1094 3100 1166 3165 iura
1183 3098 1391 3166 sernentibus
1407 3102 1450 3166 sit

322 3230 387 3294 pax
403 3208 533 3276 Domini
553 3208 651 3273 nostri
670 3207 748 3274 Jesu
766 3205 896 3291 Christi,
914 3216 1070 3290 quatenus
1088 3216 1120 3274 et
1135 3207 1188 3273 bie
1205 3208 1344 3274 fructum
1366 3209 1450 3275 bone

321 3318 461 3382 actionis
476 3316 670 3401 percipiant,
688 3324 718 3380 et
736 3314 824 3399 apud
841 3314 1023 3380 districtum
1047 3315 1185 3382 iudicem
1212 3315 1340 3400 premia
1355 3318 1451 3400 pacis

322 3425 501 3491 inueniant.
519 3426 630 3490 Amen.

484 3532 535 3615 (R
552 3528 606 3616 u.)
1165 3528 1407 3616 (Ptuaiiesu)

320 3644 462 3723 tngo
486 3639 787 3705 Innocentius
821 3638 1092 3723 Apostolice
1125 3637 1334 3706 Ecclesie
1360 3639 1455 3725 Epi·

430 3765 591 3830 scupus
613 3765 655 3812 ss.
1169 3805 1173 3809 ,

320 3856 342 3930 †
360 3854 428 3936 Ego
445 3850 583 3932 Guithus
598 3853 644 3918 tit.
663 3852 774 3921 Sancti
791 3855 958 3939 Laurentij
979 3854 1011 3920 in
1027 3855 1150 3922 Lucina
1166 3855 1328 3921 Presbiter
1340 3853 1455 3920 Cardi-

428 3961 569 4028 nalisss.

320 4071 426 4153 †h]go
443 4069 576 4136 Gentius
602 4068 792 4137 Sanctorum
810 4070 971 4138 iohannis
988 4080 1020 4136 et
1036 4071 1130 4137 Pauli
1146 4070 1310 4138 Presbiter
1336 4069 1454 4136 Cardi-

429 4179 518 4245 nalis
535 4180 579 4245 tit.
598 4179 768 4245 Pamachii
785 4200 827 4246 ss.

322 4287 341 4364 †
359 4290 426 4371 Ego
443 4286 557 4353 Petrus
570 4287 621 4352 tit.
637 4286 749 4353 Sancti
765 4287 914 4354 biurcelii
932 4287 1094 4354 Presbiter
1111 4286 1295 4353 cardinalis
1313 4305 1358 4353 ss.

319 4396 424 4478 †Ego
442 4394 638 4460 Benedictus
655 4395 703 4460 tit.
720 4393 1005 4462 SanctcSusanne
1021 4397 1184 4463 Presbiter
1202 4393 1390 4461 Cardinalis
1406 4414 1454 4461 ss.

320 4502 341 4580 †
358 4505 424 4584 ugo
440 4502 598 4585 Rogerius
614 4500 777 4568 Presbiter
794 4502 981 4571 Ourdinalis
998 4504 1044 4569 tit.
1063 4503 1182 4569 Sancte
1198 4502 1376 4568 Anastasis
1402 4523 1453 4578 ss.

319 4609 342 4686 †
356 4611 426 4689 ligo
443 4609 557 4675 Petrus
570 4610 689 4674 Sancte
700 4609 901 4677 Pudentiane
914 4612 963 4678 tit.
975 4610 1111 4678 Pistoris
1122 4608 1289 4678 Presbiter
1299 4607 1398 4676 caru.
1409 4630 1459 4677 ss.
