3150 5162
644 367 805 463 Q-

154 581 217 628 nos
234 561 374 628 eandem
390 570 508 628 terram
523 563 566 628 ab
583 560 707 627 iniusta
723 561 930 647 impetitione
945 561 1087 629 liliorum
1116 563 1201 630 Rata
1234 565 1292 632 ab·

153 668 338 752 soluentes,
353 667 500 754 prediolo
517 667 714 736 lionasterio
731 669 932 736 restituimus
949 670 1018 736 iure
1033 678 1193 758 perpetuo
1218 690 1289 757 pos·

153 773 330 844 sidendsm
347 775 482 859 paoifioo
499 781 531 842 et
547 777 666 859 quiete.
708 773 754 843 Ut
769 776 870 861 igitur
884 775 979 844 huius
996 776 1043 843 rei
1058 777 1160 846 series
1192 778 1293 846 robur

153 883 305 950 obtineat
322 873 477 969 perpetue
492 883 665 967 firmitatis,
681 903 742 950 neo
757 883 824 951 ullo
841 903 982 968 unquam
999 903 1152 970 prooessu
1167 891 1290 971 tempo-

154 1010 230 1058 rum
247 1009 306 1075 per
321 989 407 1059 filios
426 992 513 1058 Rata
528 991 581 1058 rel
597 1010 707 1058 eorum
723 1009 927 1059 successores
958 990 1065 1078 possit
1095 990 1129 1058 in
1160 990 1287 1058 irritum

153 1099 317 1184 reuocari,
332 1093 503 1182 presentes
517 1097 712 1166 contulimus
729 1097 855 1166 litteras
872 1097 974 1184 sigilli
989 1097 1092 1166 nostri
1109 1097 1287 1168 munimine

155 1205 337 1273 roboratas.
362 1203 483 1272 Datum
508 1204 669 1288 Zagrabie
700 1227 786 1274 anno
818 1203 861 1272 ab
891 1205 1125 1274 Iuoarnaeione
1156 1204 1290 1273 Domini

156 1311 265 1380 MEO.
283 1313 555 1398 quinquagesimo
571 1333 672 1380 nono„

249 1509 410 1574 (Thaletica,
429 1512 555 1562 Menum.
574 1511 639 1561 hist.
659 1511 750 1576 Epioe.
769 1509 964 1576 zagrubiensis
982 1509 1006 1561 1.
1024 1509 1085 1561 not.
1106 1513 1168 1560 244.
1187 1509 1219 1572 1.)

595 1793 863 1807 *σῇ-

692 2327 768 2398 327.

159 2529 209 2595 Aa
224 2531 297 2618 apri
312 2530 538 2615 kuptolanaok
554 2527 817 2614 liroayscipleoele
835 2528 1014 2616 Olympias,
1039 2531 1188 2598 Batonoi
1218 2527 1295 2596 Ger·

393 2635 468 2722 qely
483 2637 612 2724 neje'aek
629 2635 939 2722 oepintoaltedesorll.
964 2635 1064 2702 1259.

270 2829 394 2899 Amiois
432 2829 500 2898 suis
530 2829 731 2897 Reuerendis
761 2827 912 2918 Oapitulo
943 2830 1093 2900 Euolesie
1124 2831 1294 2916 Agriensis

161 2938 320 3006 Nicolaus
336 2937 377 3004 de
393 2936 482 3004 Gara
497 2935 601 3021 Regni
618 2936 787 3022 Hungarie
803 2937 975 3005 Palatinus
991 2944 1024 3004 et
1049 2935 1156 3005 Judex
1181 2939 1296 3007 Goma-

161 3065 276 3112 norum
292 3043 353 3111 stb.
378 3042 552 3126 Nonnullis,
585 3041 671 3125 qnod
687 3064 759 3110 oum
775 3043 931 3128 Magister
945 3043 1121 3111 Ladlslaus
1139 3043 1179 3110 de
1211 3045 1294 3112 Rou-

161 3174 226 3237 gon
243 3152 409 3219 domiuum
425 3149 586 3216 Brittium
601 3151 804 3236 Prepositnm
831 3151 976 3218 Ecclesia
1007 3157 1124 3238 vestre,
1156 3157 1190 3218 et
1219 3153 1295 3222 Bla·

78 3341 84 3348 .
161 3263 243 3328 sium
261 3257 303 3324 de
317 3259 435 3342 Monte,
454 3278 493 3326 ae
508 3259 649 3326 nobilem
667 3258 833 3326 dominam
850 3259 985 3325 Elenam
1000 3257 1102 3326 filiam
1121 3259 1230 3346 Egidij
1252 3259 1296 3330 de

162 3367 277 3435 eadem
294 3371 444 3450 pretextu
461 3365 679 3452 possessionis
695 3365 829 3432 Babona
846 3373 962 3436 uooate
977 3369 1011 3433 in
1028 3365 1191 3434 Comitatu
1220 3369 1297 3434 Bor·

160 3474 306 3542 sodiensi
324 3473 514 3555 existentis;
554 3481 704 3558 preterea
719 3472 792 3557 ipsa
809 3473 943 3540 domina
959 3475 1064 3541 Blera
1079 3475 1215 3542 raoione
1232 3494 1295 3541 me·

164 3583 298 3652 dietatis
315 3585 458 3648 eiusdem
475 3581 691 3667 possesuonis
707 3582 843 3648 Babona
859 3583 1074 3650 Laurentium
1090 3582 1131 3650 de
1155 3582 1295 3670 Komey,

161 3699 193 3757 et
224 3689 414 3758 Ladislanm
448 3689 550 3756 filium
582 3709 676 3756 suum
706 3709 764 3775 per
794 3690 931 3775 Regium
963 3698 996 3758 et
1026 3697 1151 3758 vestros
1194 3689 1296 3756 homi-

162 3819 219 3868 nes
252 3803 364 3865 eontra
394 3815 467 3864 sese
500 3799 543 3863 ad
560 3801 695 3864 oolanas
710 3797 787 3864 festi
813 3799 909 3865 Beati
940 3797 1120 3886 Myohaelis
1151 3795 1296 3864 Arohan·

166 3905 233 3990 geli
250 3903 397 3988 proxime
414 3903 558 3989 preteriti
576 3911 710 3970 seruata
726 3903 832 3971 forma
847 3905 993 3990 legitime
1024 3902 1297 3991 reoaptinaolonis

162 4015 197 4080 in
214 4032 348 4080 causam
366 4011 599 4078 convenissent
615 4012 680 4077 stb.
697 4007 876 4098 (tobbsultri
893 4013 1066 4098 porogatio
1082 4015 1159 4079 ulan
1176 4030 1215 4074 an
1230 4018 1299 4095 tigy

162 4125 262 4204 rtgre
283 4119 348 4184 »ad
366 4127 501 4186 oolauas
528 4121 759 4187 Pentecostese
793 4119 1070 4201 elhalasztatvtn3
1093 4138 1109 4184 s
1141 4115 1246 4184 ekkor
1276 4137 1298 4184 a

162 4227 306 4314 felperes
323 4223 517 4310 olrmanyait
532 4223 715 4306 fethozrsn,
747 4225 894 4292 ezeknek
911 4224 1093 4312 iranyaban
1111 4243 1150 4288 az
1176 4223 1299 4307 alpers-

160 4335 223 4404 sek
240 4334 298 4400 het
315 4332 473 4419 okmrinyt
487 4334 659 4400 muiatnak
677 4330 760 4421 fel);
780 4354 916 4419 quarum
933 4335 1039 4419 prima
1059 4339 1169 4400 vestra
1185 4329 1299 4395 littera

161 4439 382 4528 priuilegialis
398 4440 571 4527 alphabeto
588 4443 742 4509 intercisa
758 4461 845 4508 anno
862 4441 994 4508 Domini
1010 4441 1060 4507 Me
1077 4437 1298 4506 ducentesimo

158 4549 429 4636 quinquagesimo
455 4569 541 4618 nono
574 4550 665 4618 edita
699 4551 910 4635 exprimebat,
943 4547 1029 4633 quod
1061 4567 1134 4616 oum
1165 4546 1299 4612 domina

158 4657 335 4747 Olympias
353 4655 423 4722 lilia
440 4655 586 4724 Matheus
604 4657 644 4725 de
659 4655 738 4740 Pok,
758 4677 837 4724 vxor
854 4657 1004 4742 Gregorij
1022 4655 1064 4722 de
1083 4655 1303 4739 Babonagra·

271 4790 476 4830 nortmanno.
492 4793 563 4829 ruer.
584 4799 621 4812 ·-
639 4791 711 4830 nuru.
726 4791 771 4831 xx.
1151 4763 1194 4828 30
