3078 5128
858 235 1017 336 „mc—

377 427 552 510 Rugusinis
585 429 632 493 ire
649 429 692 493 od
723 429 931 496 mercandum
949 451 970 494 a
987 429 1072 496 cnlfn
1090 429 1221 495 Coranti
1252 430 1347 498 inira.
1364 431 1401 496 In
1426 429 1491 495 eliis

380 553 456 601 vero
472 528 621 619 partibus
638 537 745 604 vetitis
761 557 819 622 per
829 535 994 604 dominnm
1004 539 1125 604 Ducem
1142 537 1358 606 veneciarum
1375 541 1420 604 ire
1435 559 1489 604 non

378 642 517 709 debeant
549 643 708 729 Ragusini
740 646 803 712 nisi
834 644 1011 712 secundum
1044 644 1131 730 quod
1162 645 1299 712 fecerint
1315 643 1438 712 Veneti.
1457 643 1489 709 In

372 751 523 818 Veneciis
554 771 629 819 vero
662 773 725 818 non
758 753 876 820 debent
908 753 1016 820 iacere
1032 754 1190 836 Ragusini
1223 737 1400 821 mereatum
1425 771 1488 817 cum

369 857 552 928 foristeriis.
570 861 612 926 Et
628 861 688 927 hee
714 862 889 930 eoncordia
913 868 944 928 ct
961 869 1091 946 pactum
1116 861 1233 928 amodo
1250 862 1412 944 usquead
1429 867 1486 926 tres

372 985 475 1034 annos
491 968 638 1053 expletos
653 969 815 1036 firmatum
832 975 881 1036 est
897 975 929 1036 et
938 970 981 1036 ab
992 975 1130 1054 utraque
1149 974 1241 1054 parte
1257 968 1356 1036 debet
1369 967 1488 1033 firmiter

371 1075 545 1161 observari,
562 1082 594 1143 et
610 1081 735 1144 tontum
752 1079 827 1164 plus
843 1083 999 1162 quantum
1016 1078 1176 1160 placuerit
1190 1076 1323 1144 domino
1340 1075 1421 1142 Duei
1435 1074 1487 1140 Vc·

373 1183 547 1250 neniarum.
564 1184 702 1270 Insuper
718 1205 776 1252 nos
792 1185 940 1254 iamdicti
956 1185 1091 1253 Binzoin
1107 1185 1250 1252 Bobaeie
1266 1191 1300 1254 et
1316 1183 1482 1251 Gervssius

369 1289 540 1379 Naimerii,
557 1293 661 1358 nuntii
688 1302 719 1358 et
750 1301 976 1378 procuratores
1008 1293 1157 1360 Civitatis
1188 1292 1336 1380 Regusii,
1352 1311 1410 1377 per
1434 1311 1485 1358 nos

368 1407 401 1468 et
417 1399 536 1466 dictum
553 1399 729 1468 Commune
739 1402 875 1486 Regusii
886 1403 1030 1468 iuramus
1040 1399 1083 1466 ad
1098 1401 1221 1468 Sancta
1237 1400 1300 1466 Dei
1315 1399 1486 1483 Evangelia

368 1489 467 1595 supra
498 1508 625 1576 animas
656 1517 786 1576 nostras
819 1518 852 1576 et
883 1511 1024 1577 omnium
1054 1510 1220 1576 hominum
1254 1508 1386 1592 Ragusii
1411 1509 1486 1574 hanc

368 1617 574 1686 concordiam
605 1625 637 1686 et
669 1625 809 1708 pactum,
841 1627 876 1686 ut
906 1620 1027 1688 dictum
1060 1618 1284 1704 estsuperius,
1318 1619 1441 1684 firmum
1455 1621 1482 1680 ct

368 1733 474 1795 ustum
491 1727 621 1814 habere,
639 1735 670 1794 et
687 1728 775 1795 nullo
792 1729 886 1796 modo
903 1729 1134 1796 contravenire.
1152 1727 1188 1794 In
1206 1729 1302 1794 huius
1318 1735 1425 1793 autem
1445 1723 1484 1790 rei

368 1835 597 1916 testimonium,
608 1844 640 1903 et
656 1843 690 1902 ut
705 1836 765 1902 hec
781 1835 886 1921 magis
897 1838 993 1902 robur
1009 1835 1154 1922 optineat
1170 1833 1346 1921 firmitatis,
1363 1851 1485 1920 presens

367 1947 498 2027 paetum
531 1950 575 2010 et
595 1943 802 2012 concordiam
832 1945 928 2012 iussit
958 1945 1132 2011 iamdictus
1163 1943 1315 2009 dominus
1340 1943 1416 2006 Dux
1440 1937 1483 2004 sui

367 2050 469 2136 sigilli
486 2051 662 2118 munimine
676 2052 832 2119 roborari.
849 2055 970 2118 Datum
987 2051 1138 2118 Veneciis
1154 2051 1187 2117 in
1204 2050 1330 2136 palatio
1349 2051 1485 2115 Ducatus

366 2179 423 2243 per
454 2181 585 2226 manum
617 2159 779 2228 Gabrielis
811 2159 958 2228 Scriboni
976 2160 1129 2243 Ducntus,
1163 2160 1240 2226 nule
1278 2157 1484 2224 Veneeiarum

366 2269 489 2338 Scribe.

366 2468 465 2534 (Engel
484 2466 572 2520 senos
591 2469 763 2533 Kereszttly,
784 2469 952 2521 Gesehichte
980 2469 1028 2520 des
1057 2469 1240 2533 Freystnntes
1271 2468 1395 2534 Regusa,
1424 2464 1484 2516 Btcs

368 2563 444 2610 1807.
466 2563 524 2610 289.
545 2561 563 2609 1.
583 2561 705 2626 Ljubics‚
724 2561 852 2614 Monum.
871 2565 956 2625 spect.
977 2561 1044 2610 hist.
1065 2558 1140 2609 Βίαν.
1159 2559 1260 2608 Merid.
1285 2559 1307 2608 1.
1328 2559 1387 2608 kint.
1407 2561 1447 2606 tt.
1466 2555 1481 2604 1.

364 2651 390 2698 A
408 2650 537 2715 belgredi
551 2651 634 2702 tudts
654 2651 782 2717 tamastg
800 2651 1019 2716 Glssznikjeibnn
1037 2651 1099 2700 XV.
1126 2650 1184 2700 ket.
1219 2654 1278 2700 las.
1298 2649 1317 2698 l.
1349 2647 1428 2698 Taiel
1457 2647 1482 2694 es

366 2737 495 2802 Thomas,
516 2741 669 2792 Urlrunden
688 2755 738 2792 zur
757 2743 865 2792 tlteren
896 2739 1031 2792 Hsndels·
1064 2740 1122 2791 und
1152 2739 1409 2804 Stantsgoschr'chts
1438 2737 1482 2786 der
1528 2795 1529 2799 ἵ

573 2831 713 2896 Republitr
732 2831 865 2896 Vencuig,
884 2830 952 2880 Becs
973 2834 1050 2880 1856.
1070 2830 1107 2879 II.
1127 2829 1186 2878 kot.
1207 2831 1279 2892 307.)

362 3885 405 3955 II.
421 3891 532 3956 saure
547 3893 723 3975 kindiprrulc
741 3893 857 3958 Sostrat
874 3901 955 3958 neoti
970 3895 1123 3980 isclysaffqct
1142 3899 1295 3980 trirypuzo
1306 3897 1481 3978 adomrinpu

575 4001 672 4064 Νάησ
689 4001 819 4085 lciruilyi
825 4001 975 4084 stilocone
991 4008 1147 4068 azcimn'ru.
1170 4005 1266 4068 1233.

467 4195 504 4259 In
536 4194 665 4261 nomine
681 4196 799 4262 Sancte
818 4195 990 4262 Trinitatis
1007 4205 1040 4262 et
1054 4197 1227 4266 Indiuiduc
1246 4199 1400 4266 Vnitatis.
1427 4199 1483 4263 Ao·

361 4301 457 4368 ducas
475 4305 537 4368 Dei
555 4305 667 4386 gracia
685 4306 835 4391 i'ngaric,
856 4305 1031 4390 iialnmcie,
1048 4307 1240 4392 Crohachic,
1273 4309 1384 4387 Rome,
1419 4307 1483 4372 Scr-

361 4409 421 4491 uie‚
441 4411 565 4478 (inlicie
585 4413 836 4497 Loulomericquc
853 4414 921 4478 Rex
940 4414 970 4478 in
1004 4425 1205 4500 perpetuum.
1246 4415 1483 4501 Circumspeua

362 4520 484 4602 Regum
503 4518 678 4604 dapsilitas
694 4521 769 4588 licat
786 4519 828 4587 uui
845 4529 938 4588 notos
956 4533 988 4590 et
1005 4525 1186 4607 incognitos
1204 4526 1391 4610 oppinionis
1406 4527 1483 4590 bone
