3150 5162
365 1147 535 1216 Beretum
550 1145 690 1236 Repete
706 1148 738 1214 de
749 1143 894 1252 Ι(ἶιιιίιινο
910 1147 990 1213 test.
1015 1145 1112 1216 1257.

284 1343 382 1412 Anne
429 1343 666 1412 incarnationis
699 1341 831 1410 Domini
862 1341 1033 1412 millesime
1083 1342 1303 1415 dueentestmo

171 1450 450 1536 quinquagesimo
466 1452 616 1538 septimo,
633 1450 753 1518 mensis
767 1445 957 1518 Deeembris
973 1457 1065 1518 sexte
1082 1449 1136 1519 die
1152 1459 1304 1536 exeunte,

172 1559 357 1628 indietiune
387 1559 502 1644 quinte
531 1557 667 1626 decimu.
697 1557 767 1626 Nos
798 1555 919 1644 Desen,
951 1556 995 1624 de
1013 1555 1167 1626 mundato
1183 1558 1305 1627 demini

172 1666 307 1736 Vreseii
322 1665 529 1734 invietissimi
543 1665 642 1750 Regis
660 1663 776 1734 Comes
792 1663 910 1752 Gnmri,
920 1663 1054 1733 Jndiees
1071 1671 1104 1732 et
1120 1665 1308 1734 consiliarii

174 1793 252 1842 enm
269 1771 438 1840 vuluntate
460 1772 559 1840 tetius
576 1771 688 1859 pupuli
706 1770 856 1839 Civitatis
872 1771 1028 1858 predicte,
1045 1789 1085 1840 ue
1100 1773 1206 1840 sonitu
1222 1793 1307 1843 eum-

174 1899 266 1968 psne
281 1879 317 1947 in
330 1879 486 1947 concione
501 1877 769 1967 sedentes,istud
795 1881 978 1960 statuimus,
1004 1883 1043 1945 ut'
1066 1885 1197 1965 puetnm
1214 1881 1306 1968 peeis

176 1987 332 2056 habende
356 2005 427 2054 enm
453 1985 639 2056 hominibus
657 1985 796 2080 Ragusii
812 1984 1041 2072 stabiliremus,
1059 1985 1102 2052 ud
1117 2005 1199 2070 quos
1214 1988 1305 2057 Basi-

175 2097 256 2164 linm
273 2095 426 2164 Dubrsee
442 2101 476 2163 et
489 2095 673 2164 iohannem
703 2095 789 2180 (lige
819 2093 1052 2164 destinavimus
1084 2095 1213 2184 missos,
1242 2116 1301 2182 pru

176 2201 369 2272 stabilitatis
399 2209 496 2290 pente
528 2223 599 2272 eum
616 2201 738 2271 eisdem
753 2202 888 2271 tirmiter
904 2201 1053 2272 laniendo
1070 2198 1114 2268 ud
1129 2202 1201 2288 hoe,
1218 2203 1303 2272 inter

180 2311 354 2379 Givitutem
368 2310 505 2397 Rugusii
520 2317 553 2379 et
568 2311 717 2380 homines
731 2312 929 2396 Rugusinos,
945 2316 977 2378 et
992 2309 1165 2410 Civitatem
1192 2311 1303 2380 (laturi

180 2426 213 2488 et
227 2418 377 2487 homines
393 2419 566 2495 (letarinue
581 2439 665 2508 pure
680 2417 827 2488 umieitie
841 2427 1025 2506 perseveret
1041 2439 1104 2486 nun
1128 2420 1214 2507 liuta,
1241 2441 1304 2505 que

177 2527 242 2594 Dei
251 2524 425 2594 dementis
434 2527 596 2615 suscipiet
605 2528 847 2596 inerementnm.
859 2525 940 2596 (lum
957 2547 1034 2597 vero
1049 2527 1134 2595 inter
1149 2527 1305 2596 civitates

178 2646 337 2722 utrasque
351 2634 416 2702 inm
432 2633 595 2720 prediems
612 2642 645 2704 et
660 2633 807 2704 hemines
826 2631 1013 2702 eurumdem
1045 2633 1184 2720 quedam
1200 2635 1307 2705 iuerat
1412 2619 1419 2629 ’

179 2751 294 2814 exorte
323 2740 497 2826 uecordia,
524 2741 568 2810 sd
583 2742 651 2810 tale
670 2738 875 2810 eoncordium
895 2739 958 2810 Dei
975 2741 1099 2811 anxilio
1116 2741 1305 2813 devenimus
1328 2771 1330 2775 ·

178 2870 309 2936 semper
333 2851 530 2938 habendum,
558 2850 618 2920 sub
643 2851 702 2919 teli
729 2851 882 2919 videlieet
907 2849 1114 2920 eondieione:
1148 2859 1184 2920 nt
1210 2854 1307 2921 Geta·

179 2981 291 3030 renses
304 2961 487 3046 Rugusinm
503 2959 551 3028 ire
561 2960 706 3030 volentes
722 2960 825 3028 libere
842 2981 951 3028 emere
964 2967 997 3028 et
1006 2961 1149 3028 vendere
1164 2960 1306 3066 valeant,

178 3072 304 3138 nullum
328 3069 520 3137 exhibentes
547 3069 687 3136 duenem
714 3075 850 3156 exeeptu
875 3069 926 3136 illi
953 3069 1157 3156 Gutsrenses,
1185 3068 1305 3169 qui'in

178 3176 320 3261 Rugusio
335 3181 511 3262 epotegam
527 3181 680 3262 tenerent,
696 3175 837 3244 (inunum
848 3177 1037 3263 persolvant
1048 3181 1082 3242 ut
1092 3173 1189 3242 eeteri
1199 3177 1305 3260 Regu·

181 3304 302 3354 senses.
319 3285 475 3353 Similiter
491 3290 523 3351 et
538 3283 685 3353 homines
700 3283 837 3370 ngusii
854 3284 1006 3352 Catemm
1022 3283 1134 3350 venire
1148 3282 1306 3370 volentes,

179 3392 280 3460 libere
290 3413 399 3462 emere
415 3400 447 3460 et
463 3391 606 3460 vendere
620 3393 765 3480 valeant,
780 3392 905 3460 nullum
921 3389 1137 3478 persolvendo
1155 3388 1304 3478 duanam,

180 3499 243 3568 uisi
268 3507 376 3570 tumen
393 3501 444 3568 illi
457 3503 676 3586 Rugnsenses‚
700 3501 804 3586 quiin
821 3499 940 3570 (letare
956 3505 1129 3586 upotegem
1144 3503 1303 3586 tenerent,

180 3608 263 3675 sient
287 3607 385 3676 ueteri
419 3607 613 3676 (interesses
650 3609 793 3675 duanam
818 3607 1017 3694 persolvant.
1042 3605 1305 3684 Quamobrem

180 3715 353 3801 plurimum
369 3716 548 3803 sepientes,
559 3723 595 3783 nt
610 3735 746 3802 presens
762 3715 918 3800 seriptum
936 3721 970 3782 et
985 3711 1190 3782 eoneordinm
1206 3715 1305 3781 robur

180 3819 332 3908 deinceps
359 3829 467 3892 teneat
490 3824 654 3892 firmitatis
679 3842 720 3890 ee
745 3819 979 3890 inviolabiliter
1004 3823 1204 3906 observetur,
1218 3819 1305 3906 qnod

178 3951 311 4018 presens
325 3930 480 4018 seriptum
495 3932 566 3998 fieri
581 3929 716 3998 ieeimns
727 3949 785 4016 per
795 3948 925 3996 menum
936 3927 1074 3997 Diueuni
1089 3926 1195 3998 lliulre
1212 3925 1305 4016 (lige,

178 4039 363 4109 Communis
372 4040 506 4109 Jnretns
515 4038 679 4126 Notarius,
694 4057 766 4107 enm
776 4037 870 4123 signo
881 4035 1026 4111 eiusdem
1042 4043 1188 4126 assueto,
1203 4055 1304 4121 quem

176 4155 360 4232 presentem
401 4147 557 4233 paginam
597 4150 705 4214 nostre
737 4143 985 4214 communitatis
1015 4142 1123 4230 sigillo
1139 4141 1243 4232 lieeim
1264 4161 1302 4221 ne

177 4273 379 4326 eommunia.

269 4451 408 4516 (Exedetie
426 4452 610 4519 bbrhdrtytn,
639 4451 751 4504 ebeesi
770 4449 894 4504 meineri
911 4450 1000 4508 titios
1020 4448 1213 4521 tevtlttrbsn.)
