3120 5148
79 1279 124 1344 ll.
139 1277 245 1345 Eudre
260 1277 438 1364 kirdlynulr
448 1279 695 1365 privilegiatae,
711 1279 858 1364 melylyel
886 1279 949 1344 III.
977 1277 1062 1343 Be'la
1087 1277 1199 1364 kirtly

83 1390 205 1454 rrae-lei
214 1387 462 1476 priuilegiumdt
477 1385 665 1472 megerb'sr'te',
682 1386 876 1474 Fruopepciu
900 1385 1011 1454 Gurdo
1038 1391 1198 1451 szdmdra.

511 1489 514 1494 ’
590 1493 685 1559 1209.

180 1692 216 1758 ln
245 1691 378 1759 nomine
410 1691 529 1758 Sancte
559 1689 729 1758 Trinitatis
767 1695 801 1758 et
831 1687 1005 1758 Indiuidne
1043 1687 1197 1756 Vnitatis.

83 1799 221 1868 Andreas
236 1801 300 1866 Dei
319 1800 431 1884 grauia
447 1799 626 1885 Hnngarie,
642 1797 823 1884 Dalmaoie‚
840 1797 985 1886 Oroaeie,
1002 1801 1103 1866 Rama
1127 1797 1199 1864 Ser·

88 1907 197 1990 sieque
211 1908 279 1974 Rex
296 1907 329 1972 in
347 1915 549 1992 perpetuum.
573 1905 675 1988 Regio
691 1904 889 1972 Sublimitali
905 1903 1049 1991 interest,
1065 1909 1097 1971 et
1113 1905 1201 1989 equi·

87 2021 136 2081 las
150 2015 261 2081 suadet
276 2015 447 2100 naturalis,
463 2021 498 2081 nt
514 2014 569 2098 qui
586 2025 646 2082 sue
661 2019 785 2080 statuta
810 2033 831 2079 a
862 2013 929 2080 suis
961 2013 1201 2080 snroessoribus

91 2123 227 2191 omnibns
244 2124 412 2192 desiderat
428 2123 603 2212 obseruari,
618 2124 691 2209 ipse
706 2141 835 2208 quoqne
850 2143 981 2190 suorum
1002 2120 1202 2206 predecesso·

85 2250 151 2297 rnnr
165 2234 354 2301 sanctiones
369 2231 442 2318 pari
467 2231 645 2299 stabilitate
669 2231 799 2298 studeat
825 2231 1013 2316 obseruare,
1044 2235 1079 2296 ut
1109 2231 1203 2296 nulla

85 2347 234 2408 retuslule
249 2339 482 2428 dissoluantur,
501 2359 564 2424 qne
580 2339 826 2406 succedentium
842 2339 905 2407 sibi
921 2340 1046 2422 Regum
1063 2337 1202 2406 auetori-

85 2455 133 2512 tas
147 2449 213 2532 pari
230 2449 409 2515 stabilitate
425 2447 567 2516 decreuit
583 2448 743 2515 roborare.
784 2446 889 2525 Quum
904 2447 1003 2531 igitur
1020 2443 1140 2512 Diuine
1155 2465 1202 2512 re-

85 2555 279 2622 cordationis
295 2562 388 2642 pater
404 2561 515 2623 noster
529 2555 610 2623 Bela
626 2557 696 2622 Rex
713 2555 801 2622 lideli
818 2562 939 2641 nostro,
971 2551 1202 2640 Bartholomeo

87 2659 194 2729 Comiti
209 2673 329 2731 terram
345 2663 379 2730 in
396 2664 522 2730 Banatu
538 2665 597 2731 tali
612 2662 766 2732 libertate
791 2664 927 2732 eontulit
951 2661 1197 2749 possidendam,

87 2775 209 2856 nteam,
226 2770 256 2838 si
281 2771 349 2837 filio
376 2771 528 2858 caruerit,
555 2773 745 2855 cuicumque
777 2771 818 2839 de
848 2769 1103 2856 consanguineis
1135 2770 1203 2837 suis

88 2877 221 2964 soluerit,
238 2887 315 2964 post
331 2899 367 2946 se
382 2877 485 2964 possit
508 2879 692 2964 relinquere
723 2879 973 2967 possidendam
998 2899 1058 2946 nos
1090 2875 1204 2944 eadem

89 2983 227 3052 libertato
243 2985 309 3052 sibi
327 2985 563 3074 confirmantes,
582 2995 615 3053 et
631 2988 766 3073 petitum
785 2986 887 3073 ipsius
904 2987 1077 3072 benignius
1088 2985 1204 3050 admit·

87 3099 191 3180 toules,
208 3093 318 3181 nepoti
334 3113 393 3161 sno
410 3093 528 3162 domiti
545 3095 687 3166 Gvidoni
703 3093 744 3161 de
761 3093 888 3183 Wegla,
920 3113 1015 3178 quem
1033 3091 1096 3161 sibi
1113 3093 1204 3158 here-

90 3199 153 3267 dem
168 3201 318 3289 institnit,
335 3221 503 3289 concessa,
520 3209 555 3269 ut
570 3201 599 3270 si
615 3204 720 3288 ipsum
738 3201 884 3290 prediolo
900 3201 1128 3267 Bartholomeu
1145 3195 1203 3263 Oo-

89 3307 159 3376 nite
173 3317 289 3396 patruo
305 3329 364 3376 suu
381 3309 591 3396 superuiuere
608 3310 812 3397 contingerit,
829 3309 885 3376 illo
902 3309 974 3376 sine
1002 3306 1120 3374 herede
1152 3305 1204 3374 de·

93 3415 364 3506 ostentaturum
381 3435 475 3503 quam
495 3439 534 3487 ex
550 3417 666 3504 Regali
683 3419 837 3486 beneficio
854 3415 939 3485 idem
959 3413 1205 3484 Bartholomeus

90 3533 239 3593 meruerat
256 3525 412 3613 obtinere,
428 3527 498 3612 ipse
513 3525 621 3595 Guido
637 3525 751 3596 eodem
767 3525 837 3594 iure
853 3532 1009 3613 perpetuo
1025 3525 1203 3612 possideat.

91 3629 244 3700 litantem
260 3641 374 3702 nostre
390 3633 646 3703 confirmacionis
662 3637 767 3703 series
783 3635 946 3722 prelibata
970 3641 1125 3721 perpetue
1156 3630 1205 3698 lir-

90 3737 203 3808 rnitatis
219 3743 317 3808 robur
333 3739 487 3828 obtineat,
503 3745 648 3830 presenti
673 3746 796 3831 pagiua
827 3741 871 3810 ad
902 3741 1057 3809 notioiam
1089 3737 1206 3806 deduei

93 3849 291 3932 posteritatis,
310 3855 342 3916 et
358 3851 458 3934 Regis
484 3851 689 3919 auctoritatis
721 3849 832 3936 sigillo
863 3849 1018 3918 iussimus
1049 3847 1204 3917 roborari.

90 3951 198 4022 Datum
214 3977 273 4044 per
290 3978 405 4026 manns
422 3960 551 4028 Roberti
568 3959 649 4028 Aule
664 3965 776 4028 nostre
793 3955 990 4044 Cancellarij
1003 3955 1207 4024 annoDomi·

89 4060 661 4138 nirelnoarnaoionisM⁰OO⁰nono
696 4065 885 4134 Venerabili
916 4061 1068 4132 Johanue
1097 4063 1208 4131 Archi*
1248 4046 1251 4054 ’

92 4169 242 4257 episeopo,
272 4174 464 4244 Reuerendo
480 4177 635 4244 Bertoldo
652 4175 818 4244 Colooensi
835 4175 946 4241 Eleate
977 4173 1204 4259 existentibus,

90 4275 204 4347 Gaiano
219 4280 571 4366 Qninqueeeulesiensi,
587 4285 740 4354 Boleslao
757 4284 935 4370 Waoiensi,
948 4283 1098 4369 Katpano
1108 4283 1202 4366 Agri·

90 4383 167 4472 ersi,
182 4388 313 4458 Simone
328 4392 551 4482 Waradiensi,
583 4393 753 4461 Desiderio
770 4391 1005 4478 chanatiensi,
1037 4389 1208 4458 Willermo

91 4493 312 4588 Transiluano,
347 4499 517 4568 Gutbardo
548 4501 775 4587 Zagrabiunsi‚
806 4501 902 4569 Petro
919 4497 1082 4566 lauriensi
1099 4500 1209 4567 Euole-

88 4599 156 4668 sias
170 4603 227 4674 llei
244 4607 384 4678 lelieiter
401 4611 657 4697 gubernantibus
672 4634 679 4696 3
696 4611 779 4678 Putb
796 4607 999 4676 Musuniensi
1015 4615 1048 4674 et
1058 4603 1209 4674 Palatino

91 4709 218 4804 Currite,
249 4717 402 4798 Buteone
432 4719 536 4812 Baro,
568 4719 746 4792 Benediolu
778 4714 948 4809 Woyuoda
978 4715 1206 4810 existentibus,
