3078 5128
558 307 716 411 -arjr-

90 503 170 589 pacis
185 512 293 572 tamen
311 506 490 572 retulerunt
521 505 630 572 taliter
662 504 863 590 ordinatam
888 505 1039 573 videlicet
1071 512 1211 595 terramr

87 631 174 694 quarn
188 609 381 696 iobag'iones
397 611 506 680 Oostri
523 611 638 680 Castro
654 612 695 680 de
709 613 780 680 iure
796 613 958 698 pertinere
974 613 1133 699 sciebant,
1160 616 1211 682 alr

88 717 151 804 ipso
164 720 289 803 Remeg
304 726 507 806 receperunt,
539 726 572 787 et
587 719 808 790 castrensibus
827 719 867 787 de
898 720 993 787 dictis
1025 739 1083 788 sex
1114 721 1201 790 villis

88 827 302 910 restituerunt;
334 825 393 896 sed
424 832 542 892 terram
572 827 803 895 hereditariam
835 827 912 895 dicti
941 830 1071 914 Remeg,
1103 847 1201 912 quam

88 938 258 1002 castrenses
273 935 370 1002 trium
387 933 538 1002 villarum
555 933 687 1002 nomine
704 935 810 1002 Oboni
828 935 958 1021 abipso
983 934 1203 1020 requirebant,

87 1040 210 1110 dicendo
227 1061 301 1110 eam
318 1049 437 1109 terram
455 1041 574 1127 Castri,
592 1039 697 1109 eidem
713 1043 845 1126 Remeg,
879 1045 963 1110 siout
979 1049 1137 1128 suaerat,
1169 1043 1202 1109 in

87 1167 158 1232 paee
187 1149 421 1235 possidendam
454 1149 673 1233 reliquerunt;
706 1170 769 1234 que
801 1157 888 1216 terra
920 1155 970 1215 est
1001 1148 1044 1216 ad
1075 1156 1204 1217 centum

87 1254 187 1339 iugera
204 1261 350 1341 tantum;
374 1254 523 1322 similiter
539 1261 722 1322 castrenses
739 1255 780 1322 de
805 1255 909 1322 tribus
935 1253 1022 1322 villis
1055 1255 1205 1322 (taracha

87 1382 138 1428 sua
152 1361 221 1428 iura
237 1362 443 1448 recipientes,
461 1362 563 1430 sulam
579 1370 698 1430 terram
724 1362 955 1430 hereditariam
986 1363 1049 1448 ipsi
1080 1363 1205 1446 Remeg

90 1469 118 1533 in
131 1489 209 1554 pace
225 1468 461 1556 possidendam
477 1469 685 1553 reliquerunt.
710 1472 751 1536 nt
767 1468 857 1537 sacta
873 1475 947 1538 sunt
963 1470 1024 1537 hcc
1042 1466 1208 1536 mediante

87 1575 233 1660 pristaldo
251 1585 362 1645 nostro
379 1578 509 1644 nomine
529 1577 652 1662 Gogan.
677 1578 781 1663 Igitur
796 1584 833 1643 ut
848 1578 909 1644 hoe
920 1583 1025 1644 ratum
1038 1586 1069 1644 et
1078 1575 1205 1642 firmum

89 1695 281 1768 permaneat,
301 1683 519 1750 concessimus
533 1683 662 1752 litteras
678 1691 848 1770 presentes
865 1684 964 1768 sigilli
981 1683 1082 1751 nostri
1103 1683 1204 1750 muni-

90 1791 164 1857 mine
179 1795 361 1860 roboratas.

95 1987 137 2039 IV.
155 1989 222 2042 Bela
240 1989 393 2055 kirtlynalr
424 1992 534 2041 ruso-ki
562 1990 729 2056 megerttslto
762 1990 957 2055 olsmduydbol,
989 1991 1061 2041 mint
1092 1991 1205 2040 fontebb

562 2084 622 2131 219.
642 2095 680 2130 sz.
700 2082 737 2144 a.)

608 2892 685 2962 223.

92 3091 263 3176 Αοάφοὶὂὶ
280 3092 507 3178 lociptuluuaulc
523 3089 803 3178 bizoupsriplcocie,
819 3095 902 3179 kopp
909 3091 1025 3179 scater
1052 3092 1216 3158 Remeato·

91 3200 344 3285 ulemplomrend
367 3199 633 3286 mapparocszdpi
641 3197 819 3284 fllmeotere
832 3196 959 3285 Sceptra
983 3199 1099 3264 mellatt
1125 3198 1206 3266 bizo-

201 3329 280 3393 uyoa
296 3307 388 3373 teiket
403 3327 424 3368 a
440 3305 586 3393 topoalcus'
600 3305 749 3390 opatuak
765 3305 905 3394 eapedett
922 3309 968 3372 dt.
985 3305 1081 3371 1240.

404 3500 433 3566 A
561 3545 562 3548 ,
631 3501 657 3565 B
854 3498 879 3565 0

188 3609 226 3674 In
243 3607 374 3675 nomine
390 3607 510 3675 Sancte
525 3607 700 3674 Trinitatis
718 3613 749 3674 et
767 3605 936 3673 individue
954 3605 1110 3674 Unitatis.
1128 3606 1207 3675 Uni-

94 3733 207 3782 versum
225 3715 444 3801 Zagrabiense
461 3715 646 3800 capitulum
666 3715 816 3784 omnibus
833 3713 950 3782 Christi
968 3713 1117 3781 fidelibus
1134 3734 1203 3798 pre·

94 3839 159 3889 aens
174 3824 327 3911 scriptum
344 3821 550 3892 cernentibus
566 3823 706 3888 salutem
722 3821 756 3887 in
772 3827 881 3891 actore
897 3821 1024 3891 salutis.
1042 3819 1203 3900 Quoniam

95 3947 136 4012 ea,
150 3951 210 4013 qne
225 3938 372 4014 aguntur,
388 3952 409 3997 a
425 3929 581 3998 memoria
596 3929 764 3996 hominum
780 3928 951 4016 sepissime
969 3927 1056 3995 delet
1072 3927 1212 4016 oblivio,

94 4038 264 4105 necessario
298 4037 466 4124 provisum
502 4043 562 4124 est,
598 4042 633 4102 ut
658 4056 708 4118 ea,
725 4057 787 4122 que
812 4036 897 4103 inter
923 4033 1008 4101 viros
1036 4036 1204 4121 religiosos

95 4145 272 4213 ordinantur
287 4145 340 4214 vel
368 4143 565 4228 statuuntur,
599 4149 801 4230 posterorum
827 4144 982 4210 memorie
1007 4143 1121 4229 scripti
1146 4161 1203 4229 pa·

94 4253 493 4322 tociuiotransmittantur.
520 4253 604 4320 Hine
629 4260 679 4320 est
704 4250 792 4336 quod
817 4251 860 4319 ad
885 4253 1110 4318 universorum
1135 4255 1202 4317 tam

96 4358 305 4428 modernorum
322 4381 419 4446 quam
436 4359 619 4427 futurorum
637 4357 789 4427 noticiam
804 4356 923 4425 harum
948 4357 1034 4424 serie
1061 4356 1209 4424 volumus

96 4466 278 4545 pervenire:
304 4469 393 4554 quod
432 4485 504 4534 cum
531 4465 642 4536 Abbas
669 4453 701 4532 et
726 4465 913 4534 Conventus
937 4463 1139 4533 Monasteriii
1166 4463 1207 4529 de

95 4570 220 4656 Toplioa
264 4575 329 4642 iam
364 4575 488 4643 dudum
525 4575 747 4658 postulassent
781 4595 802 4639 a
835 4571 934 4639 fratre
960 4570 1143 4640 Rembaldo
1169 4569 1220 4638 de.
