3078 5128
559 235 717 332 Q

94 426 258 495 mmimtem
275 428 397 513 prelati
424 428 537 495 Abbss
571 435 605 494 et
629 427 824 516 Conventus,
844 447 882 503 ac
901 430 1058 514 Magister
1083 429 1205 499 Domus

89 535 203 620 Templi
235 535 429 622 antedictus,
454 535 570 620 sigillo
594 543 655 606 sua
680 536 842 606 duxerunt
867 537 1070 622 presentibus
1101 559 1203 624 appo·

92 643 194 712 cende.
208 644 326 712 Actum
342 665 429 710 enno
445 645 562 712 Gracie
577 643 737 714 MOCXL.
747 665 859 714 mense
870 645 986 732 Aprili.

197 807 358 906 (Tkalcsics,
377 843 503 894 Menum.
522 844 588 894 hist.
608 843 702 908 Episc.
722 845 842 910 Zagrab.
861 844 883 894 Ι.
904 843 962 894 ket.
985 849 1026 894 78.
1046 844 1076 908 1.)

600 1661 677 1732 224.
702 1687 704 1693 ·

90 1859 207 1944 Rapum
236 1865 335 1927 odron
364 1856 494 1927 Utoozto
525 1862 636 1927 Ietcdn
668 1860 755 1928 ezerb
784 1861 968 1948 sirslptpal
999 1866 1204 1930 szdoetloezilc.

516 1966 750 2036 1234-1240.

175 2163 213 2230 In
230 2162 363 2230 nomine
378 2163 486 2230 Petris
503 2169 537 2231 et
552 2163 628 2229 Filii
656 2168 689 2229 et
713 2163 853 2249 Spiritus
880 2163 1003 2230 Sancti.
1031 2164 1101 2249 Ego
1130 2167 1198 2250 qui-

84 2265 304 2337 demJohenes
320 2269 502 2357 Dendulus,
521 2269 637 2337 Comes
663 2271 808 2358 Regnrsii,
835 2291 906 2338 cum
930 2271 1081 2338 omnibus
1107 2274 1198 2340 nobi·

88 2371 160 2442 libus
174 2385 205 2442 et
219 2397 294 2444 cum
309 2383 376 2444 toto
393 2377 562 2446 Communi
587 2377 755 2459 Ragusino
780 2378 924 2446 iuramus
951 2379 1043 2446 vobis
1069 2378 1199 2446 domino
1220 2459 1224 2464 ¹

88 2481 155 2566 Regi
168 2487 263 2550 totius
280 2485 384 2550 Rasse
402 2491 435 2551 et
451 2484 613 2551 Maritime
629 2485 833 2575 Vlcdislevo,
857 2485 943 2571 quod
968 2489 1010 2556 ab
1038 2487 1198 2554 hodierna

87 2587 130 2653 die
143 2589 239 2658 simus
265 2591 362 2659 vobis
386 2611 520 2662 veraces
546 2593 644 2660 amici
671 2629 992 2645 ------
1019 2605 1050 2664 et
1078 2597 1198 2666 vestris

87 2695 186 2764 amicis
200 2699 320 2767 erimus
347 2699 456 2768 emici.
484 2701 526 2766 m
551 2700 746 2786 quicumque
771 2708 878 2770 vester
903 2701 1054 2770 inimicus
1079 2703 1199 2790 fugerit

87 2803 121 2868 ed
136 2813 273 2874 nostram
291 2806 466 2873 Civitatem
482 2808 525 2874 ad
540 2828 609 2896 nos,
626 2807 743 2876 stando
769 2809 858 2896 apud
884 2829 954 2896 nos,
980 2811 1081 2878 nichil
1106 2813 1199 2894 vobis

89 2921 200 2981 noceat.
216 2915 304 2982 Etsi
320 2915 446 3001 aliquid
463 2915 652 2998 offenderet,
669 2936 730 2983 nos
748 2916 830 2982 illud
846 2937 1087 3003 componemus,
1111 2919 1199 3004 quod

89 3018 111 3084 si
125 3040 183 3088 non
211 3041 487 3110 componeremus,
512 3027 618 3110 ipsum
644 3025 737 3091 vobis
758 3022 915 3092 dabimus.
942 3025 983 3090 lte
1009 3027 1140 3108 quando
1167 3028 1198 3092 ei

83 3125 228 3208 placuerit
247 3133 338 3197 exire
371 3129 414 3198 de
438 3137 550 3199 nostra
575 3131 715 3217 civitate,
742 3151 808 3198 non
836 3131 1034 3198 dimittemus
1061 3133 1195 3200 eumin

89 3239 194 3301 terram
210 3245 363 3325 uestram,
377 3235 438 3304 sed
453 3245 489 3304 ut
505 3236 721 3305 conducamus
737 3257 810 3306 eum
834 3239 878 3306 ad
902 3239 1042 3304 alienam
1067 3244 1196 3305 terrem.

86 3337 129 3404 Et
142 3342 167 3406 si
191 3342 263 3427 ipse
288 3340 329 3409 de
354 3343 465 3410 alieno
488 3351 578 3410 terro
604 3344 739 3424 venerit,
763 3351 797 3410 et
821 3344 1051 3430 depredaverit
1076 3351 1194 3414 terrem

84 3455 221 3536 vestram,
239 3458 271 3517 et
287 3451 408 3534 fugerit
424 3451 469 3518 ad
486 3471 556 3537 uos,
572 3451 678 3536 ipsum
694 3450 897 3537 recipiemus,
926 3456 959 3517 et
982 3451 1067 3535 quod
1096 3453 1195 3520 habu-

85 3555 138 3620 erit
160 3557 382 3646 depredotum,
399 3565 500 3627 totum
526 3559 710 3627 reddemus.
744 3561 787 3627 m
810 3561 839 3625 si
865 3580 933 3646 vos,
959 3559 1092 3627 domine
1116 3560 1196 3647 Rex,

85 3658 225 3732 dederitis
242 3665 272 3732 ei
287 3665 429 3750 gretiam
446 3666 527 3734 etin
543 3673 661 3734 terram
678 3685 770 3733 sunm
787 3686 859 3734 enm
885 3667 1144 3754 retornuveritis,
1162 3678 1195 3735 et

85 3767 186 3835 iterum
200 3769 343 3839 videndo
359 3773 490 3858 culpam
506 3773 620 3858 ipsius,
638 3792 712 3840 eum
728 3772 940 3858 minaveritis,
957 3781 990 3840 et
1006 3777 1035 3840 si
1052 3775 1194 3842 habente

84 3872 191 3944 bauan
207 3879 340 3963 aliquod
357 3879 468 3947 tulerit
483 3881 516 3947 in
533 3885 621 3948 terra
637 3882 741 3964 Regni
757 3880 867 3966 vestri,
885 3900 957 3946 cum
977 3881 1034 3948 illo
1059 3883 1196 3970 recipie-

85 4001 145 4050 mus
176 4005 260 4052 eum.
294 3988 336 4053 m
359 3987 390 4054 si
413 3987 486 4074 ipse
514 3989 658 4073 sugendo
685 3993 762 4054 ente
786 4009 845 4054 vos
880 3988 933 4054 vel
960 3996 1038 4054 ante
1062 4000 1194 4074 gentem

86 4097 224 4178 emnem,
242 4093 369 4177 aliquid
385 4095 497 4162 tulerit
518 4104 550 4162 et
572 4095 745 4162 adduxerit
763 4095 797 4160 in
823 4095 999 4181 civitatem,
1024 4095 1196 4194 reddemus

85 4193 163 4283 illud,
178 4208 210 4266 et
235 4201 264 4265 si
290 4200 352 4268 hoc
378 4222 442 4268 uon
468 4201 651 4290 fecerimus,
679 4202 740 4270 hoe
764 4207 1001 4269 sacramentnm
1026 4203 1070 4270 sit
1094 4224 1195 4290 snper

87 4321 146 4372 nos.
160 4306 201 4372 m
215 4309 245 4376 si
261 4309 354 4376 vobis
372 4311 516 4378 evenerit
530 4311 645 4396 alique
661 4311 767 4400 fortia,
786 4319 819 4379 et
837 4309 960 4394 fugeris
979 4311 1023 4378 od
1050 4321 1195 4382 nostram

86 4407 236 4482 eidtetem
256 4417 299 4483 cd
319 4437 391 4504 uos,
412 4419 604 4504 recipiemus
630 4439 687 4487 nos
714 4421 799 4488 sicut
823 4419 987 4486 dominum
1012 4439 1084 4487 cum
1108 4423 1194 4488 omni

88 4535 192 4605 amore,
209 4541 280 4588 cum
298 4527 446 4593 omnibns
460 4526 578 4594 vestris
594 4527 804 4609 magnetibus
821 4533 940 4592 etcum
956 4527 1104 4596 omnibus
1120 4528 1197 4596 aliis
