3078 5128
352 476 480 542 Hirrich
498 495 568 542 cum
586 475 733 542 omnibus
750 477 816 566 suis
836 475 1066 562 pertinenciJs3
1089 476 1164 541 item
1183 473 1294 540 uillam
1311 474 1368 538 Pel
1393 493 1452 538 cnm

354 585 484 670 aratris,
502 603 572 650 cum
589 585 704 666 seruis,
722 591 842 650 etcum
860 585 1008 651 omuibus
1024 581 1168 668 piscinis,
1187 589 1219 648 et
1242 600 1314 648 cum
1343 589 1451 646 centum
1520 569 1521 572 '

351 690 467 775 porcis,
483 696 515 755 et
530 709 602 756 cum
620 691 769 757 omuibus
785 692 852 757 suis
871 690 1091 775 pertinencijs.
1111 689 1150 754 llt
1165 689 1226 755 hee
1243 687 1361 770 omnia,
1376 688 1451 769 prins

351 815 409 880 per
425 795 595 865 licenciam
612 797 749 865 illustris
766 818 805 863 ac
821 799 866 884 pij
884 797 984 882 Regis
1000 797 1140 878 Andree,
1157 804 1189 863 et
1205 795 1306 880 sigilli
1333 793 1380 860 sui
1404 814 1456 859 mu·

351 903 474 970 nimine
490 904 651 992 roborata,
668 905 969 973 condonaueramus
986 911 1060 990 post
1073 905 1197 971 obitam
1230 909 1373 968 nostrum
1402 919 1457 985 pre·
1520 915 1521 988 j

350 1008 418 1076 fate
434 1011 581 1078 Ecclesia
599 1011 666 1076 iure
684 1019 839 1099 perpetuo
856 1011 1065 1096 possidenda.
1090 1013 1171 1076 Item
1189 1011 1222 1076 in
1240 1009 1379 1076 confinio
1393 1009 1458 1073 Ter·-

351 1117 438 1184 tuuis
453 1118 567 1184 uillam
593 1138 759 1204 magnam,
790 1139 852 1202 que
883 1125 1017 1186 uocatur
1048 1119 1197 1204 Hetescr,
1229 1119 1322 1184 cuius
1354 1122 1457 1200 partem

351 1223 493 1292 mediam
510 1247 530 1292 a
546 1233 693 1313 ternpore
718 1235 889 1312 parentum
915 1247 1058 1295 meorum
1095 1227 1248 1292 Ecclesia
1280 1223 1458 1309 possidebat,

351 1335 487 1401 alteram
505 1356 582 1402 uero
598 1344 724 1421 partem
742 1337 920 1402 secundum
932 1336 1095 1403 racionem
1108 1333 1380 1420 commutacionis,
1390 1332 1458 1399 sicut
1520 1379 1521 1384 1

350 1443 524 1528 priuilegia
541 1443 664 1526 Regum
681 1451 855 1528 testantur,
882 1442 1024 1529 predicto
1041 1443 1111 1510 loco
1128 1447 1161 1510 et
1177 1441 1303 1510 eisdem
1319 1439 1454 1507 tratribus

351 1551 536 1616 uoluntario
553 1551 755 1620 donauimus.
779 1553 861 1619 ltem
877 1572 963 1618 nunc
979 1552 1012 1617 in
1030 1551 1185 1618 extremis
1202 1557 1339 1634 agentes
1364 1569 1457 1633 super·

351 1657 501 1724 addimus
517 1657 638 1726 eisdem
656 1660 812 1727 fratribus
830 1662 857 1726 V
873 1660 988 1747 predia
1020 1661 1111 1727 iuxta
1143 1679 1263 1744 aquam
1296 1658 1397 1744 Soyov
1425 1653 1459 1720 ad

350 1770 475 1849 partem
492 1767 715 1850 meridianam,
733 1787 804 1834 euur
822 1769 1017 1855 molendino,
1035 1787 1106 1833 cum
1124 1769 1331 1854 semiactum
1356 1761 1452 1830 liberti
1520 1839 1521 1842 Ἴ

350 1875 502 1959 niseum
520 1877 647 1964 aratris,
665 1883 785 1942 etcum
803 1876 878 1962 alijs
910 1877 978 1942 suis
1010 1875 1223 1962 pertinencijs
1254 1901 1262 1940 :
1294 1872 1457 1959 prediorum
1520 1897 1521 1926 a

350 1988 457 2048 atatem
474 1985 606 2050 uomina
624 1992 697 2052 sunt
713 1986 797 2050 hcc:
827 1985 891 2051 duo
916 1983 1054 2071 chua,
1087 1985 1203 2067 Ywan,
1234 1980 1404 2070 Hyruovch
1432 1984 1459 2043 ct
1520 2033 1521 2040 t

351 2090 633 2174 Korachenloloo3
657 2099 828 2177 etpartem
857 2093 968 2161 tributi
1001 2093 1042 2160 de
1073 2099 1182 2178 ponte,
1215 2092 1270 2176 qui
1302 2095 1349 2157 est
1377 2105 1458 2172 snper
1520 2127 1521 2134 κ

351 2217 469 2281 aquom
487 2199 611 2284 Soyov;
636 2201 743 2267 etheo
761 2221 846 2284 aqua
863 2203 961 2269 currit
991 2201 1084 2266 iutru‘
1110 2200 1231 2266 Katam
1265 2205 1296 2266 et
1326 2196 1455 2283 predicta

351 2305 473 2390 predia.
513 2309 595 2374 Item
612 2317 729 2374 terram
747 2309 922 2394 quamdam
941 2311 974 2376 in
991 2308 1164 2394 Strigouio,
1198 2307 1290 2374 iuxta
1317 2309 1455 2374 Sanctum
1520 2293 1521 2354 7

350 2415 494 2501 Paulum,
527 2437 599 2484 cum
616 2437 710 2484 seruo
727 2417 851 2486 scilieet
867 2419 985 2484 Oosma
1001 2437 1072 2484 cum
1089 2437 1190 2484 uxore
1208 2423 1240 2483 et
1266 2415 1352 2499 filijs.
1389 2415 1455 2479 lton

351 2519 461 2585 uillam
479 2522 589 2589 Dobus
606 2530 638 2589 et
655 2524 780 2610 Pulauy
796 2525 854 2591 tali
871 2523 1070 2609 condicione,
1087 2531 1122 2589 ut
1138 2523 1334 2610 condantur,
1346 2531 1374 2588 et
1385 2519 1457 2605 quod
1520 2573 1521 2576 ,

351 2636 485 2712 superat
501 2639 661 2698 trecentas
678 2653 815 2718 marcas,
832 2651 914 2717 quas
930 2633 964 2698 in
982 2631 1129 2699 diuersos
1147 2652 1224 2698 usus
1241 2631 1460 2703 distribuimus,
1520 2629 1521 2658 ³

350 2735 447 2802 fuerit
462 2738 637 2820 residuum,
654 2741 686 2805 iu
704 2761 784 2825 opus
802 2741 919 2828 prelati
937 2741 1123 2825 ltcuasterij
1141 2739 1244 2806 nostri
1262 2739 1457 2824 expendatur.

351 2845 392 2908 Et
408 2852 442 2909 ut
458 2845 518 2911 hee
534 2855 646 2914 nostre
662 2848 853 2916 donacionis
871 2847 1009 2936 (littere)
1026 2849 1257 2914 inuiolabiliter
1280 2851 1369 2915 itrxta
1398 2865 1458 2912 cou-

351 2954 552 3020 suetudinem
570 2957 773 3041 antiquorum
791 2967 1017 3041 permaneant,
1051 2957 1151 3040 sigilli
1169 2959 1269 3024 nostri
1296 2954 1460 3030 munimine

351 3063 581 3130 roboraoimus.
606 3064 648 3130 Et
664 3065 741 3150 quia
757 3066 865 3134 nullus
890 3066 985 3132 nobis
1003 3075 1168 3151 superstes
1186 3067 1343 3132 remansit
1373 3063 1459 3140 tilius,

350 3171 399 3235 irs
418 3171 613 3238 Patronatns
630 3173 776 3240 eiusdem
792 3173 939 3241 Ecclesia
955 3171 1235 3239 Excellentissimo
1260 3169 1366 3258 B(ele)
1392 3167 1460 3250 Regi
1520 3197 1521 3200 ¹

351 3277 458 3344 debito
476 3278 545 3345 iure
561 3279 778 3364 relinquimus.
817 3282 933 3347 Testes
951 3289 1058 3346 autem
1077 3281 1130 3364 qui
1149 3281 1278 3346 luerunt.
1303 3280 1353 3346 his
1378 3285 1460 3345 sunt:

350 3387 462 3454 Abbas
479 3388 519 3454 de
535 3388 704 3474 'Populka3
729 3391 871 3475 Balasey
889 3389 930 3455 de
945 3391 1047 3476 Kana,
1067 3397 1099 3456 et
1114 3389 1173 3474 alij
1192 3409 1290 3472 qaam
1306 3389 1410 3474 plurcs
1426 3386 1458 3449 dc

351 3495 462 3564 eodem
481 3517 617 3580 genere3
640 3499 784 3565 Thomas
800 3498 925 3579 Comes,
942 3504 975 3562 et
991 3499 1048 3582 alij
1067 3497 1291 3582 quamplures
1319 3493 1460 3564 exuanei.
1520 3531 1521 3538 κ

350 3605 446 3674 Auno
465 3606 591 3672 Domini
609 3607 779 3674 millesimo
796 3607 847 3673 OC
855 3606 964 3672 ⁰XXX
973 3607 1044 3672 ⁰Vll
1054 3619 1072 3670 ⁰.

459 3804 598 3865 (Eredetie
616 3805 797 3871 bdrhdrtydn,
818 3822 835 3857 a
852 3807 937 3859 budai
957 3809 1009 3860 kir.
1030 3807 1156 3858 kamarai
1176 3806 1371 3872 leveltatrban.)
