3080 5146
660 963 736 1032 291.

127 1165 310 1231 Kolnmbcic
325 1167 427 1228 trau-i
448 1162 572 1250 pispdlc
597 1163 704 1249 Fclcp
730 1163 868 1252 cdprdbi
894 1165 1019 1250 pitspdlc
1049 1163 1254 1254 beleepyezeac

126 1272 405 1359 mellettfelmeutc'
420 1297 440 1337 a
455 1271 598 1359 petriani
612 1273 798 1358 cecdfpelcet
829 1293 868 1338 aa
899 1275 1033 1360 epybdzi
1063 1274 1256 1342 kilcdzb'alle'o

596 1381 671 1448 alet.
694 1381 794 1450 1255.
1176 1382 1195 1416 ⁸

238 1579 397 1643 (Thaletica
417 1579 537 1631 Menum.
557 1577 626 1632 hist.
645 1579 739 1645 Epioe.
758 1579 875 1646 chrab.
893 1579 916 1630 Ι.
945 1579 1005 1632 ket.
1026 1583 1084 1634 105.
1104 1579 1135 1648 l.)

557 1865 823 1881 Μ

654 2401 731 2470 29⁶2.

123 2597 151 2664 A
167 2602 304 2670 vercor-t
318 2600 705 2690 ledptalcncckjelentdae
721 2601 779 2668 IV.
797 2599 879 2668 Btta
896 2602 1073 2689 ciroteca,
1087 2604 1169 2690 leoqy
1186 2601 1250 2670 Pet

123 2731 221 2776 comes
238 2709 383 2778 Secbcclc
389 2710 444 2794 fic
460 2709 635 2774 Bornobde
650 2719 760 2776 comest
775 2707 1023 2796 Gerepdcelcfidl
1037 2713 1163 2800 uttcey
1186 2711 1250 2780 bir-

455 2815 583 2883 tokcbet
598 2816 804 2884 kiazorr'totto.
831 2818 927 2886 1255.

227 3011 513 3082 Excellentissimo
529 3011 660 3080 domiuo
676 3032 735 3080 suo
751 3013 789 3081 B.
805 3011 867 3080 Dei
882 3013 996 3097 gracia
1012 3015 1133 3082 Illustri
1164 3018 1247 3102 ltegi

122 3119 290 3203 Huugarie
306 3119 494 3204 Capitulum
510 3117 656 3186 Ecclesie
671 3121 783 3188 Sancti
799 3119 966 3186 Michaelis
982 3119 1181 3207 Archangeli
1206 3123 1247 3189 de

122 3227 237 3294 Castro
256 3228 375 3294 Ferroo
390 3225 639 3294 incliuecionem
657 3247 729 3294 eum
762 3223 979 3314 (oracionum)
1006 3229 1173 3314 suffragijs
1206 3231 1249 3297 ad

123 3333 296 3402 Dominum
311 3334 424 3401 lesum
442 3333 615 3402 Christum.
637 3333 831 3421 Recepimus
847 3332 977 3402 litteras
993 3333 1109 3402 Uestae
1123 3337 1250 3404 Sereni-

123 3443 199 3509 tatls
216 3436 431 3522 continentes,
446 3445 483 3508 vt
498 3461 596 3507 vnum
613 3461 654 3508 ex
670 3441 764 3508 uobis
779 3442 885 3508 virum
901 3439 1063 3528 ydoneum
1080 3442 1123 3508 ad
1150 3444 1250 3512 scieu-

123 3550 196 3616 dom
215 3555 249 3617 et
264 3547 491 3634 inquirendam
515 3546 697 3630 veritatem,
730 3555 833 3615 utrum
866 3549 980 3615 Comes
1009 3546 1134 3616 Paulus
1166 3549 1250 3616 filius

124 3656 207 3725 Sech
234 3656 461 3742 possessiones
486 3653 655 3740 Fanchkc,
687 3655 879 3740 Kucepsolu,
910 3653 1083 3742 Gykynus,
1115 3653 1249 3744 Pinche,

121 3765 231 3832 Puzba
248 3769 391 3844 uocatas,
425 3781 506 3847 quas
523 3761 557 3828 iu
589 3762 814 3828 concambium
846 3759 965 3828 comiti
996 3761 1149 3829 Bernaba
1178 3763 1248 3832 filio

101 3929 102 3933 ,
121 3875 249 3956 Gerege
266 3877 407 3954 cognato
422 3889 482 3936 suo
499 3869 613 3953 uigore
629 3876 811 3936 nostrarum
837 3867 1023 3934 litterarum
1054 3869 1247 3959 contulerat,

122 3981 211 4067 ipsas
226 3978 454 4067 possessiones
469 3997 527 4064 pro
544 3997 581 4045 se
596 3997 768 4044 reseruans
785 3973 907 4043 dictum
939 3975 1094 4044 Comitem
1126 3979 1249 4048 Barna-

120 4089 192 4155 bam
211 4107 233 4152 a
249 4085 392 4153 dominio
409 4085 585 4152 earundem
601 4083 791 4170 expulisset,
808 4103 868 4150 nec
884 4103 944 4168 ne;
971 4103 1038 4148 une
1063 4104 1136 4151 cum
1167 4088 1249 4155 llar-

120 4195 188 4263 tino
203 4195 273 4262 filio
290 4193 460 4262 Michaelis
477 4193 518 4260 de
534 4193 640 4280 Tyley
670 4190 800 4259 homine
832 4191 1035 4260 mitteremus
1067 4201 1185 4280 uestro,
1218 4203 1250 4263 et

120 4303 207 4370 sicut
222 4323 283 4388 per
299 4303 429 4371 eosdem
447 4301 570 4368 ueritas
586 4300 678 4368 uobis
695 4307 869 4383 constaret,
902 4299 1020 4367 chtre
1035 4301 1249 4372 Excellencie

120 4411 381 4480 rescriberemus.
405 4411 525 4479 Verum
542 4429 613 4476 cum
631 4405 750 4476 uestris
766 4406 926 4494 preceptis
942 4413 975 4474 et
990 4405 1155 4476 mandatis
1172 4411 1246 4478 obe·

122 4515 188 4586 dire
202 4517 391 4606 debeamus,
422 4522 534 4603 vtpote
551 4513 671 4582 domiui
688 4517 791 4584 nostri
809 4515 978 4600 naturalis,
1010 4515 1051 4582 de
1075 4516 1245 4598 promissis

123 4625 365 4713 respondemus,
384 4623 471 4710 quod
488 4621 592 4690 dietus
608 4621 704 4690 homo
720 4627 827 4692 uester
843 4642 981 4692 unacum
999 4622 1128 4694 homine
1138 4631 1247 4698 nostro
