3150 5162
777 825 853 910 CCC.

248 1031 310 1098 IV.
328 1031 407 1097 Helu
427 1028 603 1116 lrirdlpnclc
628 1027 792 1114 Meqen'm
819 1027 970 1114 helpscpet
1003 1025 1162 1114 torpyazo
1191 1024 1375 1109 odoctdcya

466 1133 614 1224 (ἰατροῖς,
630 1133 787 1202 Grobeszo
795 1135 849 1219 fla
863 1138 1028 1200 szdmrirc.
1052 1131 1152 1200 1262.

356 1333 502 1400 (Mesia,
522 1335 646 1386 Monam.
658 1333 725 1384 hist.
739 1332 832 1397 Episc.
846 1329 1042 1398 Zagrabiensis
1055 1331 1077 1380 1.
1091 1329 1151 1380 kct.
1166 1333 1225 1380 12⁷.
1239 1328 1270 1392 l.)

775 2152 852 2224 861.

249 2363 360 2427 Istoclc
375 2359 481 2446 ifjabb
505 2357 618 2441 kirdly
641 2355 824 2440 moperttaiti
845 2352 908 2418 IV.
941 2352 1088 2418 Bitenas
1119 2352 1185 2418 colb
1215 2353 1377 2439 halysepet

251 2469 410 2555 tdrpyazo
425 2467 542 2532 itcletct
558 2463 649 2530 Zaah
665 2461 896 2546 nemutptett
909 2459 972 2526 dot
987 2459 1074 2547 picci
1084 2461 1211 2546 propola
1236 2462 1269 2526 aa
1302 2472 1376 2526 teat·

420 2577 490 2640 cers
506 2575 605 2657 Pc'tcr,
620 2593 636 2634 s
652 2570 779 2636 Dckdos
795 2571 827 2634 c's
840 2569 983 2636 testccrcr'
997 2569 1077 2634 kls.
1104 2569 1203 2634 1262.

357 2769 543 2856 Stephanus
559 2768 621 2834 Dei
639 2765 750 2850 gracia
760 2765 873 2852 junior
886 2765 957 2832 Rex
971 2763 1149 2849 Hungarie‚
1180 2765 1256 2830 Dux
1273 2765 1377 2831 'lran

251 2877 405 2964 siloanns,
422 2877 577 2944 Dominus
594 2875 821 2958 Cumanorum,
838 2871 987 2940 omuibus
1003 2870 1124 2938 Christi
1140 2871 1292 2939 fidelibus
1307 2894 1378 2960 pre·
1394 2931 1400 2942 .

251 2992 373 3055 sentem
391 2985 546 3070 paginam
562 2982 758 3069 inspecturis
783 2981 926 3047 salutem
956 2980 991 3045 in
1022 2981 1164 3045 omnium
1197 2978 1374 3046 saluatore.

251 3093 412 3173 Quoniam
428 3091 518 3160 cordi
534 3089 626 3157 nobis
645 3095 706 3176 est,
723 3089 817 3156 finem
833 3087 944 3154 litibus
961 3087 1126 3173 inponcrc,
1157 3107 1199 3152 ne
1222 3087 1377 3155 inmorta-

250 3202 299 3269 les
314 3202 468 3282 existant,
494 3203 527 3266 et
540 3218 562 3264 s
576 3196 741 3264 laboribus
757 3205 791 3262 et
805 3195 957 3282 expensis
974 3202 1103 3262 nostros
1118 3191 1267 3261 subditos
1298 3197 1377 3264 rele-

247 3331 345 3395 narc;
370 3309 444 3376 idco
461 3307 504 3374 ad
520 3305 743 3374 uniuersorum
760 3304 915 3372 noticiam
941 3309 1009 3370 tam
1039 3303 1245 3391 presencium
1277 3323 1377 3387 quam

248 3418 425 3486 futurorum
444 3422 553 3480 tenore
568 3412 772 3498 presencium
788 3409 940 3476 nolumus
956 3409 1137 3499 peruenire,
1171 3411 1257 3495 quod
1273 3417 1378 3480 totum

250 3545 437 3613 processum
454 3541 553 3588 cause
568 3541 625 3588 seu
640 3519 707 3586 litis
739 3539 849 3586 coram
882 3519 1050 3588 carissimo
1080 3526 1173 3606 patre
1205 3526 1315 3586 nostro
1346 3529 1379 3588 et

248 3634 379 3702 domino
411 3632 446 3697 B.
462 3629 581 3697 illustri
597 3629 687 3710 Rege
702 3629 871 3713 Hungarie
886 3627 997 3694 habite
1013 3633 1046 3694 et
1061 3627 1188 3694 diucius
1204 3629 1378 3696 ventillate

248 3761 345 3828 super
361 3746 449 3808 torro
459 3739 569 3819 Sucta,
587 3737 700 3804 Prelan
711 3744 742 3804 ct
754 3736 917 3823 Lyponnk
927 3737 1010 3804 inter
1022 3735 1240 3804 venerabilem
1250 3745 1376 3822 patrem

247 3852 310 3919 Job
342 3849 539 3936 Episcopum
571 3845 960 3933 Quinqucecclesienscm,
992 3851 1023 3912 et
1053 3847 1186 3914 Petrum
1219 3844 1378 3915 Comitem

247 3959 348 4026 filiurn
364 3957 445 4042 Elye
472 3953 616 4040 Comitis,
634 3953 771 4022 dilectos
788 3961 820 4022 et
836 3953 948 4020 fideles
963 3959 1092 4021 nostros
1107 3973 1148 4020 cx
1173 3973 1239 4021 vna
1270 3964 1377 4042 parte,

247 4074 281 4134 et
295 4065 424 4133 Lucaolr
444 4064 542 4129 filiurn
559 4061 690 4148 Phylipi
706 4068 738 4127 et
753 4061 869 4128 fratres
886 4080 972 4146 suos,
1005 4081 1146 4128 necnon
1163 4069 1196 4128 ct
1213 4061 1299 4130 lilios
1316 4065 1379 4130 De·

247 4175 320 4242 trici
337 4171 479 4255 Comitis,
506 4181 539 4236 et
555 4170 661 4256 ipsum
679 4169 842 4236 Detricum
861 4169 1018 4237 Comitem
1037 4190 1077 4236 ex
1094 4173 1208 4252 altera,
1240 4179 1376 4261 rectum,

246 4285 369 4350 iustum
386 4287 418 4347 ct
434 4283 495 4348 ritc
511 4276 657 4344 habitum
673 4295 731 4364 per
747 4278 855 4344 omnia
865 4285 1066 4364 reputantes,
1082 4279 1282 4346 sentenciam
1294 4282 1378 4348 cius·

246 4391 321 4456 (lem
337 4385 504 4456 karissimi
522 4385 625 4470 patris
644 4387 746 4452 nostri
763 4406 859 4471 super
874 4393 962 4452 terra
977 4387 1085 4472 Sueto,
1112 4385 1225 4453 Prelaz
1254 4393 1287 4453 et
1315 4391 1378 4475 Ly-

247 4498 356 4587 ponuk
373 4497 473 4562 latam
492 4513 551 4578 pro
567 4491 698 4560 domino
714 4493 874 4579 Episcopo
891 4500 922 4561 et
938 4495 1033 4562 Petro
1051 4491 1175 4561 Comite
1190 4497 1257 4562 iarn
1268 4496 1376 4582 prefa-
