3150 5162
659 989 735 1059 342.

133 1188 262 1253 chrc'k
278 1189 451 1254 nodositate
474 1189 550 1255 Velle
566 1189 690 1276 ielystq
706 1195 854 1256 haturait
869 1191 1057 1279 azabdlyozo
1072 1191 1259 1257 itoletlevele.

650 1296 746 1364 1260.

240 1493 309 1560 Nos
326 1492 440 1560 Comes
456 1495 577 1560 Paulus
594 1493 701 1561 ludex
716 1493 813 1560 Cnrie
829 1493 1102 1560 Excellentissimi
1131 1501 1163 1560 et
1193 1493 1260 1560 Ma·

134 1599 243 1683 gnifici
259 1602 419 1685 Principis
435 1600 557 1668 domini
572 1601 724 1669 Ledouici
757 1601 819 1668 Dei
852 1601 963 1685 gracia
991 1602 1131 1668 illustris
1160 1602 1260 1683 Regis

137 1705 305 1790 Hungaric
320 1709 381 1776 stb.
399 1709 486 1792 quod
502 1709 690 1775 Dominieus
707 1708 791 1775 tilius
808 1708 976 1776 Michaelis
992 1709 1032 1775 de
1050 1706 1145 1774 welk
1170 1709 1262 1777 iuxta

135 1815 372 1882 continenciam
390 1816 570 1882 litterarum
587 1815 729 1900 Capituli
746 1813 891 1880 Ecclesia
908 1815 1128 1900 Posonyansis
1147 1835 1261 1881 euoca-

136 1922 290 1988 toriarum
306 1923 340 1988 in
357 1926 481 1990 uetanis
495 1923 571 1990 festi
586 1923 830 2009 Assumpcionis
849 1924 992 2004 Virginis
1010 1921 1159 1989 Gloriose
1175 1943 1260 1990 nnnc

135 2030 281 2111 proxime
297 2031 456 2114 preteritis
471 2031 515 2096 ad
531 2039 674 2098 nostram
705 2031 919 2115 personaliter
952 2031 1159 2096 accendendo
1191 2051 1262 2114 prc-

135 2136 280 2202 scneiam
298 2145 411 2205 contra
426 2138 584 2206 Theman
601 2135 702 2203 tilium
719 2136 868 2203 Cheztwe
884 2138 917 2202 in
941 2137 1044 2220 figura
1075 2137 1175 2202 nostri
1206 2137 1262 2202 Ju-

136 2241 213 2331 dicij
234 2251 350 2328 egerat
367 2246 577 2329 proponendo
594 2247 654 2311 sub
670 2244 733 2309 hac
749 2246 853 2311 forma
869 2269 876 2309 :
894 2244 980 2328 quod
998 2265 1069 2312 cum
1088 2244 1159 2328 ipse
1174 2264 1264 2310 acee-

136 2359 192 2434 pto
210 2351 341 2417 homine
357 2353 459 2436 Regio
476 2353 645 2436 ipsiusque
660 2351 803 2436 Capituli
819 2351 963 2418 Ecclesia
978 2351 1195 2435 Posonyeusis
1219 2351 1263 2417 ad

136 2457 252 2524 faciem
268 2457 394 2542 prefate
411 2459 627 2543 possessionis
645 2461 741 2524 Welk
757 2463 872 2525 uocate
888 2459 1072 2526 accedendo
1089 2461 1153 2525 stb.
1185 2479 1261 2525 ean·

137 2563 211 2630 dem
228 2565 437 2648 reambnlari,
465 2571 632 2650 metasque
649 2567 794 2634 eiusdem
811 2565 893 2650 erigi
912 2575 944 2632 et
962 2566 1119 2651 renouari,
1146 2586 1185 2631 ac
1201 2566 1264 2632 sibi

139 2680 295 2757 perpetuo
310 2677 408 2740 statui
427 2675 534 2742 lacere
551 2677 719 2760 uoluisset,
736 2675 900 2760 predictus
915 2674 1058 2743 Thomas
1070 2675 1156 2742 filius
1167 2675 1264 2741 Chen-

141 2789 203 2848 twe
220 2783 310 2865 ipsos
327 2782 461 2864 Regium
478 2791 510 2850 et
525 2784 627 2867 ipsius
644 2781 789 2866 Capituli
805 2783 1025 2868 Posonyensis
1051 2782 1197 2849 homines
1222 2785 1264 2850 ab

140 2887 311 2956 eleccione
327 2897 485 2956 metarum
503 2892 607 2975 ipsius
637 2891 853 2975 possessionis
885 2889 981 2956 Wellr
1014 2888 1263 2956 contradicendo

140 2995 379 3082 prohibuisset3
405 2998 496 3064 euius
512 2997 783 3065 contradiccienis
801 3005 833 3063 ct
850 2995 1081 3080 prohibicionis
1098 2997 1264 3062 racionem

140 3103 225 3168 scire
242 3123 263 3168 a
280 3103 405 3171 'l'homa
421 3105 603 3172 intenderet
618 3105 793 3172 antedicto.
827 3103 898 3181 Quo
915 3110 1064 3188 percepto
1080 3102 1165 3170 idem
1181 3102 1267 3170 'l'lro-

141 3229 210 3276 mos
226 3209 312 3277 tilius
328 3212 479 3279 Cheztwc
495 3213 708 3297 personaliter
724 3211 925 3297 exsurgendo
957 3211 1116 3295 quasdam
1141 3209 1267 3276 litteras

141 3317 364 3400 priuilegiales
381 3318 504 3386 Herriei
520 3321 683 3403 quondam
700 3319 843 3386 Palatini
862 3328 893 3384 et
903 3317 1035 3384 Comitis
1048 3315 1266 3401 Posonyensis

141 3425 174 3490 in
192 3424 276 3492 testo
294 3426 387 3494 Beati
404 3427 533 3494 Andree
548 3427 696 3512 Apostoli
713 3427 773 3492 sub
790 3446 875 3494 anno
891 3422 1023 3492 Domini
1040 3423 1159 3491 MtCC⁰
1175 3441 1266 3490 sexa-

143 3532 266 3614 gesimo
283 3531 458 3615 confectas,
475 3533 608 3600 formam
622 3533 740 3618 judieij
759 3531 901 3597 Rolandi
932 3528 1095 3614 qnondam
1126 3529 1269 3596 Palatini

143 3638 344 3724 explicantes
360 3640 456 3707 nobis
472 3647 683 3726 presentans,
711 3641 745 3704 in
762 3638 878 3722 quibus
894 3637 1081 3704 sideramus
1098 3637 1267 3722 contineri,

144 3745 229 3828 quod
242 3767 313 3813 cum
324 3745 446 3835 Synclr,
458 3747 550 3835 Zala,
561 3746 658 3830 Pooh,
669 3746 812 3827 chdue,
824 3746 989 3814 Montanus
1000 3749 1032 3809 et
1042 3743 1135 3810 Mooh
1146 3751 1269 3827 aparte

144 3875 220 3938 una,
236 3862 268 3920 et
282 3856 398 3924 Petrus
414 3876 454 3924 ac
470 3863 536 3923 tres
552 3855 609 3940 tilij
629 3855 689 3941 sui,
708 3853 829 3920 scilieet
846 3853 989 3918 Pcturke
1005 3859 1037 3918 et
1061 3851 1200 3918 Iwanka
1232 3847 1269 3935 (a

145 3959 389 4028 harmadilrnak
405 3983 487 4030 neve
503 3962 684 4048 hitnyzikl,
701 3961 868 4028 lohannes
884 3966 917 4025 ct
941 3959 1004 4025 dno
1035 3959 1155 4024 tratres
1185 3956 1271 4023 eius·

145 4067 230 4154 dam,
249 4069 373 4136 seilicet
388 4073 555 4156 Magnyna
571 4076 602 4136 et
618 4069 758 4136 Michael
774 4069 864 4134 citati
882 4089 939 4152 per
956 4065 1087 4134 eosdem
1103 4067 1146 4130 ab
1167 4065 1272 4130 altera

146 4199 256 4245 coram
274 4179 386 4246 eodem
403 4179 536 4246 Herrioo
553 4179 702 4246 Palatino
717 4179 856 4245 fuissent
871 4175 1046 4259 constituti,
1063 4174 1148 4240 idem
1162 4171 1270 4258 Synclr

146 4294 179 4352 et
195 4289 326 4370 cognati
342 4288 392 4356 sui
408 4288 527 4372 prelati
544 4287 652 4353 taliter
668 4287 910 4372 proposuissent
925 4289 1040 4349 contra
1072 4281 1155 4365 illos,
1188 4281 1273 4363 quod
1316 4349 1321 4359 ¹

147 4414 256 4461 eoram
273 4396 419 4462 Rolando
436 4394 586 4463 Palatino
604 4395 781 4461 munissent
792 4391 994 4476 questionem
1026 4406 1124 4474 snper
1149 4384 1273 4452 duabus

148 4505 298 4588 partibus
314 4511 399 4572 terre
416 4503 510 4570 Wclk
528 4511 639 4570 eontra
656 4505 755 4588 ipsos,
772 4520 870 4586 super
885 4499 1000 4583 quibus
1017 4495 1162 4582 prelatus
1178 4493 1273 4559 Pala·

151 4611 238 4680 tinus
254 4613 401 4678 duellum
413 4611 598 4696 judicasset
615 4613 778 4693 intereos,
798 4615 830 4674 et
845 4605 933 4691 quod
949 4606 981 4672 in
1000 4625 1076 4670 area
1093 4602 1193 4668 duelli
1218 4620 1276 4688 pu-
