3150 5162
829 979 905 1047 tat.

295 1179 411 1246 rateto
426 1176 534 1264 isjabb
550 1177 727 1262 kira‘lyaale
743 1177 884 1264 Horypb
898 1181 1005 1257 adrat,
1021 1200 1037 1244 e
1052 1177 1274 1266 Myltumbcrp,
1293 1175 1422 1245 saxon
1557 1181 1558 1186 ’

274 1283 381 1370 jalel,
401 1285 530 1369 Polooo,
547 1284 671 1353 Nedcllt
687 1287 720 1352 te
737 1281 833 1372 Zank
848 1283 1424 1372 lelpotpetetmrppazoadomtnpai.

814 1391 913 1460 1259.

409 1587 477 1654 Nos
493 1586 674 1655 Lodonicns
690 1585 753 1654 Dei
769 1585 883 1680 gracia
899 1585 1080 1672 Hungarie,
1095 1583 1240 1673 Polonie,
1257 1587 1425 1654 Dalmacie

280 1693 357 1760 ·.stb.
374 1693 446 1760 Rex
460 1695 523 1760 stb.
539 1693 625 1779 quod
642 1693 703 1762 riri
719 1692 887 1778 Magnifici
903 1692 1071 1760 Emericus
1096 1693 1267 1762 Palatinus
1293 1701 1326 1760 et
1357 1693 1425 1760 Ste-

297 1798 426 1884 phanus
440 1798 612 1884 Woyuoda
629 1800 869 1867 'l'rausiluanns
885 1796 999 1866 fideles
1014 1798 1116 1866 nostri
1134 1805 1166 1866 et
1182 1798 1296 1869 dilecti
1321 1819 1426 1886 perso-

294 1904 415 1972 naliter
432 1905 523 1972 iuxta
538 1905 776 1972 continenciam
794 1906 975 1973 litterarum
994 1903 1128 1972 Comitis
1154 1905 1289 1994 capelle
1318 1913 1426 1975 nostre

279 2011 555 2080 -onoeatoriarnm
571 2010 766 2099 simplicium
784 2011 895 2098 ipsam
927 2011 1157 2081 euocacionem
1188 2012 1223 2080 in
1253 2013 1427 2100 effisegrod

296 2117 382 2184 facie
397 2117 441 2183 ad
456 2117 572 2185 facicm
587 2117 708 2185 factam
724 2116 794 2184 lore
814 2117 1044 2186 denotanoium
1060 2117 1159 2187 tercio
1186 2118 1240 2188 die
1269 2121 1351 2188 ferie
1380 2141 1427 2189 se·

283 2223 404 2291 conde
417 2225 564 2310 proxime
587 2229 663 2309 post
693 2223 811 2290 festum
850 2225 943 2292 Beati
973 2225 1060 2291 Luce
1090 2223 1309 2311 Euangeliste
1340 2249 1426 2296 anno

289 2330 429 2397 ,Domini
446 2331 618 2398 millesimo
645 2328 859 2397 OOO⁰LXX⁰
890 2330 989 2398 tercio
1020 2334 1209 2417 preteritum
1240 2335 1276 2400 iu
1307 2333 1427 2404 Nostro

291 2437 493 2504 vSerenitatis
509 2442 685 2523 conspectu
703 2443 941 2524 comparentes,
973 2445 1088 2506 contra
1117 2439 1291 2508 Nicolaum
1324 2442 1427 2508 tilium

298 2542 432 2610 Hahold
447 2542 606 2627 quosdam
623 2543 753 2610 litteras
769 2543 917 2629 Capituli
932 2545 1080 2612 Ecclesie
1113 2547 1266 2614 Albensis
1296 2548 1359 2616 stb.
1390 2548 1426 2614 in

297 2657 440 2720 nostrum
458 2648 637 2719 eduxerunt
653 2657 863 2736 conspectum
893 2651 1063 2737 habentes,
1095 2653 1182 2738 quod
1212 2655 1247 2720 iu
1279 2655 1426 2740 personis

297 2761 442 2846 ipsorum
457 2756 598 2824 Palatini
615 2763 647 2824 et
662 2755 830 2844 Woynodc
843 2758 1043 2844 fratrumque
1053 2779 1162 2826 eorum
1173 2759 1292 2828 Nostro
1301 2761 1425 2830 dictum

297 2865 415 2933 fnisset
429 2862 602 2950 Maiestati,
619 2861 705 2949 qnod
720 2863 880 2932 Nicolaus
897 2862 982 2932 filins
993 2864 1123 2934 Nicolai
1135 2866 1176 2933 de
1187 2865 1321 2952 Habolt,
1337 2889 1426 2936 asse·

296 2992 372 3041 rens
385 2976 462 3064 jura
478 2991 539 3040 sua
553 2971 815 3058 possessionaria
830 2991 909 3056 erga
926 2973 1056 3040 eosdem
1073 2973 1269 3060 Palatinum,
1285 2975 1427 3062 Woyuo·

297 3081 385 3166 dam,
402 3087 435 3148 et
450 3079 567 3146 fratres
583 3078 727 3164 ipsorum
745 3079 896 3162 existere,
914 3079 1056 3146 obmissa
1073 3101 1205 3164 prorsus
1221 3083 1427 3149 consuetudi·

295 3187 389 3255 naria
404 3185 479 3271 lege
494 3184 598 3272 Regni
614 3185 715 3252 nostri
731 3188 773 3251 ab
790 3186 928 3269 antiquo
946 3194 1113 3272 consueta,
1131 3207 1272 3256 necnon
1293 3206 1425 3257 suorum

290 3293 424 3381 jurium,
440 3291 470 3361 si
486 3312 548 3376 qne
564 3290 699 3360 haberet
714 3293 803 3358 eirca
821 3289 964 3379 easdem,
995 3293 1192 3360 execncione
1222 3299 1424 3380 postergata,

294 3401 395 3468 tacita
410 3400 549 3468 veritate
565 3411 597 3467 et
612 3405 767 3485 suggesta
787 3397 946 3485 falsitate,
963 3399 1191 3487 multipharias
1207 3401 1336 3470 litteras
1353 3421 1425 3487 pro-

296 3506 540 3590 testacionales,
555 3505 790 3592 inquisitorias,
806 3503 1040 3592 prohibitorias
1057 3514 1090 3574 et
1113 3505 1353 3597 affirmatorias,
1387 3530 1425 3576 ac
1557 3507 1558 3576 ἶ

297 3614 384 3682 alias
394 3613 464 3702 juri
493 3614 644 3699 ipsomm·
670 3612 928 3698 possessionario
960 3613 1194 3700 derogatorias,
1224 3613 1359 3683 silenter
1392 3623 1425 3684 et
1557 3645 1558 3694 p

296 3723 421 3790 occulte
436 3727 549 3788 contra
563 3721 652 3807 ipsos
668 3719 816 3787 emanari
832 3719 943 3787 facere
974 3725 1189 3807 procurasset,
1221 3727 1255 3788 et
1285 3727 1424 3809 protunc

296 3835 494 3916 procuraret
527 3827 621 3895 Vnde
636 3827 713 3913 quia
728 3848 789 3896 nos
806 3828 847 3898 de
878 3827 1000 3896 talibus
1032 3826 1152 3894 dolosis
1184 3833 1217 3897 et
1248 3829 1424 3898 cautelosis
1557 3823 1558 3904 Ϊ

295 3935 397 4022 gestis
414 3941 446 4003 et
461 3931 580 4018 iniquis
595 3933 809 4020 processibus,
833 3955 875 4003 no
899 3953 957 4021 per
987 3933 1049 4002 hoc
1079 3933 1154 4002 iura
1185 3935 1422 4019 regnicolarum
1557 3927 1558 4002 j

286 4049 474 4110 nostrorum
489 4041 750 4126 possessionaria
767 4042 800 4108 in
819 4041 966 4111 futurum
982 4041 1157 4128 periclitari
1184 4042 1422 4128 contingerent,

294 4149 511 4218 voluissemus
527 4164 608 4214 saue
622 4145 815 4235 inuigilare;
842 4146 917 4216 ideo
933 4149 1029 4216 nobis
1045 4147 1319 4217 committentibus
1335 4147 1425 4218 idem
1557 4167 1558 4206 1

283 4253 451 4323 .Nicolans
466 4253 551 4321 filius
566 4253 693 4322 Nicolai
709 4253 792 4321 feria
813 4261 938 4338 quarta
954 4255 1102 4343 proxima
1129 4261 1203 4342 post
1228 4254 1427 4322 dominicam

292 4361 513 4430 Reminisoere
527 4359 673 4448 proxime
688 4367 765 4428 tune
792 4361 981 4448 preteritum
1014 4381 1073 4449 per
1104 4369 1250 4432 nostrum
1281 4371 1314 4430 et
1345 4362 1426 4430 dicti
1557 4367 1558 4448 j

282 4465 438 4554 ⁸(irapitnli
452 4466 600 4536 homines
615 4467 648 4534 in
666 4467 876 4552 possessione
892 4487 952 4537 sna
968 4466 1081 4536 Borion
1097 4476 1212 4539 uocatu
1241 4489 1315 4540 oum
1349 4471 1420 4538 rni-
1557 4457 1558 4538 J

284 4574 396 4642 *uersis
414 4573 606 4642 litteralibus
622 4573 689 4642 suis
706 4574 940 4644 instrumentis
955 4594 1014 4644 seu
1030 4575 1247 4664 munimentis,
1262 4577 1292 4647 si
1307 4596 1373 4664 que
1392 4577 1427 4644 in
