3080 5146
830 337 990 442 *uas-

345 531 490 624 ipsorum
504 535 647 605 Palatini
664 543 696 606 et
711 535 880 624 Woyuoda
891 535 1091 621 fratrumque
1101 553 1211 602 eorum
1222 531 1338 601 Nestus
1348 527 1461 598 dietum

345 645 462 716 luisset
474 645 650 732 blaiestati,
667 642 753 732 quod
769 645 928 713 Nicolaus
943 640 1029 711 filius
1040 641 1171 712 Nicolai
1182 641 1224 708 de
1235 639 1368 724 Habuit,
1382 658 1462 706 asse·

344 773 418 822 rens
431 757 509 845 jura
524 773 585 822 sua
601 752 862 840 possessionaria
877 771 957 836 erga
973 753 1104 820 eosdem
1120 749 1317 834 Palatinum,
1330 748 1463 833 Woyuo

345 863 433 948 dam,
450 868 483 930 et
498 861 615 930 iratres
631 861 776 948 ipsorum
794 859 944 946 existere,
961 859 1104 927 obmissa
1119 878 1253 943 prorsus
1270 853 1463 924 consuetudi·

344 967 437 1036 naria
453 967 529 1054 lege
544 968 648 1054 Regni
664 968 766 1036 nostri
781 970 822 1035 ab
839 968 975 1052 antiquo
992 973 1160 1054 consucta,
1176 985 1240 1035 nec
1254 984 1320 1032 nou
1339 981 1462 1030 suorum

339 1076 472 1165 jurium,
489 1075 518 1146 si
535 1095 597 1160 que
613 1075 749 1144 baberet
764 1075 852 1143 circa
868 1073 1011 1162 easdem,
1041 1073 1239 1142 execncione
1270 1075 1461 1158 postergata,

344 1183 445 1252 tacita
460 1184 599 1254 veritate
615 1193 648 1253 et
662 1189 819 1270 suggesta
834 1181 992 1268 falsitate,
1009 1181 1238 1270 multipharias
1253 1181 1383 1248 litteras
1400 1197 1462 1262 pro

347 1289 590 1378 testacicuales,
606 1289 840 1378 inquisitorias,
856 1289 1086 1378 prohibitorias
1104 1297 1136 1358 et
1159 1287 1401 1374 affirmatorias,
1429 1303 1462 1349 ac

342 1399 429 1468 alias
440 1399 509 1486 juri
538 1401 684 1486 ipsorum
717 1398 973 1484 possessionario
1005 1397 1241 1484 derogatorias,
1271 1395 1406 1464 silenter
1434 1397 1463 1458 ct
1518 1437 1519 1444 η

343 1508 467 1575 occulte
484 1514 596 1575 contra
611 1507 700 1594 ipsos
717 1507 862 1574 emereri
879 1507 989 1574 lacere
1020 1511 1236 1593 procurasset,
1268 1511 1302 1572 et
1332 1507 1462 1590 protunc
1519 1538 1520 1608 q

342 1623 540 1702 procuraret
574 1614 669 1682 Vnde
685 1615 762 1702 quia
776 1635 835 1682 nos
852 1613 894 1684 de
923 1614 1045 1684 talibus
1059 1667 1062 1676 .
1076 1614 1198 1682 dolosis
1229 1618 1263 1683 et
1294 1608 1462 1678 cautelosis

342 1721 443 1808 gestis
460 1729 492 1790 et
507 1719 626 1808 iniquis
641 1721 855 1808 processibus,
878 1743 919 1791 ue
944 1741 1001 1810 per
1031 1723 1094 1790 boc
1124 1723 1198 1790 iura
1229 1718 1460 1806 regnicolarum
1520 1742 1521 1784 l

343 1836 523 1898 nostrorum
539 1829 801 1916 possessicbaria
818 1831 852 1897 iu
869 1829 1012 1899 futurum
1029 1831 1204 1917 periclitari
1230 1827 1462 1912 contingerent,

345 1938 561 2007 voluissemus
578 1953 659 2003 sane
674 1935 864 2026 inuigilare;
886 1937 961 2008 ideo
977 1938 1072 2006 nobis
1088 1935 1366 2007 committentibus
1381 1933 1461 2002 idem
1521 1944 1522 1972 ¹

342 2045 500 2114 Nicolaus
515 2043 600 2112 lilius
616 2042 743 2112 Nicolai
758 2045 843 2113 teria
858 2051 978 2130 quarta
994 2047 1142 2133 proxima
1169 2051 1244 2132 post
1270 2043 1462 2112 dominicam

341 2153 562 2222 Remiuiscere
577 2151 723 2240 proxime
737 2159 814 2219 tuuc
838 2154 1026 2240 preteritum
1057 2173 1116 2240 per
1146 2161 1294 2222 nostrum
1325 2161 1359 2220 et
1389 2149 1461 2219 dicti
1522 2155 1523 2158 ’

343 2259 487 2348 Capituli
502 2260 650 2328 homines
664 2258 699 2326 in
716 2259 923 2344 possessione
938 2279 999 2328 sna
1015 2259 1128 2328 Bodon
1143 2268 1260 2332 vocata
1290 2282 1365 2332 cunr
1396 2259 1459 2329 rni-

342 2369 445 2437 uersis
462 2367 656 2435 litteralibus
671 2365 740 2434 suis
756 2366 978 2436 instrumentis
994 2387 1053 2436 seu
1069 2369 1288 2457 munimentis,
1303 2371 1333 2438 ui
1349 2388 1413 2456 que
1431 2369 1461 2434 in

340 2473 426 2543 iacto
439 2474 559 2562 jurium
576 2494 705 2542 suorum
722 2475 1066 2564 possessiouaricrum,
1082 2497 1145 2562 que
1162 2497 1241 2564 erga
1257 2479 1348 2565 ipsos
1376 2476 1460 2545 Pala-

340 2583 452 2665 tinum,
468 2581 683 2670 Woyuodam,
699 2581 883 2668 fratresque
900 2603 1011 2652 eorum
1028 2605 1101 2656 esse
1126 2586 1303 2676 allegaret,
1333 2587 1464 2654 baberet

340 2686 497 2773 conlecta,
529 2695 641 2758 conba
657 2689 786 2757 cosdem
803 2689 846 2757 ad
862 2699 996 2760 octenas
1013 2693 1079 2762 diei
1096 2695 1193 2782 medij
1212 2693 1461 2780 quadragesime

341 2803 417 2862 tnnc
433 2793 474 2864 de
489 2815 573 2864 nouo
591 2797 773 2885 preteritas,
789 2799 863 2868 sine
879 2799 1117 2870 crastinaeioue
1132 2801 1166 2869 in
1192 2801 1376 2890 Specialem
1400 2799 1460 2864 No·

340 2910 408 2970 stre
423 2902 606 2972 Maiestatis
622 2905 828 2972 Presenciam
845 2915 997 2977 euocatus
1014 2910 1175 2978 extitisset
1191 2912 1273 2998 sib,
1298 2909 1379 2993 quia
1402 2906 1462 2974 stb.

340 3011 454 3078 eadem
470 3031 571 3080 causa
602 3013 687 3080 inter
718 3020 829 3098 partes
861 3013 1078 3086 diuersimode
1108 3017 1267 3087 ventilata
1298 3019 1463 3104 presentes

341 3123 475 3185 cctam
491 3116 566 3186 festi
582 3117 826 3186 Purificaciouis
843 3119 943 3188 Beate
959 3122 1104 3208 Virginis
1119 3125 1214 3194 modo
1230 3125 1384 3194 dilatoria
1394 3120 1462 3189 atti·

339 3225 458 3307 gisset3
481 3224 623 3312 denique
638 3225 720 3312 ipsis
736 3227 861 3294 octenis
878 3227 1086 3328 instantibus,
1117 3233 1314 3320 interimque
1337 3231 1461 3320 prelato

203 3343 207 3350 ·
338 3331 487 3400 Emerico
502 3333 666 3419 Palatino,
693 3341 727 3400 et
742 3333 909 3420 Stephano
927 3336 993 3404 filio
1010 3339 1101 3407 Petri
1117 3341 1158 3408 de
1184 3341 1293 3410 medio
1324 3337 1460 3409 sublatis

338 3439 399 3505 stb.
416 3439 520 3524 primo
537 3438 720 3524 prelibatus
736 3439 923 3526 Stephanus
939 3445 1113 3530 Woyuoda
1128 3448 1191 3515 tria
1207 3447 1383 3536 priuilegia
1399 3445 1455 3514 stb.

337 3553 448 3614 nostro
465 3545 574 3614 offerri
590 3547 717 3616 curauit
732 3549 872 3616 examini
883 3552 1060 3636 judiciario
1075 3555 1138 3626 stb.
1149 3556 1296 3626 Tandem
1314 3563 1459 3644 prenota-

337 3673 392 3720 sus
409 3653 562 3725 Nicolaus
578 3655 665 3724 filius
681 3657 811 3726 Nicolai
826 3665 898 3727 octo
914 3663 1091 3750 priuilegia
1105 3667 1169 3732 stb.
1187 3664 1284 3732 simul
1299 3684 1375 3732 curn
1391 3662 1459 3748 alijs

336 3759 454 3845 viginti
471 3761 601 3833 duabus
617 3763 737 3836 litteris
753 3769 814 3836 stb.
834 3777 977 3840 nostrum
1004 3773 1157 3858 produxit
1183 3772 1217 3838 in
1247 3779 1459 3860 conspectum

337 3868 480 3947 Quorum
496 3871 629 3954 quidem
644 3873 891 3961 priuilegiorum
906 3881 1045 3963 primum
1060 3881 1123 3948 stb.
1146 3882 1257 3966 Ipsum
1273 3901 1351 3950 vero
1367 3879 1459 3968 priui·

336 3977 458 4060 legium
476 3979 600 4047 domini
617 3981 694 4050 Bele
709 3984 807 4068 Regis
818 4005 904 4053 auno
918 3987 1049 4055 Domini
1059 3987 1336 4077 Moccmmcxto,
1347 3998 1460 4059 octauo

336 4084 409 4152 idus
425 4087 624 4177 Decembris,
641 4092 746 4179 Regni
763 4101 871 4160 autem
889 4097 938 4162 sui
955 4117 1044 4164 anno
1061 4097 1208 4166 vicesino
1222 4097 1367 4168 seeundo
1392 4097 1460 4166 sub-

335 4197 451 4280 ortum,
468 4194 552 4264 inter
567 4206 677 4268 cetera
692 4220 752 4286 per
769 4199 925 4270 Comitem
950 4201 1152 4290 Mycbaelem
1184 4205 1319 4273 tratrem
1351 4201 1461 4290 magui

335 4299 446 4368 Buuad
461 4303 545 4370 Baui
562 4313 700 4389 quatuor
716 4315 821 4377 terras
838 4307 953 4380 (lomor
969 4313 1029 4381 sub
1046 4333 1111 4381 vna
1135 4319 1225 4381 meta
1248 4318 1460 4404 constitutam

337 4415 369 4474 et
385 4409 467 4476 duas
484 4419 587 4479 terras
603 4415 745 4504 Welyke
763 4419 868 4485 ceiam
885 4421 945 4488 sub
962 4442 1026 4489 vna
1042 4430 1130 4491 meta
1146 4425 1335 4514 existentes,
1354 4450 1375 4496 a
1391 4429 1460 4496 Jur-

336 4514 422 4583 konc
440 4517 505 4586 lilio
522 4519 626 4606 Otycu
641 4521 726 4590 Beni
743 4545 802 4610 pro
819 4528 1004 4596 concambio
1020 4537 1183 4616 optentas3
1211 4541 1330 4603 terrem
1358 4541 1458 4606 eciam

334 4623 544 4710 Pyancbucb,
561 4647 601 4696 ac
617 4633 737 4700 terram
753 4633 925 4726 Bylrunob,
958 4636 1074 4710 (inmiti
1091 4641 1275 4714 Laucbreto
1292 4643 1361 4714 lilio
1378 4647 1457 4716 eius·
