3080 5146
833 321 992 420 gm-

344 519 413 589 sire
427 509 627 609 Dyrneffinm
643 523 676 584 et
690 515 919 601 Brundusium,
935 515 1058 584 iaoisut
1082 514 1160 582 iude
1188 517 1347 600 Ragusini
1379 517 1461 588 trine·

346 630 463 698 simam
494 635 631 713 partem,
664 634 698 693 et
727 625 860 692 stnhnut
890 625 926 689 iu
955 623 1090 690 servitio
1129 623 1340 693 Venetiarum
1371 647 1460 710 usque
1528 645 1533 651 ·

347 735 424 802 dnm
439 735 568 803 steterit
583 733 746 802 exereitus
761 731 986 800 Veuetisrnm.
1009 731 1142 799 'Polleut
1155 751 1297 816 namque
1312 734 1460 820 Ragusini
1516 738 1534 813 ”;·

347 841 390 908 do
419 842 570 910 omnihus
601 839 739 908 nauibus
755 845 993 924 extraneorum,
1021 859 1084 923 qne
1099 839 1178 906 illue
1194 839 1411 926 applicuerint
1422 844 1458 909 ad

351 955 479 1035 portum
489 947 685 1032 iaciendum,
701 947 793 1013 illam
803 947 972 1032 rationem,
989 965 1087 1029 quum
1102 945 1243 1014 Venetia
1258 948 1348 1013 tollit
1363 947 1402 1016 de
1415 970 1461 1015 ex·
1536 935 1537 938 ¹

347 1061 538 1122 trnuoorum
547 1055 698 1138 navibus,
707 1053 917 1137 dividentque
929 1053 1019 1121 illam
1030 1053 1065 1119 iu
1075 1061 1142 1120 tres
1157 1061 1286 1140 partem
1303 1055 1462 1140 dequibus

350 1183 448 1230 unam
466 1162 590 1230 dabunt
604 1160 870 1246 Archiepisoopo,
892 1159 992 1227 aliam
1008 1160 1126 1227 Comiti
1141 1167 1175 1227 et
1189 1163 1290 1228 tertia
1306 1163 1351 1229 sit
1381 1161 1458 1230 Com-

346 1272 454 1338 munis
470 1269 617 1354 Ragusii.
633 1269 767 1352 Omnes,
785 1269 841 1352 qni
857 1274 950 1335 eruut
965 1267 1061 1335 amini
1079 1268 1298 1358 venetiarum,
1314 1269 1463 1353 Ragusiui

347 1377 420 1444 iilos
452 1397 511 1462 pro
541 1375 656 1442 amieis
686 1375 880 1458 hahehnut;
913 1381 946 1440 et
992 1394 1102 1441 omnes
1134 1377 1190 1458 qui
1223 1384 1320 1444 erunt
1350 1377 1464 1442 iuimiei

347 1484 567 1570 venetiarum,
599 1483 760 1569 Ragusiui
790 1482 864 1549 illos
895 1501 954 1567 pro
988 1481 1129 1550 inimiois
1159 1483 1336 1550 habebunt
1351 1485 1395 1551 Et
1409 1503 1465 1551 uon

347 1593 509 1678 recipient
524 1591 705 1677 Cauiohios,
724 1609 828 1674 neque
847 1591 1077 1674 Dnlmesauos,
1093 1591 1146 1658 uel
1176 1591 1260 1659 alios
1294 1593 1463 1674 grossnrios

344 1706 378 1765 et
394 1699 595 1782 predatores,
627 1699 697 1765 sive
728 1699 918 1764 ranbntores
948 1697 981 1762 in
1013 1696 1152 1764 Ciuitate
1176 1698 1316 1783 Rugusii
1331 1699 1385 1766 vel
1401 1699 1464 1766 eius

350 1805 521 1893 Distriotn,
553 1827 660 1891 neque
691 1808 740 1874 eis
771 1807 896 1873 dahuut
915 1807 1028 1890 aliqua
1051 1805 1220 1873 victualia.
1236 1806 1278 1872 Et
1293 1808 1323 1874 si
1338 1805 1465 1873 Venetia

348 1911 473 1980 miserit
488 1921 601 1981 eontra
617 1913 788 1982 Caoiohios
805 1922 838 1981 et
852 1915 1073 1980 Dalmesauos
1089 1915 1204 1996 galeas
1235 1915 1279 1980 ad
1311 1915 1463 1983 offenden-

349 2020 426 2088 dum
443 2043 509 2110 eos,
524 2023 683 2108 Ragusini
699 2023 851 2090 similiter
866 2029 943 2088 tono
969 2022 1100 2088 mittent
1115 2019 1158 2087 ad
1173 2020 1402 2090 offendendum
1417 2041 1466 2089 eos

346 2129 471 2213 liguum
488 2129 728 2215 quinquaginta
742 2127 906 2195 hominnm
924 2127 1075 2195 deoeuter
1090 2133 1261 2194 armatum.
1272 2129 1314 2194 ut
1324 2128 1463 2195 omnihus

347 2236 425 2304 aliis
457 2239 632 2323 grossariis
649 2245 682 2305 et
712 2236 939 2321 predutorihns
970 2237 1040 2303 sive
1070 2235 1298 2302 rauhatorihus
1315 2235 1411 2303 maris
1426 2234 1467 2300 ia-

345 2345 433 2412 oiout
464 2365 624 2428 guerram,
657 2351 689 2411 et
719 2365 775 2410 eos
806 2343 957 2427 offendet,
989 2343 1075 2410 bona
1104 2341 1176 2430 fide,
1206 2343 1276 2410 sino
1308 2341 1467 2424 fraudas

349 2451 515 2537 Dyraohio
531 2459 564 2518 et
579 2450 666 2518 iufra
697 2471 801 2535 usque
834 2450 999 2518 venetias.
1015 2451 1149 2518 Dabunt
1165 2469 1294 2534 quoqne
1317 2449 1468 2536 Ragnsiui

348 2559 437 2626 omui
467 2578 553 2625 auno
582 2560 617 2624 iu
648 2558 732 2624 sesto
765 2555 916 2623 Omnium
946 2555 1139 2624 Senatorum
1173 2558 1305 2624 domiuo
1321 2557 1404 2624 Dnni
1418 2575 1469 2642 pro

346 2665 476 2749 regalia
507 2665 703 2751 hyperperos
735 2664 915 2745 duodecim,
950 2673 982 2730 et
1013 2663 1184 2730 Communi
1214 2663 1468 2748 Venetiammin

350 2771 499 2840 Venetiis
531 2772 730 2858 hyperperos
761 2773 833 2839 auri
849 2779 976 2838 veteres
991 2771 1073 2838 neoti
1089 2768 1241 2856 ponderis
1256 2777 1384 2839 uentum
1400 2797 1408 2855 ;
1438 2781 1469 2838 et

348 2879 466 2948 Comiti
481 2899 541 2948 sno
557 2879 590 2945 iu
614 2880 727 2947 eodem
759 2879 897 2947 termino
928 2879 1134 2966 hyperperos
1165 2878 1418 2966 quadringentos
1435 2881 1471 2945 de

348 3009 408 3056 sno
440 2985 619 3072 Communi,
651 2991 684 3052 et
712 3007 823 3055 omues
854 2987 937 3054 alios
968 2985 1121 3054 introitus
1152 2993 1184 3052 et
1215 2986 1474 3057 honorificentias

347 3094 531 3163 Comitatus
563 3103 749 3179 consuetas,
781 3102 919 3179 exoepto
950 3093 1083 3161 introitu
1109 3093 1198 3162 salis.
1215 3093 1357 3162 Ohsides
1373 3103 1474 3162 antem

350 3201 476 3268 dabunt
491 3201 647 3284 Ragnsiui
667 3201 838 3269 duodecim
854 3201 897 3270 do
912 3199 1085 3268 duodecim
1115 3201 1341 3286 parentatihns
1356 3201 1471 3269 nohili-

350 3328 440 3374 ornm
456 3307 544 3376 illius
562 3314 657 3395 terre,
690 3315 869 3376 moraturos
895 3328 1025 3394 semper
1040 3327 1100 3376 sex
1116 3307 1247 3375 obsides
1264 3308 1299 3372 in
1331 3308 1472 3376 venetiis

351 3414 395 3482 ad
409 3414 604 3501 expendium
616 3417 852 3500 Rugusiuornm
870 3415 903 3482 iu
920 3415 1027 3483 medio
1042 3435 1138 3501 auno,
1156 3422 1188 3482 et
1203 3414 1286 3482 ahos
1301 3433 1427 3501 semper
1442 3419 1473 3481 in

352 3522 458 3590 medio
475 3543 562 3589 anno
578 3523 611 3589 iu
628 3524 828 3591 oonoamhio.
847 3523 889 3590 ht
904 3522 934 3590 si
950 3523 1073 3607 aliquis
1105 3541 1216 3591 eorum
1232 3531 1411 3591 moreretur
1427 3523 1475 3590 nel

344 3631 480 3716 ingerit,
512 3627 637 3696 dabunt
667 3631 766 3697 alium
799 3633 833 3697 iu
864 3631 936 3700 loeo
953 3633 1033 3700 eius.
1050 3629 1214 3698 durabunt
1239 3637 1348 3699 autem
1365 3631 1477 3698 Comes

352 3737 488 3824 Ragnsii
505 3745 538 3804 et
552 3737 727 3824 antepositi
743 3738 778 3804 in
795 3738 906 3822 aliquo
922 3737 1033 3806 offioio
1049 3737 1199 3806 Civitatis
1211 3747 1243 3806 et
1259 3741 1478 3826 unnsquisque

353 3849 486 3934 iusuper
502 3866 561 3932 pro
577 3867 636 3914 sno
654 3846 770 3935 eapite,
788 3867 825 3914 so
840 3847 890 3913 sie
899 3848 1007 3914 omnia
1022 3855 1220 3932 servaturos,
1238 3847 1303 3914 uisi
1321 3867 1480 3918 remanse-

351 3955 395 4021 rit
410 3973 469 4040 per
499 3951 662 4022 dominum
693 3955 818 4021 Duoem
835 3961 867 4022 et
883 3954 1040 4042 maiorem
1060 3961 1188 4040 partem
1205 3955 1257 4023 sui
1273 3955 1422 4025 Consilii
1440 3959 1480 4024 dt

353 4059 470 4129 fideles
502 4067 597 4128 erunt
612 4059 743 4128 domiuo
759 4061 886 4128 Marino
901 4061 1108 4150 Maurooeuo,
1133 4062 1256 4148 iuolyto
1272 4062 1482 4135 venetiarum

353 4167 448 4253 Daoi,
464 4187 568 4251 usque
583 4167 660 4236 dum
692 4169 813 4236 vixerit
828 4169 862 4235 iu
877 4169 1016 4239 Duostu.
1032 4169 1073 4236 Et
1089 4168 1151 4236 heo
1166 4177 1377 4240 sacramenta
1391 4193 1486 4242 reno·

353 4275 480 4342 vahnut
508 4275 680 4362 Ragusini,
711 4275 850 4361 quisquo
865 4294 924 4364 pro
942 4297 1002 4346 suo
1019 4276 1139 4366 oapite,
1154 4277 1188 4345 in
1205 4277 1355 4346 omnihus
1370 4300 1484 4368 supra·

354 4381 485 4469 seriptis
501 4380 641 4466 siugulis
657 4381 754 4449 aunis
770 4382 894 4451 donem.
911 4385 1066 4454 Preterea
1089 4385 1252 4471 Ragnsiui
1268 4385 1310 4453 de
1325 4388 1486 4456 meroihns

355 4489 523 4572 Romanie,
555 4507 638 4573 quas
669 4489 825 4558 Venetiae
853 4495 1107 4578 apportaverint,
1140 4493 1266 4560 dabunt
1290 4492 1324 4560 in
1342 4493 1488 4564 Venetiis

355 4591 529 4694 Communi
544 4595 754 4664 venetiarum
771 4596 915 4682 quinque
924 4621 983 4686 pro
999 4600 1198 4684 oentenaria,
1216 4607 1248 4667 et
1266 4599 1309 4668 ds
1325 4603 1489 4670 meroihns
