3078 5128
468 287 625 398 gee-

5 511 56 560 nm
70 497 259 579 aratrorum,
275 493 411 580 insuper
426 514 502 560 uero
517 513 615 560 unum
633 512 766 579 porcum
782 513 853 559 curn
880 499 953 562 octo
985 487 1109 580 porcel-

5 605 39 684 is,
56 605 161 669 bouem
178 613 211 669 et
229 624 375 689 capram.
391 603 543 670 Prctcrea
559 611 655 690 terra,
675 624 737 687 que
753 603 852 670 estin
869 601 1012 689 Geurud,
1029 605 1112 670 dues

6 719 94 796 portes
108 713 203 777 matri
223 731 299 778 mee
315 721 348 778 et
363 713 463 778 sorori
481 732 559 796 mee,
591 713 727 780 terciam
746 731 822 779 uero
851 719 974 797 partem
1004 711 1113 778 iratri-

6 821 50 888 bus
63 819 182 888 nostris.
207 822 248 886 In
268 821 413 905 predicto
430 819 561 888 Geurud
577 822 673 886 matri
691 841 758 886 mee
774 822 856 887 duos
873 841 986 886 seruos
997 821 1111 886 Heunc

9 935 31 990 et
43 928 184 1010 Sumbot3
207 929 316 996 sorori
330 949 401 996 mee
418 929 498 996 duos
516 927 631 1015 Ohvro,
648 928 748 995 Huec.
772 928 923 995 Prsdium
941 948 1018 994 uero
1035 927 1113 995 Gur·

13 1044 54 1119 teg
67 1037 378 1104 communedimitto
393 1037 547 1104 tratribus
567 1037 688 1104 nostris
714 1037 956 1122 prenominatis.
981 1037 1117 1122 Insuper

8 1131 123 1209 istos—
139 1183 176 1192 -
201 1183 235 1192 —
265 1146 396 1233 Olecbe,
412 1145 596 1232 Moroucha‚
623 1145 764 1227 Hohqus
790 1166 862 1212 euru
896 1145 999 1212 tribus
1031 1144 1118 1240 iliis,

8 1250 79 1314 beda
92 1273 158 1318 eum
175 1252 294 1335 fratre,
311 1255 370 1320 Pet
386 1273 459 1320 cnm
475 1251 576 1319 fratre
592 1273 659 1338 suo,
675 1254 737 1319 Fot
753 1272 825 1319 cum
841 1251 941 1318 fratre
972 1258 1004 1318 et
1036 1273 1118 1334 cum

10 1359 128 1425 nuribus
143 1361 213 1426 suis
229 1360 506 1446 possessionibus.
544 1359 595 1426 Ne
625 1379 709 1426 unus
740 1396 784 1407 -
803 1394 842 1408 -
861 1397 905 1410 -
937 1360 1119 1446 impetrent

12 1483 41 1528 er
55 1465 133 1548 ipsis.
1111 1447 1113 1455 ¹

331 1574 360 1638 A
468 1575 496 1639 B
603 1574 628 1640 O
741 1575 769 1638 D

52 1769 94 1831 iziz
110 1771 214 1820 eredcti
233 1772 311 1822 utin
329 1772 427 1822 Knaum
445 1771 569 1835 Naindor,
588 1773 708 1837 Msgyor
727 1771 852 1824 Siculi.
871 1773 930 1824 ket.
951 1777 1011 1824 289.
1031 1775 1061 1840 Ι.)

421 2059 687 2070 ——-...

519 2599 595 2670 200.

19 2797 63 2864 IV.
75 2801 150 2869 seza
165 2803 281 2888 kircily
297 2825 319 2866 a
336 2801 485 2868 dimetiri
500 2800 660 2887 condepek
676 2797 845 2885 (hospites)
871 2802 992 2867 rescire
1023 2801 1119 2887 otpjo

18 2905 50 2968 Π.
61 2911 181 2978 Andros
196 2909 281 2978 oleat
296 2909 389 2976 odott
403 2909 643 2993 kiodltsdpokot
657 2912 862 2996 mepardse‘toe
886 2911 967 2994 djra
991 2908 1119 2996 kicdjca.

510 3017 609 3085 1236.

101 3215 178 3284 Bela
194 3215 259 3282 Dei
274 3214 390 3300 grecis
413 3214 591 3300 Huugerie,
617 3213 798 3298 Dalmacie,
833 3214 977 3302 Groneie,
1008 3213 1119 3292 Rome,

22 3317 118 3411 Seruis,
131 3323 336 3408 Lodomerie,
352 3325 518 3412 Bulgarie,
536 3324 756 3406 Cumanieque
771 3325 840 3392 Rex
864 3324 1012 3391 omuibus
1030 3320 1119 3387 cori·

21 3427 49 3490 sti
61 3427 200 3500 fidelibus
217 3451 353 3516 presens
368 3433 525 3517 scriptum
542 3430 752 3516 inspecturis,
768 3433 908 3498 salutem
926 3433 961 3498 in
977 3430 1118 3497 omnium

21 3534 162 3608 suluatme.
186 3539 241 3606 Ad
266 3540 488 3607 uniuersorum
521 3539 677 3607 noticiam
709 3539 823 3605 harum
854 3538 939 3606 serie
969 3539 1119 3614 volumus

22 3649 170 3733 peruenire,
187 3647 278 3732 quod
293 3647 490 3715 accedentes
506 3647 550 3714 cd
565 3654 710 3714 nostram
725 3647 930 3737 presenciam
946 3645 1076 3714 villicus
1088 3654 1121 3713 et

21 3743 135 3836 hospites
152 3757 259 3822 nostri
275 3755 316 3824 ds
332 3757 498 3842 Deeswar,
516 3755 631 3824 humili
648 3775 745 3840 prece
760 3776 782 3823 a
797 3755 890 3824 nobis
903 3755 1120 3842 postulamnt,

22 3870 46 3921 n
66 3861 239 3934 libertatem
256 3885 365 3932 eorum
382 3867 424 3932 ab
439 3863 575 3931 Andros
591 3863 768 3932 karissimo
785 3871 878 3951 patre
894 3871 1016 3948 nostro,
1048 3865 1119 3932 feli·

24 3967 56 4030 tis
69 3973 314 4058 recordacionis,
332 3974 454 4040 eisdem
472 3993 661 4042 concessam
678 3977 787 4040 nostro
813 3971 1026 4057 dignaremur
1058 3974 1122 4058 pri·

25 4075 117 4162 uiiegio
132 4086 332 4150 confirmare.
355 4082 570 4161 Quamobrem
587 4083 751 4170 proprium
768 4088 818 4150 est
834 4081 937 4166 Regio
953 4083 1120 4150 Maieststi

24 4188 258 4260 condescendere
283 4191 434 4280 precibus
465 4191 679 4279 subditorum,
711 4198 746 4257 vt
776 4210 930 4258 numerus
961 4196 1122 4276 augeatur

25 4297 198 4386 populorum,
215 4307 248 4368 et
264 4319 322 4385 per
338 4299 399 4366 hoc
414 4301 518 4384 Regia
533 4299 686 4387 potencia
702 4300 806 4366 lacius
838 4297 1048 4378 extendatur3
1081 4299 1142 4377 eb,

25 4395 68 4465 hoe
81 4407 225 4488 precibus
240 4407 542 4476 condescendentes
559 4429 678 4494 corum,
695 4408 782 4476 hano
807 4407 992 4474 libertatem
1017 4407 1122 4474 inuin-

26 4503 131 4578 labiiem
147 4515 352 4585 decreuiurus
368 4515 490 4584 eisdem
507 4515 694 4584 condonare
710 4541 717 4583 :
735 4523 769 4583 vt
785 4539 805 4583 a
821 4514 939 4582 iudicio
967 4521 1000 4581 et
1031 4515 1124 4581 iuris·

29 4613 149 4692 dictione
165 4625 326 4692 Comitum
343 4625 384 4693 de
399 4623 538 4694 Zounuk
554 4645 611 4712 pro
638 4631 782 4711 tempore
807 4625 1061 4712 constitutorum,
1093 4630 1125 4690 et
