3208 5158
788 292 950 404 geg

411 495 480 566 Nos
496 491 625 582 quiden
641 491 786 584 ludices,
812 489 978 562 cosiliarii
993 498 1027 562 ct
1040 487 1194 562 universa
1209 488 1431 563 commentas

305 605 514 694 Spatalensis
530 604 759 672 constituimus
774 609 807 672 et
823 601 1013 670 ordinamus
1028 599 1237 670 honorabiles
1260 605 1294 668 ct
1308 601 1438 672 nobiles

304 721 434 785 nostros
450 711 601 780 concives
616 711 756 778 Micbnm
772 708 876 780 licdii
893 716 925 778 et
939 709 1155 778 liiehsbclcm
1171 709 1337 779 menardi
1360 729 1435 778 nos·

309 831 396 896 stros
436 821 599 914 legitimos
639 825 879 906 procuratores,
920 823 1056 910 actores,
1094 817 1264 908 petitores,
1294 819 1434 888 nuncios

307 931 466 1021 speciales
482 935 514 998 et
528 927 693 1014 legitimos
709 926 918 1013 responsales
934 925 969 990 in
984 923 1126 994 Ciuitate
1140 923 1436 1011 Ragnsiiinomni·

303 1041 365 1108 bns
380 1038 477 1108 factis
496 1037 616 1106 nostris
630 1035 831 1122 specialibus
846 1039 879 1100 et
895 1033 1119 1120 generalibus,
1135 1053 1199 1118 que
1213 1053 1286 1104 cum
1301 1033 1430 1102 Gemite

307 1153 339 1216 et
356 1145 499 1215 Ciuitate
513 1145 649 1230 Ragusii
665 1144 773 1212 facere
788 1150 822 1210 et
838 1161 1031 1228 componore
1057 1141 1226 1230 babemus,
1252 1141 1371 1210 dentes
1387 1142 1435 1212 eis

303 1258 437 1346 plenem
461 1253 613 1321 virtutem
638 1257 670 1319 et
695 1251 830 1319 liberam
856 1253 1053 1336 potestatem
1076 1248 1222 1338 petendi,
1247 1248 1434 1336 exercendi,

304 1361 497 1452 placitandi,
534 1358 756 1448 promittendi,
792 1356 1023 1443 promissiones
1056 1354 1211 1444 faciendi,
1251 1355 1435 1446 obligandi,

306 1467 534 1560 componendi,
546 1467 774 1553 concordandi,
789 1471 822 1533 et
837 1466 866 1532 si
882 1483 1016 1534 necesse
1031 1463 1128 1534 fucrit
1147 1464 1290 1556 iurandi,
1306 1473 1434 1538 caram

302 1577 485 1647 securitatis
517 1583 549 1645 et
578 1573 791 1662 qnietacionis
822 1573 975 1660 faciendi,
1000 1579 1033 1642 et
1056 1573 1167 1642 omnia
1196 1575 1373 1644 exercendi
1398 1583 1433 1644 et

305 1685 476 1773 operandi,
501 1703 564 1768 que
588 1677 659 1752 veri
675 1690 707 1751 et
723 1682 862 1770 legitimi
877 1689 1105 1769 procuratores
1121 1681 1231 1752 facere
1246 1691 1383 1771 possum
1397 1694 1432 1756 et

302 1793 439 1877 debent3
455 1791 678 1879 promittentes
694 1795 800 1858 ratum
816 1795 849 1859 et
871 1790 995 1858 firmum
1019 1789 1139 1858 babere
1154 1795 1318 1880 ettonem,
1344 1793 1432 1879 quio·

303 1901 383 1987 quid
406 1899 471 1986 ipsi
495 1897 530 1966 in
554 1897 753 1984 specialibus
778 1905 811 1967 et
835 1896 1043 1982 generalibus
1060 1896 1214 1966 duxerint
1231 1897 1429 1991 iaciendum,

304 2018 337 2078 et
352 2029 516 2096 nunquam
532 2009 758 2078 contravenire
773 2009 807 2076 in
823 2007 935 2093 aliquo
950 2027 1023 2076 cum
1038 2009 1195 2077 bonorum
1217 2013 1330 2079 nostre
1344 2009 1430 2080 Giri-

301 2119 379 2188 tatis
412 2117 623 2205 obligacione.
653 2119 774 2186 Datum
807 2113 932 2203 Spoleti
963 2115 1017 2208 dis
1049 2115 1241 2186 duodecimo
1281 2117 1425 2189 intrante

301 2225 435 2313 Marcio,
459 2245 547 2294 anno
563 2226 734 2294 Dominice
749 2223 995 2292 incarnacionis
1010 2223 1183 2294 millesimo
1202 2225 1423 2296 ducentesimo

306 2334 512 2420 sexagesimo
538 2333 660 2419 quinto.
683 2333 726 2400 Et
749 2333 828 2418 quia
853 2331 1008 2400 Notarius
1022 2331 1174 2402 Publicus
1190 2331 1343 2402 Civitatis
1357 2355 1430 2421 pre·

301 2463 376 2511 sens
392 2443 428 2510 in
459 2441 601 2510 Givitctc
631 2461 697 2509 non
727 2447 808 2528 erat,
839 2447 1009 2528 presentes
1038 2441 1153 2511 literas
1183 2441 1290 2528 sigilli
1317 2449 1429 2513 nostre

302 2547 552 2618 Oommnnitctis
567 2548 744 2616 munimine
759 2547 894 2618 lecimus
904 2547 1105 2618 communiri.

408 2660 450 2725 Et
465 2658 526 2727 hec
542 2665 617 2727 sunt
632 2662 732 2745 pacto
748 2661 780 2725 et
796 2657 1033 2727 consensiones
1047 2663 1162 2745 ctpax
1176 2663 1275 2746 atque
1296 2679 1428 2730 concor·

302 2763 400 2854 dum,
432 2785 495 2852 que
525 2785 584 2852 per
603 2765 842 2852 suprascriptos
863 2763 998 2834 nuncios
1012 2765 1140 2853 Spaleti
1153 2785 1214 2852 per
1228 2767 1381 2838 rirtmsm
1397 2774 1430 2837 et

301 2879 496 2963 potestatem
527 2874 623 2942 buius
668 2873 891 2960 suprascripte
932 2893 1042 2941 eorum
1081 2875 1325 2964 procuracionis
1355 2897 1429 2945 cum

302 2981 521 3070 suprascripto
552 2981 676 3050 Gemite
714 2980 851 3066 Bcgusii
889 2986 922 3050 et
954 2981 1124 3050 &numani
1162 2981 1308 3054 eiusdem
1338 2984 1426 3054 ectr-

301 3099 458 3162 manunt:

406 3203 444 3269 In
460 3201 574 3288 primis
585 3204 732 3268 currente
748 3219 836 3268 anno
851 3198 982 3269 Domini
997 3199 1174 3270 millesimo
1189 3200 1427 3276 ducentcseimo

299 3311 522 3394 sexagessimo
532 3309 657 3396 quinto,
672 3307 726 3377 die
735 3315 850 3395 quarm
860 3310 1001 3377 intrante
1010 3328 1121 3378 mense
1130 3311 1362 3402 suprascripto,
1371 3315 1428 3382 bo

298 3417 438 3486 minibus
454 3416 588 3506 Spoleti,
614 3417 668 3502 qui
686 3415 774 3502 capti
790 3417 930 3500 fuerant,
944 3418 1046 3485 libero
1061 3437 1134 3486 cum
1149 3437 1260 3489 corum
1275 3420 1425 3490 barensis

299 3523 453 3612 dimissis,
463 3532 632 3609 utrumque
642 3525 820 3592 Commune
829 3530 896 3612 tam
907 3523 947 3594 dc
957 3523 1091 3612 Spaleto
1107 3526 1264 3612 quamde
1280 3529 1426 3614 Bagusio

298 3632 489 3701 adinvicem
501 3653 536 3701 se
547 3631 720 3701 convenire
731 3631 1113 3720 debeatinStcgnnmin
1128 3632 1235 3704 medic
1260 3634 1340 3723 loco,
1368 3639 1427 3722 qni

299 3741 417 3809 dicitur
432 3741 600 3828 Prerlach,
617 3742 747 3812 amodo
763 3763 868 3828 usque
885 3744 929 3812 ad
944 3745 1086 3814 medium
1103 3765 1247 3817 mensem
1273 3747 1426 3820 Octobris

298 3849 441 3936 proxime
451 3847 589 3934 venturi,
599 3855 632 3916 ct
642 3869 700 3936 pro
709 3850 858 3936 qnalibet
868 3858 962 3938 parte
972 3860 1037 3920 tres
1052 3853 1175 3923 iudices
1192 3855 1357 3942 eligantur
1371 3856 1428 3927 rel

297 3959 409 4044 plures
425 3963 482 4026 aut
496 3957 667 4044 pauciores
683 3961 860 4028 secundnm
880 3961 967 4046 quod
982 3961 1110 4048 utrique
1135 3963 1223 4049 parti
1247 3962 1424 4053 ridebitur,

298 4065 354 4149 qui
368 4065 476 4134 iurare
492 4064 610 4134 debent
624 4064 763 4135 fideliter
778 4067 891 4137 audire
906 4067 1017 4137 omnic
1032 4070 1165 4158 placita,
1180 4072 1425 4163 contenciones,

298 4175 483 4258 questiones
499 4179 597 4260 atque
611 4173 776 4242 discordia
791 4176 950 4244 vertenda
973 4177 1057 4244 inter
1080 4178 1228 4248 homines
1253 4179 1425 4266 utriusque

297 4280 492 4376 Communis,
502 4287 534 4348 ct
544 4301 583 4350 ea
597 4301 715 4350 sanare
731 4288 764 4351 et
774 4280 919 4352 iudicare
934 4290 1032 4369 atque
1047 4285 1200 4376 diffinire,
1216 4295 1249 4355 et
1263 4307 1325 4357 nec
1341 4289 1423 4358 ami-

297 4409 369 4456 cum
385 4390 496 4459 iuvere
513 4409 574 4457 nec
589 4387 719 4458 inimico
734 4411 850 4462 nocere
864 4411 924 4478 per
938 4391 1095 4462 baudem.
1111 4393 1154 4463 lit
1167 4394 1197 4464 si
1206 4395 1273 4482 ipsi
1287 4395 1422 4468 Judicce

298 4495 390 4564 electi
414 4497 455 4566 dc
479 4497 590 4583 aliquo
616 4497 737 4585 placito
762 4518 799 4568 sc
822 4499 1020 4570 concordare
1043 4521 1110 4570 non
1134 4509 1277 4590 possent,
1300 4504 1422 4575 Archi·

299 4603 442 4690 episcopi
457 4605 624 4690 utriusque
640 4606 826 4677 Communis
841 4607 1080 4696 protudioibus
1090 4609 1246 4682 demedio
1262 4611 1420 4685 interesse
