3098 5132
921 312 983 388 178

869 407 1029 418 *—

387 519 429 586 de
459 516 614 605 predictis
644 517 776 603 ablatis,
817 515 901 582 sicut
943 515 1134 598 sicennam
1167 515 1254 598 quod
1280 521 1387 582 antem
1417 537 1507 602 snper
1535 505 1536 528 ³

387 625 553 713 premissis
580 631 695 711 postea
719 623 823 704 fieret,
849 624 979 707 ignorat
1014 623 1165 688 dominus
1198 621 1282 701 Dux,
1299 623 1405 690 silicet
1428 623 1507 689 idem
1535 705 1536 716 1

387 733 576 802 Leonardus
592 733 719 818 dicitnr,
746 731 832 816 qnod
847 731 974 830 Mesena
999 731 1124 799 nullam
1140 731 1215 810 inde
1230 732 1338 816 potnit
1357 732 1505 815 consequi

388 842 442 909 vel
458 841 581 908 habere
603 839 779 908 racionem.

517 1039 652 1106 (Ljubica
670 1037 794 1090 Menum.
814 1051 856 1102 sp.
876 1035 943 1090 hist.
964 1037 1039 1090 slav.
1057 1037 1156 1090 Merid.
1176 1039 1199 1088 1.
1218 1035 1278 1088 ket.
1300 1041 1342 1088 ³8.
1364 1038 1392 1101 l.)

925 1861 999 1930 118.

403 2063 520 2130 Verere
536 2063 636 2130 Jonas
650 2063 788 2149 sequaci
803 2063 971 2128 kereatcdtt
988 2086 1009 2126 a
1034 2063 1190 2128 adcnczei
1215 2063 1354 2148 doqeacic
1363 2063 1520 2152 foyadja,

395 2174 479 2258 hoqy
518 2171 664 2259 tajoiaat
702 2167 947 2236 Ateaeacdatctta
983 2172 1014 2234 6⁸
1055 2169 1256 2256 quptomba
1285 2195 1356 2236 nem
1380 2172 1522 2236 maceca.

912 2277 1010 2341 1224.

506 2475 568 2541 Die
583 2473 671 2540 XVI.
700 2473 839 2540 intrante
855 2473 951 2541 Julio.
976 2471 1130 2539 Promisit
1160 2471 1329 2541 iohannes
1346 2475 1468 2541 Verere
1486 2472 1523 2536 de

398 2582 544 2667 Ragonio
574 2581 703 2649 domino
734 2581 817 2649 Daoi
833 2581 876 2648 ad
892 2589 1016 2668 panem
1032 2581 1216 2649 Communis
1232 2581 1443 2648 Veneciarum
1469 2582 1536 2647 snb*

400 2709 486 2776 pena
501 2689 605 2758 tocius
636 2689 723 2756 heris
755 2691 824 2758 eius
851 2699 882 2757 et
914 2709 972 2758 sne
989 2709 1134 2776 persone,
1153 2689 1239 2774 qnod
1257 2691 1290 2754 in
1307 2689 1369 2756 hoo
1398 2688 1536 2773 viatico„

401 2797 488 2883 quod
515 2796 657 2865 facturos
673 2805 723 2864 est
748 2817 819 2866 cnm
837 2817 894 2864 sno
921 2819 1081 2887 panzano,
1107 2800 1140 2864 in
1158 2803 1242 2863 terra
1258 2797 1454 2864 Alerandria
1476 2795 1525 2863 vel

401 2905 511 2990 Egipti
543 2925 607 2972 non
633 2905 701 2991 ibit,
719 2911 752 2973 et
768 2906 814 2970 ita
838 2905 957 2970 inravit
988 2924 1047 2990 per
1072 2905 1195 2972 Sancta
1210 2905 1272 2972 Dei
1288 2905 1473 2988 Evangelia
1496 2925 1528 2968 se

402 3013 656 3082 observaturum.
689 3013 730 3078 Et
776 3013 831 3079 isti
862 3013 922 3080 alii
970 3012 1116 3080 similiter
1149 3013 1209 3079 hoo
1257 3011 1341 3078 idam
1385 3012 1527 3079 fecerunt

401 3127 650 3204 sacramentnm,
667 3120 791 3187 cilicet:
806 3119 920 3186 Petrus
945 3121 1069 3188 Noreia
1086 3119 1268 3186 nauclerios
1285 3119 1361 3186 dieti
1379 3118 1536 3206 patizoni'

405 3230 460 3314 qai
477 3229 592 3296 Petrus
610 3229 753 3294 Venetus
782 3237 842 3315 ast,
859 3235 891 3294 et
908 3229 1027 3295 Paulus
1050 3227 1091 3294 dc
1109 3227 1265 3313 Ragusia,
1283 3234 1317 3292 et
1343 3225 1536 3293 Dominious

407 3339 569 3422 Ragnseo.
611 3337 780 3403 Pascentes
813 3336 963 3404 suerunt:
989 3337 1041 3404 Jo.
1074 3335 1212 3403 Michael
1254 3333 1471 3403 consiiiarius
1503 3341 1536 3400 et

411 3445 604 3512 Dominions
620 3443 759 3510 Venere.

404 3643 441 3704 (n
460 3642 587 3709 sagnam
606 3642 688 3694 aanor
706 3641 834 3710 mering
853 3642 1066 3708 Glssznikjtbot
1085 3643 1145 3694 xv.
1165 3644 1224 3694 nce.
1248 3647 1307 3693 roo.
1327 3642 1384 3706 rap.
1417 3629 1536 3709 musaei

477 3731 661 3784 Monumenta
679 3735 838 3796 spectantia
855 3734 921 3784 hist.
941 3733 1087 3785 slavorum
1107 3733 1204 3784 Marici„
1234 3733 1336 3784 1.kot.
1364 3737 1407 3784 33.
1437 3733 1470 3796 L)
