3078 5128
790 316 952 416 ,399-

303 512 429 579 diutina
444 513 667 582 controuersia
684 511 872 596 inoleucrat,
894 509 1113 580 succendente
1130 511 1305 580 concordia
1321 515 1430 581 omnia

306 657 648 672 ------
665 621 725 688 tuli
741 620 803 687 tine
819 621 927 706 sopite
943 628 1002 688 est.
1044 621 1230 708 Episcopus
1255 621 1357 705 igitur
1384 623 1436 690 Tr.

305 749 376 796 cum
393 729 486 796 clero
501 734 697 812 conquestus
712 733 762 795 est
777 726 884 816 nobis,
899 725 985 794 filios
1012 725 1064 792 Ad
1080 763 1124 776 -
1141 765 1186 775 -
1202 763 1245 775 -
1265 763 1305 776 -
1322 727 1436 794 Sancti

303 837 422 906 Leonis
438 840 539 906 Beato
554 835 750 922 laurencio,
766 837 820 904 eni
836 856 910 903 eam
926 836 1108 904 donauerat
1124 835 1221 905 Biula
1235 857 1319 904 uxor
1346 836 1436 902 vies-

299 945 349 1028 lis‚
365 945 420 1030 qui
435 945 530 1012 illam
559 963 597 1010 ec
614 981 657 994 -
676 983 712 993 -
734 981 775 994 —
796 981 834 992 -
853 951 977 1028 tenore,
1010 949 1046 1012 ut
1077 945 1197 1014 Beatus
1228 943 1435 1012 Laurencins

301 1074 373 1121 eam
389 1051 573 1139 possideret
587 1059 663 1140 post
678 1052 801 1120 obitum
818 1053 899 1120 eiua.
933 1051 1028 1120 Unde
1060 1059 1213 1138 verosque
1243 1052 1433 1120 vocauimua

301 1197 344 1210 -
362 1199 405 1210 —
421 1197 465 1210 -
480 1159 540 1229 lati
556 1163 678 1228 statuto
696 1159 750 1227 die
766 1180 801 1227 se
826 1159 917 1228 vobis
942 1158 1065 1244 pariter
1090 1165 1328 1244 presentarent
1370 1158 1434 1227 Ubi

302 1273 456 1355 presente
470 1265 702 1352 urchipresute
720 1263 912 1334 crescencio
934 1266 1009 1334 stud
1026 1303 1312 1319 -----
1327 1266 1435 1351 partis

303 1375 544 1446 obieccionibua
560 1373 745 1441 huiuamodi
760 1375 1030 1442 conuenienciam
1045 1376 1130 1442 inter
1145 1395 1202 1444 eos
1219 1374 1339 1442 debere
1364 1373 1436 1442 lieri

303 1483 507 1553 defininimus
523 1503 597 1552 cum
613 1503 688 1552 asse
706 1525 745 1534 -
763 1521 808 1534 -·
824 1523 869 1536 -
884 1502 987 1568 usqne
1002 1484 1127 1570 pertis3
1151 1483 1277 1552 scilicet
1294 1489 1329 1550 rt
1355 1483 1434 1568 Epi-

304 1611 422 1678 scopus
439 1599 471 1658 et
489 1590 599 1660 Clerus
625 1591 718 1659 Beati
749 1592 923 1678 Laurencij
955 1591 1145 1678 possideant
1176 1597 1335 1676 perpetuo
1367 1592 1438 1657 inre

305 1710 372 1768 tres
388 1721 410 1785 p
426 1735 470 1747 —
487 1733 529 1745 -
548 1734 589 1746 -
606 1731 649 1746 ·-
666 1699 866 1784 Balanaana,
884 1706 917 1766 et
942 1699 1042 1766 sliam
1073 1701 1106 1766 in
1136 1699 1330 1768 Scalavaria
1360 1719 1435 1766 eum

305 1807 410 1894 olivis,
426 1811 459 1874 et
474 1807 607 1873 terciam
624 1805 668 1872 ad
684 1807 839 1874 Sanctum
848 1807 1050 1894 Stephanum
1062 1811 1178 1874 contra
1188 1813 1313 1893 partem
1333 1808 1437 1876 austri

306 1954 350 1966 -
365 1950 409 1963 ·-
429 1957 467 1966 -
486 1951 527 1964 -
544 1921 619 2000 tem,
636 1935 719 2000 quas
733 1915 877 2000 predicte
893 1915 1038 1984 Ecclesie
1063 1916 1178 1984 Sancti
1204 1915 1325 1983 Leonis
1359 1935 1436 1982 cou-

307 2027 446 2110 tulerat3
485 2023 542 2090 tilii
575 2031 683 2093 autom
714 2025 858 2092 Aduteni
890 2024 1051 2092 haberent
1082 2025 1187 2092 solute
1212 2061 1257 2073 —
1271 2061 1318 2074 -
1334 2061 1378 2075 —
1392 2057 1440 2072 -

306 2131 407 2220 illem,
421 2150 519 2216 qnam
540 2128 664 2202 scilieet
678 2149 755 2200 suus
769 2150 852 2198 avus
868 2129 987 2200 Vitalis
997 2128 1217 2199 fabricaverat
1230 2155 1239 2218 5
1254 2132 1301 2200 ita
1312 2139 1436 2214 tamen,

307 2247 344 2307 nt
357 2239 546 2308 nullatenus
561 2239 605 2325 ph
625 2275 906 2290 -----
922 2259 1125 2325 permenam
1142 2239 1296 2326 Episcopi
1322 2239 1440 2326 promi·

308 2353 421 2418 serunt
437 2348 538 2416 ceiam
556 2347 650 2416 nobis
667 2348 798 2414 tirmiter
814 2347 872 2414 filii
887 2347 1037 2432 Adaleni,
1053 2348 1139 2431 quod
1156 2347 1198 2415 de
1214 2347 1349 2436 propria
1364 2368 1440 2434 pos-

311 2457 455 2525 sessione
471 2476 544 2524 rece
559 2493 843 2526 -----
860 2457 960 2524 closis
975 2457 1078 2524 aliam
1094 2464 1225 2544 terram,
1253 2476 1318 2540 quc
1349 2456 1441 2540 equi·

311 2566 436 2632 valeret
452 2563 547 2632 terris
561 2565 641 2647 illis,
657 2583 740 2648 quas
756 2571 984 2632 concesserunt
998 2563 1102 2632 Beato
1119 2563 1300 2632 Luurencio
1327 2563 1380 2630 Ha
1397 2605 1439 2616 -

311 2709 354 2720 -
370 2713 414 2724 —
431 2707 474 2722 —-
496 2709 532 2720 -
559 2673 720 2740 davernnt
743 2670 952 2739 concordiam
984 2669 1152 2738 Johnnnes
1183 2671 1376 2758 Episcopus,
1407 2679 1443 2740 et

311 2779 426 2847 Abbas
441 2780 644 2865 Damianus3
669 2779 780 2848 clerici
807 2799 883 2846 vero
908 2781 978 2846 Mar
993 2813 1280 2830 -----
1295 2779 1347 2846 nis
1362 2779 1443 2848 Dia·

312 2908 422 2973 conus,
440 2895 472 2956 et
489 2891 613 2956 Fuscus
638 2887 746 2954 iudex
777 2887 914 2974 Spalati,
949 2888 1095 2956 Gauzulo
1126 2887 1312 2955 Scauaeani
1342 2887 1442 2973 tilius,

311 2997 381 3065 Dra
397 3033 676 3050 -----
695 3015 786 3064 meaa
802 2993 923 3062 Saline
941 2995 1036 3079 tilius,
1066 2995 1192 3062 Enscus
1223 2996 1310 3063 Pace
1340 2993 1443 3082 lilius,

311 3108 459 3193 Dnymua
476 3105 609 3186 clectus,
627 3105 738 3172 Dabro
755 3104 931 3188 Dicemus,
959 3103 1127 3171 Jolruunes
1142 3103 1319 3190 Preabiter,
1351 3105 1444 3190 Dny·

312 3234 382 3282 mna
398 3215 482 3282 'l'nle
497 3215 593 3281 filius.
610 3212 695 3279 Acta
711 3221 787 3280 snut
804 3212 864 3278 hec
880 3212 914 3278 in
932 3211 1058 3298 palacio
1068 3211 1180 3280 Sancti
1190 3211 1322 3278 Domuii
1331 3231 1444 3279 coram

311 3320 566 3409 Archicpiscopo
583 3323 626 3389 Gr
642 3357 925 3372 -----
944 3340 1028 3388 auno
1053 3320 1096 3386 ab
1120 3320 1353 3387 incarnacione
1377 3321 1446 3388 Do·

312 3430 391 3497 miui
405 3430 578 3498 millesimo
595 3432 770 3498 centesimo
787 3427 969 3516 vndecimo,
997 3427 1179 3496 indiccione
1205 3428 1315 3516 tercia,
1340 3429 1446 3516 presi-

313 3538 411 3606 dente
427 3537 463 3604 in
479 3539 628 3606 Romam
643 3535 728 3604 Sede
744 3537 835 3624 Papa
850 3537 981 3604 Pascali
998 3535 1149 3605 secundo.
1189 3535 1225 3604 Si
1253 3536 1327 3622 quis
1360 3537 1448 3604 hanc

314 3647 522 3714 concordiam
538 3647 722 3732 viclauerit,
739 3646 820 3714 iram
838 3645 968 3712 Domini
984 3647 1139 3728 incurrat,
1163 3664 1205 3714 ac
1219 3645 1445 3712 anathematis

317 3754 447 3822 vinculo
464 3753 643 3824 subiaceat

425 3861 543 3930 Verum
560 3868 733 3947 postquam
749 3861 877 3948 prefata
894 3863 1042 3944 Ecclesia
1067 3882 1124 3948 per
1155 3864 1253 3948 longa
1283 3883 1446 3932 ennomm

313 3971 429 4058 spacia
443 3991 502 4057 per
521 3989 650 4037 uranum
667 3969 809 4038 Adalcui
825 3991 883 4038 seu
900 3979 1062 4059 nepotum,
1080 3971 1227 4056 pluribus
1244 3971 1376 4038 clericis
1400 3971 1446 4037 ad

315 4079 489 4162 regendum
508 4079 627 4147 collata
643 4079 778 4164 suisset3
792 4079 877 4166 'post
892 4080 1014 4147 obitum
1040 4079 1171 4146 taudem
1203 4077 1297 4145 Pauli
1329 4079 1446 4146 Archi·

315 4187 500 4273 presbyteri
517 4187 757 4272 Traguriensis,
775 4189 831 4271 qui
859 4187 979 4255 dictem
1011 4187 1192 4256 Ecclesiam
1225 4207 1284 4274 per
1314 4207 1449 4256 manum
1534 4239 1535 4246 κ

315 4301 468 4380 nepotum
483 4293 624 4364 Aduleni
642 4295 810 4382 habuerat,
827 4295 974 4363 Marinus
992 4295 1142 4384 clericus,
1167 4293 1289 4361 Bodini
1315 4295 1450 4381 nepotis

316 4403 457 4471 Adaleui
473 4402 568 4491 iilius,
587 4405 757 4473 abeodem
774 4411 866 4489 patre
883 4425 942 4472 sno
958 4411 991 4471 et
1000 4404 1104 4495 ipsius
1115 4403 1306 4490 propinquis
1316 4403 1452 4470 domino

316 4511 490 4598 'l'reguano
506 4512 670 4599 Episcopo
686 4519 719 4580 et
735 4511 886 4599 capituto
902 4511 1113 4597 Tragurienai
1130 4510 1193 4578 fuit
1222 4509 1265 4576 ad
1299 4509 1453 4580 eiusdem

318 4617 467 4685 Ecclesie
483 4619 673 4686 beneficium
690 4625 906 4712 presentatus,
936 4628 967 4686 et
992 4620 1121 4687 demum
1148 4619 1191 4686 ab
1223 4616 1385 4706 Episcopo
1416 4631 1455 4688 et
1533 4623 1534 4697 l
