<?xml version="1.0" encoding="UTF-8"?>
<!DOCTYPE html PUBLIC "-//W3C//DTD XHTML 1.0 Transitional//EN"
    "http://www.w3.org/TR/xhtml1/DTD/xhtml1-transitional.dtd">
<html xmlns="http://www.w3.org/1999/xhtml" xml:lang="en" lang="en">
 <head>
  <title>
</title>
<meta http-equiv="Content-Type" content="text/html;charset=utf-8" />
  <meta name='ocr-system' content='tesseract 3.04.00' />
  <meta name='ocr-capabilities' content='ocr_page ocr_carea ocr_par ocr_line ocrx_word'/>
</head>
<body>
  <div class='ocr_page' id='page_1' title='image "./codexdiplomatic10wenzgoog_0466.png"; bbox 0 0 3080 5146; ppageno 0'>
   <div class='ocr_carea' id='block_1_1' title="bbox 597 301 883 446">
    <p class='ocr_par' dir='ltr' id='par_1_1' title="bbox 597 301 883 446">
     <span class='ocr_line' id='line_1_1' title="bbox 597 301 883 446; baseline -0.01 -133"><span class='ocrx_word' id='word_1_1' title='bbox 597 336 760 446; x_wconf 40' lang='grc' dir='ltr'>ΑΒ-</span> <span class='ocrx_word' id='word_1_2' title='bbox 879 301 883 310; x_wconf 89' lang='grc'>.</span> 
     </span>
    </p>
   </div>
   <div class='ocr_carea' id='block_1_2' title="bbox 108 535 1312 1690">
    <p class='ocr_par' dir='ltr' id='par_1_2' title="bbox 108 535 1312 1690">
     <span class='ocr_line' id='line_1_2' title="bbox 112 535 1242 628; baseline 0.002 -20"><span class='ocrx_word' id='word_1_3' title='bbox 112 545 352 624; x_wconf 89' lang='lat' dir='ltr'>congregatum</span> <span class='ocrx_word' id='word_1_4' title='bbox 368 537 410 606; x_wconf 88' lang='lat' dir='ltr'>dc</span> <span class='ocrx_word' id='word_1_5' title='bbox 426 539 596 608; x_wconf 86' lang='lat' dir='ltr'>voluntate</span> <span class='ocrx_word' id='word_1_6' title='bbox 612 539 753 609; x_wconf 90' lang='lat' dir='ltr'>omnium</span> <span class='ocrx_word' id='word_1_7' title='bbox 769 545 916 608; x_wconf 89' lang='lat' dir='ltr'>nostrum</span> <span class='ocrx_word' id='word_1_8' title='bbox 932 539 980 609; x_wconf 90' lang='lat' dir='ltr'>sic</span> <span class='ocrx_word' id='word_1_9' title='bbox 996 535 1037 608; x_wconf 86' lang='lat' dir='ltr'>de</span> <span class='ocrx_word' id='word_1_10' title='bbox 1063 537 1140 624; x_wconf 89' lang='lat' dir='ltr'>jure</span> <span class='ocrx_word' id='word_1_11' title='bbox 1170 559 1242 628; x_wconf 88' lang='lat' dir='ltr'>pro·</span> 
     </span>
     <span class='ocr_line' id='line_1_3' title="bbox 112 647 1300 738; baseline 0.003 -25"><span class='ocrx_word' id='word_1_12' title='bbox 112 649 300 716; x_wconf 74' lang='lat' dir='ltr'>curavimus</span> <span class='ocrx_word' id='word_1_13' title='bbox 315 647 479 732; x_wconf 84' lang='lat' dir='ltr'>ordinare,</span> <span class='ocrx_word' id='word_1_14' title='bbox 504 655 539 716; x_wconf 90' lang='lat' dir='ltr'>ut</span> <span class='ocrx_word' id='word_1_15' title='bbox 553 649 691 737; x_wconf 86' lang='lat' dir='ltr'>bigami,</span> <span class='ocrx_word' id='word_1_16' title='bbox 708 653 764 717; x_wconf 92' lang='lat' dir='ltr'>aut</span> <span class='ocrx_word' id='word_1_17' title='bbox 779 649 957 738; x_wconf 89' lang='lat' dir='ltr'>conjugati,</span> <span class='ocrx_word' id='word_1_18' title='bbox 989 648 1042 717; x_wconf 86' lang='lat' dir='ltr'>vel</span> <span class='ocrx_word' id='word_1_19' title='bbox 1058 648 1100 718; x_wconf 90' lang='lat' dir='ltr'>de</span> <span class='ocrx_word' id='word_1_20' title='bbox 1116 650 1241 718; x_wconf 86' lang='lat' dir='ltr'>saeculi</span> <span class='ocrx_word' id='word_1_21' title='bbox 1296 654 1300 665; x_wconf 70' lang='lat'><strong><em>¹</em></strong></span> 
     </span>
     <span class='ocr_line' id='line_1_4' title="bbox 112 755 1312 846; baseline 0.001 -22"><span class='ocrx_word' id='word_1_22' title='bbox 112 755 300 824; x_wconf 89' lang='lat' dir='ltr'>conditione</span> <span class='ocrx_word' id='word_1_23' title='bbox 314 755 360 822; x_wconf 91' lang='lat' dir='ltr'>ad</span> <span class='ocrx_word' id='word_1_24' title='bbox 374 775 502 824; x_wconf 92' lang='lat' dir='ltr'>sacrum</span> <span class='ocrx_word' id='word_1_25' title='bbox 517 756 664 824; x_wconf 79' lang='lat' dir='ltr'><strong>ordinem</strong></span> <span class='ocrx_word' id='word_1_26' title='bbox 681 778 746 825; x_wconf 94' lang='lat' dir='ltr'>non</span> <span class='ocrx_word' id='word_1_27' title='bbox 764 764 1027 846; x_wconf 76' lang='lat' dir='ltr'><strong>promoveantur,</strong></span> <span class='ocrx_word' id='word_1_28' title='bbox 1043 757 1191 828; x_wconf 82' lang='lat' dir='ltr'>uolentes</span> <span class='ocrx_word' id='word_1_29' title='bbox 1207 757 1240 825; x_wconf 94' lang='lat' dir='ltr'>iu</span> <span class='ocrx_word' id='word_1_30' title='bbox 1310 759 1312 764; x_wconf 79' lang='grc'>’</span> 
     </span>
     <span class='ocr_line' id='line_1_5' title="bbox 113 863 1239 950; baseline 0.001 -18"><span class='ocrx_word' id='word_1_31' title='bbox 113 863 264 934; x_wconf 76' lang='lat' dir='ltr'><strong>Ecclesia</strong></span> <span class='ocrx_word' id='word_1_32' title='bbox 280 864 357 932; x_wconf 92' lang='lat' dir='ltr'>odia</span> <span class='ocrx_word' id='word_1_33' title='bbox 373 872 404 932; x_wconf 93' lang='lat' dir='ltr'>et</span> <span class='ocrx_word' id='word_1_34' title='bbox 419 864 579 934; x_wconf 86' lang='lat' dir='ltr'>scandala</span> <span class='ocrx_word' id='word_1_35' title='bbox 594 885 752 950; x_wconf 87' lang='lat' dir='ltr'>resecare,</span> <span class='ocrx_word' id='word_1_36' title='bbox 769 872 802 932; x_wconf 90' lang='lat' dir='ltr'>et</span> <span class='ocrx_word' id='word_1_37' title='bbox 818 864 994 933; x_wconf 89' lang='lat' dir='ltr'>secundum</span> <span class='ocrx_word' id='word_1_38' title='bbox 1010 865 1239 934; x_wconf 88' lang='lat' dir='ltr'>ecclesiastica</span> 
     </span>
     <span class='ocr_line' id='line_1_6' title="bbox 108 973 1239 1060; baseline 0 -20"><span class='ocrx_word' id='word_1_39' title='bbox 108 976 185 1058; x_wconf 80' lang='lat' dir='ltr'>Jnra</span> <span class='ocrx_word' id='word_1_40' title='bbox 201 973 333 1058; x_wconf 79' lang='lat' dir='ltr'>viuere3</span> <span class='ocrx_word' id='word_1_41' title='bbox 357 978 389 1040; x_wconf 89' lang='lat' dir='ltr'>et</span> <span class='ocrx_word' id='word_1_42' title='bbox 405 973 600 1058; x_wconf 77' lang='lat' dir='ltr'>quicumque</span> <span class='ocrx_word' id='word_1_43' title='bbox 615 973 758 1060; x_wconf 86' lang='lat' dir='ltr'>ipsorum</span> <span class='ocrx_word' id='word_1_44' title='bbox 783 993 825 1040; x_wconf 88' lang='lat' dir='ltr'>cx</span> <span class='ocrx_word' id='word_1_45' title='bbox 856 979 950 1057; x_wconf 86' lang='lat' dir='ltr'>parte</span> <span class='ocrx_word' id='word_1_46' title='bbox 981 973 1239 1060; x_wconf 84' lang='lat' dir='ltr'>supradictorum</span> 
     </span>
     <span class='ocr_line' id='line_1_7' title="bbox 113 1079 1240 1168; baseline 0.001 -19"><span class='ocrx_word' id='word_1_47' title='bbox 113 1102 234 1150; x_wconf 89' lang='lat' dir='ltr'>caussa</span> <span class='ocrx_word' id='word_1_48' title='bbox 250 1079 430 1166; x_wconf 78' lang='lat' dir='ltr'>rogationis</span> <span class='ocrx_word' id='word_1_49' title='bbox 445 1080 627 1167; x_wconf 82' lang='lat' dir='ltr'>advenerit,</span> <span class='ocrx_word' id='word_1_50' title='bbox 659 1085 730 1167; x_wconf 85' lang='lat' dir='ltr'>ipse</span> <span class='ocrx_word' id='word_1_51' title='bbox 745 1102 766 1148; x_wconf 88' lang='lat' dir='ltr'>a</span> <span class='ocrx_word' id='word_1_52' title='bbox 781 1086 894 1150; x_wconf 86' lang='lat' dir='ltr'>nostra</span> <span class='ocrx_word' id='word_1_53' title='bbox 909 1080 1166 1168; x_wconf 78' lang='lat' dir='ltr'>congregatione</span> <span class='ocrx_word' id='word_1_54' title='bbox 1191 1101 1240 1150; x_wconf 89' lang='lat' dir='ltr'>se·</span> 
     </span>
     <span class='ocr_line' id='line_1_8' title="bbox 112 1186 1240 1274; baseline 0.001 -18"><span class='ocrx_word' id='word_1_55' title='bbox 112 1195 276 1274; x_wconf 78' lang='lat' dir='ltr'>gregatur,</span> <span class='ocrx_word' id='word_1_56' title='bbox 291 1208 332 1256; x_wconf 90' lang='lat' dir='ltr'>ac</span> <span class='ocrx_word' id='word_1_57' title='bbox 347 1186 475 1256; x_wconf 87' lang='lat' dir='ltr'>viuculo</span> <span class='ocrx_word' id='word_1_58' title='bbox 491 1187 831 1258; x_wconf 85' lang='lat' dir='ltr'>excommunicationis</span> <span class='ocrx_word' id='word_1_59' title='bbox 860 1187 903 1257; x_wconf 92' lang='lat' dir='ltr'>sit</span> <span class='ocrx_word' id='word_1_60' title='bbox 933 1189 1085 1258; x_wconf 87' lang='lat' dir='ltr'>irretitus.</span> <span class='ocrx_word' id='word_1_61' title='bbox 1123 1188 1240 1257; x_wconf 85' lang='lat' dir='ltr'>Nullus</span> 
     </span>
     <span class='ocr_line' id='line_1_9' title="bbox 112 1295 1240 1380; baseline -0.001 -15"><span class='ocrx_word' id='word_1_62' title='bbox 112 1305 223 1365; x_wconf 90' lang='lat' dir='ltr'>autem</span> <span class='ocrx_word' id='word_1_63' title='bbox 239 1297 456 1365; x_wconf 90' lang='lat' dir='ltr'>saecularium</span> <span class='ocrx_word' id='word_1_64' title='bbox 473 1295 685 1380; x_wconf 80' lang='lat' dir='ltr'>Magistratus</span> <span class='ocrx_word' id='word_1_65' title='bbox 700 1295 824 1364; x_wconf 85' lang='lat' dir='ltr'>audeat</span> <span class='ocrx_word' id='word_1_66' title='bbox 839 1316 915 1364; x_wconf 91' lang='lat' dir='ltr'>suos</span> <span class='ocrx_word' id='word_1_67' title='bbox 931 1297 964 1362; x_wconf 94' lang='lat' dir='ltr'>in</span> <span class='ocrx_word' id='word_1_68' title='bbox 994 1295 1141 1364; x_wconf 78' lang='lat' dir='ltr'>Ecclesia</span> <span class='ocrx_word' id='word_1_69' title='bbox 1170 1315 1240 1364; x_wconf 88' lang='lat' dir='ltr'>sae·</span> 
     </span>
     <span class='ocr_line' id='line_1_10' title="bbox 112 1403 1238 1491; baseline -0.004 -17"><span class='ocrx_word' id='word_1_70' title='bbox 112 1405 243 1474; x_wconf 89' lang='lat' dir='ltr'>culares</span> <span class='ocrx_word' id='word_1_71' title='bbox 258 1404 377 1473; x_wconf 86' lang='lat' dir='ltr'>ducere</span> <span class='ocrx_word' id='word_1_72' title='bbox 393 1403 465 1474; x_wconf 94' lang='lat' dir='ltr'>sine</span> <span class='ocrx_word' id='word_1_73' title='bbox 480 1403 648 1472; x_wconf 90' lang='lat' dir='ltr'>audientia</span> <span class='ocrx_word' id='word_1_74' title='bbox 664 1403 818 1491; x_wconf 79' lang='lat' dir='ltr'>Episcopi</span> <span class='ocrx_word' id='word_1_75' title='bbox 834 1412 866 1473; x_wconf 88' lang='lat' dir='ltr'>et</span> <span class='ocrx_word' id='word_1_76' title='bbox 881 1404 1025 1490; x_wconf 77' lang='lat' dir='ltr'>Capituli</span> <span class='ocrx_word' id='word_1_77' title='bbox 1049 1403 1238 1490; x_wconf 86' lang='lat' dir='ltr'>supradicti.</span> 
     </span>
     <span class='ocr_line' id='line_1_11' title="bbox 113 1510 1236 1600; baseline 0 -21"><span class='ocrx_word' id='word_1_78' title='bbox 113 1511 208 1590; x_wconf 83' lang='lat' dir='ltr'>Quod</span> <span class='ocrx_word' id='word_1_79' title='bbox 224 1531 359 1600; x_wconf 86' lang='lat' dir='ltr'>presens</span> <span class='ocrx_word' id='word_1_80' title='bbox 374 1512 444 1580; x_wconf 90' lang='lat' dir='ltr'>fieri</span> <span class='ocrx_word' id='word_1_81' title='bbox 459 1511 595 1580; x_wconf 81' lang='lat' dir='ltr'>fecimus</span> <span class='ocrx_word' id='word_1_82' title='bbox 611 1531 670 1600; x_wconf 86' lang='lat' dir='ltr'>per</span> <span class='ocrx_word' id='word_1_83' title='bbox 686 1532 801 1580; x_wconf 89' lang='lat' dir='ltr'>manus</span> <span class='ocrx_word' id='word_1_84' title='bbox 816 1511 955 1581; x_wconf 89' lang='lat' dir='ltr'>Diacoui</span> <span class='ocrx_word' id='word_1_85' title='bbox 986 1511 1114 1580; x_wconf 85' lang='lat' dir='ltr'>Michae</span> <span class='ocrx_word' id='word_1_86' title='bbox 1147 1510 1236 1579; x_wconf 83' lang='lat' dir='ltr'>Gom·</span> 
     </span>
     <span class='ocr_line' id='line_1_12' title="bbox 112 1620 374 1690; baseline 0 -2"><span class='ocrx_word' id='word_1_87' title='bbox 112 1622 220 1689; x_wconf 89' lang='lat' dir='ltr'>munis</span> <span class='ocrx_word' id='word_1_88' title='bbox 236 1620 374 1690; x_wconf 89' lang='lat' dir='ltr'>Notarii.</span> 
     </span>
    </p>
   </div>
   <div class='ocr_carea' id='block_1_3' title="bbox 328 1820 1023 1888">
    <p class='ocr_par' dir='ltr' id='par_1_3' title="bbox 328 1820 1023 1888">
     <span class='ocr_line' id='line_1_13' title="bbox 328 1820 1023 1888; baseline -0.001 -15"><span class='ocrx_word' id='word_1_89' title='bbox 328 1821 456 1886; x_wconf 76' lang='lat' dir='ltr'>(Parieti,</span> <span class='ocrx_word' id='word_1_90' title='bbox 475 1821 621 1888; x_wconf 83' lang='lat' dir='ltr'>Illyricum</span> <span class='ocrx_word' id='word_1_91' title='bbox 641 1821 756 1874; x_wconf 79' lang='lat' dir='ltr'>Sacrum</span> <span class='ocrx_word' id='word_1_92' title='bbox 774 1822 823 1875; x_wconf 88' lang='lat' dir='ltr'>v1.</span> <span class='ocrx_word' id='word_1_93' title='bbox 843 1820 901 1872; x_wconf 76' lang='lat' dir='ltr'>ket.</span> <span class='ocrx_word' id='word_1_94' title='bbox 922 1821 1023 1884; x_wconf 82' lang='lat'>441.1.)</span> 
     </span>
    </p>
   </div>
   <div class='ocr_carea' id='block_1_4' title="bbox 642 2645 718 2716">
    <p class='ocr_par' dir='ltr' id='par_1_4' title="bbox 642 2645 718 2716">
     <span class='ocr_line' id='line_1_14' title="bbox 642 2645 718 2716; baseline -0.039 0"><span class='ocrx_word' id='word_1_95' title='bbox 642 2645 718 2716; x_wconf 80' lang='lat'><strong>295.</strong></span> 
     </span>
    </p>
   </div>
   <div class='ocr_carea' id='block_1_5' title="bbox 110 2847 1315 3140">
    <p class='ocr_par' dir='ltr' id='par_1_5' title="bbox 110 2847 1315 3140">
     <span class='ocr_line' id='line_1_15' title="bbox 112 2847 1315 2942; baseline -0.007 -21"><span class='ocrx_word' id='word_1_96' title='bbox 112 2855 165 2922; x_wconf 88' lang='lat' dir='ltr'>IV.</span> <span class='ocrx_word' id='word_1_97' title='bbox 191 2855 275 2923; x_wconf 74' lang='lat' dir='ltr'>Belo</span> <span class='ocrx_word' id='word_1_98' title='bbox 290 2855 399 2940; x_wconf 73' lang='lat' dir='ltr'>kirdly</span> <span class='ocrx_word' id='word_1_99' title='bbox 415 2878 437 2920; x_wconf 84' lang='lat' dir='ltr'>a</span> <span class='ocrx_word' id='word_1_100' title='bbox 454 2855 570 2942; x_wconf 77' lang='lat' dir='ltr'>Remeq</span> <span class='ocrx_word' id='word_1_101' title='bbox 588 2873 685 2920; x_wconf 79' lang='lat' dir='ltr'>comes</span> <span class='ocrx_word' id='word_1_102' title='bbox 701 2853 733 2920; x_wconf 67' lang='lat' dir='ltr'>da</span> <span class='ocrx_word' id='word_1_103' title='bbox 749 2851 817 2920; x_wconf 76' lang='lat' dir='ltr'>toto</span> <span class='ocrx_word' id='word_1_104' title='bbox 828 2851 1096 2940; x_wconf 71' lang='lat' dir='ltr'>pozeocymagyei</span> <span class='ocrx_word' id='word_1_105' title='bbox 1113 2847 1238 2934; x_wconf 54' lang='lat' dir='ltr'>coget·</span> <span class='ocrx_word' id='word_1_106' title='bbox 1313 2925 1315 2930; x_wconf 68' lang='lat'>,</span> 
     </span>
     <span class='ocr_line' id='line_1_16' title="bbox 110 2955 1238 3054; baseline -0.011 -22"><span class='ocrx_word' id='word_1_107' title='bbox 110 2967 194 3054; x_wconf 74' lang='lat' dir='ltr'>buiqy</span> <span class='ocrx_word' id='word_1_108' title='bbox 208 2965 304 3050; x_wconf 78' lang='lat' dir='ltr'>tozct,</span> <span class='ocrx_word' id='word_1_109' title='bbox 320 2989 341 3032; x_wconf 90' lang='lat' dir='ltr'>o</span> <span class='ocrx_word' id='word_1_110' title='bbox 356 2965 511 3034; x_wconf 75' lang='lat' dir='ltr'>Korouda</span> <span class='ocrx_word' id='word_1_111' title='bbox 518 2963 636 3051; x_wconf 84' lang='lat' dir='ltr'>f&#39;o&#39;lctrc</span> <span class='ocrx_word' id='word_1_112' title='bbox 651 2961 825 3031; x_wconf 77' lang='lat' dir='ltr'>cocatkoco&#39;</span> <span class='ocrx_word' id='word_1_113' title='bbox 834 2980 897 3046; x_wconf 76' lang='lat' dir='ltr'>per</span> <span class='ocrx_word' id='word_1_114' title='bbox 912 2955 1099 3044; x_wconf 71' lang='lat' dir='ltr'>tdrqydboo</span> <span class='ocrx_word' id='word_1_115' title='bbox 1110 2956 1238 3022; x_wconf 67' lang='lat' dir='ltr'>incate-</span> 
     </span>
     <span class='ocr_line' id='line_1_17' title="bbox 583 3071 767 3140; baseline 0.005 -1"><span class='ocrx_word' id='word_1_116' title='bbox 583 3074 648 3140; x_wconf 84' lang='lat' dir='ltr'>dc&#39;lc.</span> <span class='ocrx_word' id='word_1_117' title='bbox 671 3071 767 3140; x_wconf 84' lang='lat'><em>1256.</em></span> 
     </span>
    </p>
   </div>
   <div class='ocr_carea' id='block_1_6' title="bbox 112 3261 1237 4766">
    <p class='ocr_par' dir='ltr' id='par_1_6' title="bbox 112 3261 1237 4766">
     <span class='ocr_line' id='line_1_18' title="bbox 215 3261 1236 3355; baseline -0.013 -15"><span class='ocrx_word' id='word_1_118' title='bbox 215 3273 298 3340; x_wconf 90' lang='lat' dir='ltr'>Bela</span> <span class='ocrx_word' id='word_1_119' title='bbox 315 3271 377 3338; x_wconf 90' lang='lat' dir='ltr'>Dei</span> <span class='ocrx_word' id='word_1_120' title='bbox 392 3269 505 3354; x_wconf 88' lang='lat' dir='ltr'>gracia</span> <span class='ocrx_word' id='word_1_121' title='bbox 529 3265 709 3355; x_wconf 85' lang='lat' dir='ltr'>Huugarie,</span> <span class='ocrx_word' id='word_1_122' title='bbox 734 3263 916 3346; x_wconf 85' lang='lat' dir='ltr'>Dalmacie‚</span> <span class='ocrx_word' id='word_1_123' title='bbox 949 3261 1092 3351; x_wconf 77' lang='lat' dir='ltr'>Croucic,</span> <span class='ocrx_word' id='word_1_124' title='bbox 1123 3264 1236 3346; x_wconf 80' lang='lat' dir='ltr'>Reme,</span> 
     </span>
     <span class='ocr_line' id='line_1_19' title="bbox 112 3369 1237 3466; baseline -0.012 -18"><span class='ocrx_word' id='word_1_125' title='bbox 112 3381 232 3466; x_wconf 81' lang='lat' dir='ltr'>Seruis,</span> <span class='ocrx_word' id='word_1_126' title='bbox 247 3377 400 3466; x_wconf 78' lang='lat' dir='ltr'>Gallicis,</span> <span class='ocrx_word' id='word_1_127' title='bbox 418 3376 609 3446; x_wconf 85' lang='lat' dir='ltr'>Lodomerie</span> <span class='ocrx_word' id='word_1_128' title='bbox 625 3374 847 3461; x_wconf 74' lang='lat' dir='ltr'>Cumanieque</span> <span class='ocrx_word' id='word_1_129' title='bbox 871 3375 942 3442; x_wconf 86' lang='lat' dir='ltr'>Rex</span> <span class='ocrx_word' id='word_1_130' title='bbox 972 3369 1133 3442; x_wconf 79' lang='lat' dir='ltr'>uniuersis</span> <span class='ocrx_word' id='word_1_131' title='bbox 1164 3389 1237 3454; x_wconf 85' lang='lat' dir='ltr'>pre-</span> 
     </span>
     <span class='ocr_line' id='line_1_20' title="bbox 112 3481 1234 3572; baseline -0.011 -15"><span class='ocrx_word' id='word_1_132' title='bbox 112 3498 215 3558; x_wconf 88' lang='lat' dir='ltr'>sentes</span> <span class='ocrx_word' id='word_1_133' title='bbox 230 3489 356 3557; x_wconf 88' lang='lat' dir='ltr'>litteras</span> <span class='ocrx_word' id='word_1_134' title='bbox 367 3485 562 3572; x_wconf 88' lang='lat' dir='ltr'>inspecturis</span> <span class='ocrx_word' id='word_1_135' title='bbox 577 3485 716 3552; x_wconf 86' lang='lat' dir='ltr'>salutem</span> <span class='ocrx_word' id='word_1_136' title='bbox 731 3485 765 3550; x_wconf 91' lang='lat' dir='ltr'>iu</span> <span class='ocrx_word' id='word_1_137' title='bbox 782 3503 820 3551; x_wconf 90' lang='lat' dir='ltr'>eo</span> <span class='ocrx_word' id='word_1_138' title='bbox 836 3481 892 3565; x_wconf 88' lang='lat' dir='ltr'>qul</span> <span class='ocrx_word' id='word_1_139' title='bbox 907 3486 960 3549; x_wconf 89' lang='lat' dir='ltr'>cst</span> <span class='ocrx_word' id='word_1_140' title='bbox 974 3481 1065 3548; x_wconf 91' lang='lat' dir='ltr'>salus</span> <span class='ocrx_word' id='word_1_141' title='bbox 1081 3481 1234 3546; x_wconf 89' lang='lat' dir='ltr'>omnium.</span> 
     </span>
     <span class='ocr_line' id='line_1_21' title="bbox 113 3585 1236 3675; baseline -0.015 -9"><span class='ocrx_word' id='word_1_142' title='bbox 113 3595 192 3675; x_wconf 79' lang='lat' dir='ltr'>Quia</span> <span class='ocrx_word' id='word_1_143' title='bbox 207 3615 368 3666; x_wconf 88' lang='lat' dir='ltr'>summum</span> <span class='ocrx_word' id='word_1_144' title='bbox 387 3595 507 3663; x_wconf 90' lang='lat' dir='ltr'>bouum</span> <span class='ocrx_word' id='word_1_145' title='bbox 523 3600 573 3661; x_wconf 87' lang='lat' dir='ltr'>est</span> <span class='ocrx_word' id='word_1_146' title='bbox 588 3594 622 3660; x_wconf 94' lang='lat' dir='ltr'>in</span> <span class='ocrx_word' id='word_1_147' title='bbox 639 3593 710 3661; x_wconf 89' lang='lat' dir='ltr'>uita</span> <span class='ocrx_word' id='word_1_148' title='bbox 724 3589 889 3659; x_wconf 85' lang='lat' dir='ltr'>iusticiam</span> <span class='ocrx_word' id='word_1_149' title='bbox 905 3589 1019 3674; x_wconf 84' lang='lat' dir='ltr'>colere,</span> <span class='ocrx_word' id='word_1_150' title='bbox 1045 3585 1147 3672; x_wconf 89' lang='lat' dir='ltr'>chie</span> <span class='ocrx_word' id='word_1_151' title='bbox 1161 3604 1236 3652; x_wconf 93' lang='lat' dir='ltr'>con-</span> 
     </span>
     <span class='ocr_line' id='line_1_22' title="bbox 113 3692 1237 3782; baseline -0.01 -11"><span class='ocrx_word' id='word_1_152' title='bbox 113 3706 196 3773; x_wconf 89' lang='lat' dir='ltr'>uenit</span> <span class='ocrx_word' id='word_1_153' title='bbox 211 3704 421 3773; x_wconf 80' lang='lat' dir='ltr'>Excellencie</span> <span class='ocrx_word' id='word_1_154' title='bbox 435 3701 469 3768; x_wconf 93' lang='lat' dir='ltr'>in</span> <span class='ocrx_word' id='word_1_155' title='bbox 486 3700 649 3770; x_wconf 84' lang='lat' dir='ltr'>subiectos</span> <span class='ocrx_word' id='word_1_156' title='bbox 665 3721 731 3766; x_wconf 93' lang='lat' dir='ltr'>uon</span> <span class='ocrx_word' id='word_1_157' title='bbox 746 3698 853 3767; x_wconf 84' lang='lat' dir='ltr'>sinere</span> <span class='ocrx_word' id='word_1_158' title='bbox 870 3695 950 3782; x_wconf 89' lang='lat' dir='ltr'>lieri,</span> <span class='ocrx_word' id='word_1_159' title='bbox 978 3692 1063 3780; x_wconf 89' lang='lat' dir='ltr'>quod</span> <span class='ocrx_word' id='word_1_160' title='bbox 1079 3699 1128 3762; x_wconf 90' lang='lat' dir='ltr'>est</span> <span class='ocrx_word' id='word_1_161' title='bbox 1143 3698 1237 3778; x_wconf 87' lang='lat' dir='ltr'>pote-</span> 
     </span>
     <span class='ocr_line' id='line_1_23' title="bbox 113 3799 1237 3898; baseline -0.013 -18"><span class='ocrx_word' id='word_1_162' title='bbox 113 3813 212 3898; x_wconf 85' lang='lat' dir='ltr'>statis,</span> <span class='ocrx_word' id='word_1_163' title='bbox 227 3810 287 3882; x_wconf 90' lang='lat' dir='ltr'>sed</span> <span class='ocrx_word' id='word_1_164' title='bbox 304 3809 390 3895; x_wconf 91' lang='lat' dir='ltr'>quod</span> <span class='ocrx_word' id='word_1_165' title='bbox 411 3827 529 3894; x_wconf 87' lang='lat' dir='ltr'>equum</span> <span class='ocrx_word' id='word_1_166' title='bbox 546 3807 642 3876; x_wconf 83' lang='lat' dir='ltr'>suerit</span> <span class='ocrx_word' id='word_1_167' title='bbox 659 3805 823 3893; x_wconf 87' lang='lat' dir='ltr'>custodiri,</span> <span class='ocrx_word' id='word_1_168' title='bbox 839 3810 875 3872; x_wconf 92' lang='lat' dir='ltr'>ut</span> <span class='ocrx_word' id='word_1_169' title='bbox 890 3803 1065 3887; x_wconf 86' lang='lat' dir='ltr'>unicuique</span> <span class='ocrx_word' id='word_1_170' title='bbox 1080 3819 1141 3870; x_wconf 83' lang='lat' dir='ltr'>sna</span> <span class='ocrx_word' id='word_1_171' title='bbox 1164 3799 1237 3866; x_wconf 88' lang='lat' dir='ltr'>iuru&#39;</span> 
     </span>
     <span class='ocr_line' id='line_1_24' title="bbox 113 3909 1235 4008; baseline -0.013 -20"><span class='ocrx_word' id='word_1_172' title='bbox 113 3919 286 4008; x_wconf 86' lang='lat' dir='ltr'>principali</span> <span class='ocrx_word' id='word_1_173' title='bbox 301 3917 457 3987; x_wconf 88' lang='lat' dir='ltr'>beneficio</span> <span class='ocrx_word' id='word_1_174' title='bbox 485 3922 726 3985; x_wconf 88' lang='lat' dir='ltr'>conseruentur.</span> <span class='ocrx_word' id='word_1_175' title='bbox 767 3911 907 3980; x_wconf 87' lang='lat' dir='ltr'>Proinde</span> <span class='ocrx_word' id='word_1_176' title='bbox 938 3909 982 3979; x_wconf 90' lang='lat' dir='ltr'>ad</span> <span class='ocrx_word' id='word_1_177' title='bbox 1013 3909 1235 3978; x_wconf 82' lang='lat' dir='ltr'>uniuersorum</span> 
     </span>
     <span class='ocr_line' id='line_1_25' title="bbox 114 4016 1237 4108; baseline -0.007 -15"><span class='ocrx_word' id='word_1_178' title='bbox 114 4029 266 4099; x_wconf 89' lang='lat' dir='ltr'>noticiam</span> <span class='ocrx_word' id='word_1_179' title='bbox 284 4027 397 4094; x_wconf 89' lang='lat' dir='ltr'>harum</span> <span class='ocrx_word' id='word_1_180' title='bbox 413 4023 499 4093; x_wconf 90' lang='lat' dir='ltr'>serie</span> <span class='ocrx_word' id='word_1_181' title='bbox 514 4023 664 4092; x_wconf 90' lang='lat' dir='ltr'>uolumus</span> <span class='ocrx_word' id='word_1_182' title='bbox 680 4021 863 4108; x_wconf 86' lang='lat' dir='ltr'>peruenire,</span> <span class='ocrx_word' id='word_1_183' title='bbox 880 4019 1055 4105; x_wconf 88' lang='lat' dir='ltr'>quodcum</span> <span class='ocrx_word' id='word_1_184' title='bbox 1072 4017 1155 4084; x_wconf 90' lang='lat' dir='ltr'>inter</span> <span class='ocrx_word' id='word_1_185' title='bbox 1179 4016 1237 4085; x_wconf 81' lang='lat'>00-</span> 
     </span>
     <span class='ocr_line' id='line_1_26' title="bbox 115 4124 1237 4219; baseline -0.011 -17"><span class='ocrx_word' id='word_1_186' title='bbox 115 4135 216 4205; x_wconf 87' lang='lat' dir='ltr'>mitem</span> <span class='ocrx_word' id='word_1_187' title='bbox 233 4133 416 4219; x_wconf 88' lang='lat' dir='ltr'>Remigium</span> <span class='ocrx_word' id='word_1_188' title='bbox 431 4152 472 4200; x_wconf 89' lang='lat' dir='ltr'>ex</span> <span class='ocrx_word' id='word_1_189' title='bbox 487 4151 553 4200; x_wconf 91' lang='lat' dir='ltr'>una</span> <span class='ocrx_word' id='word_1_190' title='bbox 568 4139 671 4217; x_wconf 90' lang='lat' dir='ltr'>parte,</span> <span class='ocrx_word' id='word_1_191' title='bbox 689 4137 721 4197; x_wconf 88' lang='lat' dir='ltr'>et</span> <span class='ocrx_word' id='word_1_192' title='bbox 732 4129 928 4215; x_wconf 87' lang='lat' dir='ltr'>jobagiunes</span> <span class='ocrx_word' id='word_1_193' title='bbox 945 4124 1050 4192; x_wconf 82' lang='lat' dir='ltr'>castri</span> <span class='ocrx_word' id='word_1_194' title='bbox 1060 4125 1237 4194; x_wconf 85' lang='lat' dir='ltr'>Posonieu·</span> 
     </span>
     <span class='ocr_line' id='line_1_27' title="bbox 113 4233 1236 4327; baseline -0.01 -19"><span class='ocrx_word' id='word_1_195' title='bbox 113 4243 162 4327; x_wconf 88' lang='lat' dir='ltr'>sis,</span> <span class='ocrx_word' id='word_1_196' title='bbox 192 4242 320 4312; x_wconf 86' lang='lat' dir='ltr'>scilicet</span> <span class='ocrx_word' id='word_1_197' title='bbox 335 4241 493 4310; x_wconf 89' lang='lat' dir='ltr'>Jacobum</span> <span class='ocrx_word' id='word_1_198' title='bbox 508 4239 609 4306; x_wconf 89' lang='lat' dir='ltr'>tilium</span> <span class='ocrx_word' id='word_1_199' title='bbox 625 4238 782 4326; x_wconf 85' lang='lat' dir='ltr'>Waynus,</span> <span class='ocrx_word' id='word_1_200' title='bbox 813 4235 986 4306; x_wconf 85' lang='lat' dir='ltr'>Nicolaum</span> <span class='ocrx_word' id='word_1_201' title='bbox 1012 4233 1114 4301; x_wconf 84' lang='lat' dir='ltr'>filium</span> <span class='ocrx_word' id='word_1_202' title='bbox 1144 4234 1236 4319; x_wconf 82' lang='lat' dir='ltr'>Pera,</span> 
     </span>
     <span class='ocr_line' id='line_1_28' title="bbox 116 4339 1237 4434; baseline -0.005 -22"><span class='ocrx_word' id='word_1_203' title='bbox 116 4347 232 4418; x_wconf 88' lang='lat' dir='ltr'>Badam</span> <span class='ocrx_word' id='word_1_204' title='bbox 249 4348 351 4417; x_wconf 89' lang='lat' dir='ltr'>tilium</span> <span class='ocrx_word' id='word_1_205' title='bbox 367 4346 522 4434; x_wconf 81' lang='lat' dir='ltr'>DionisiJ&#39;,</span> <span class='ocrx_word' id='word_1_206' title='bbox 538 4346 640 4416; x_wconf 91' lang='lat' dir='ltr'>Bolch</span> <span class='ocrx_word' id='word_1_207' title='bbox 656 4347 757 4413; x_wconf 87' lang='lat' dir='ltr'>tilium</span> <span class='ocrx_word' id='word_1_208' title='bbox 772 4343 908 4426; x_wconf 65' lang='lat' dir='ltr'>Mathia</span> <span class='ocrx_word' id='word_1_209' title='bbox 924 4363 998 4410; x_wconf 89' lang='lat' dir='ltr'>oum</span> <span class='ocrx_word' id='word_1_210' title='bbox 1013 4339 1130 4408; x_wconf 90' lang='lat' dir='ltr'>ceteris</span> <span class='ocrx_word' id='word_1_211' title='bbox 1141 4339 1237 4426; x_wconf 91' lang='lat' dir='ltr'>joba·</span> 
     </span>
     <span class='ocr_line' id='line_1_29' title="bbox 116 4447 1235 4544; baseline -0.007 -22"><span class='ocrx_word' id='word_1_212' title='bbox 116 4457 259 4540; x_wconf 89' lang='lat' dir='ltr'>gionibus</span> <span class='ocrx_word' id='word_1_213' title='bbox 276 4455 571 4544; x_wconf 79' lang='lat' dir='ltr'>(lustri-prenotati,</span> <span class='ocrx_word' id='word_1_214' title='bbox 588 4463 620 4524; x_wconf 86' lang='lat' dir='ltr'>et</span> <span class='ocrx_word' id='word_1_215' title='bbox 635 4460 820 4523; x_wconf 87' lang='lat' dir='ltr'>castrenses</span> <span class='ocrx_word' id='word_1_216' title='bbox 837 4451 933 4520; x_wconf 90' lang='lat' dir='ltr'>trium</span> <span class='ocrx_word' id='word_1_217' title='bbox 949 4451 1102 4518; x_wconf 87' lang='lat' dir='ltr'>uillarum</span> <span class='ocrx_word' id='word_1_218' title='bbox 1131 4447 1235 4516; x_wconf 87' lang='lat' dir='ltr'>Oboni</span> 
     </span>
     <span class='ocr_line' id='line_1_30' title="bbox 117 4555 1237 4651; baseline -0.007 -21"><span class='ocrx_word' id='word_1_219' title='bbox 117 4571 146 4632; x_wconf 89' lang='lat' dir='ltr'>et</span> <span class='ocrx_word' id='word_1_220' title='bbox 159 4566 295 4634; x_wconf 89' lang='lat' dir='ltr'>duarum</span> <span class='ocrx_word' id='word_1_221' title='bbox 310 4566 352 4634; x_wconf 91' lang='lat' dir='ltr'>de</span> <span class='ocrx_word' id='word_1_222' title='bbox 367 4566 522 4634; x_wconf 87' lang='lat' dir='ltr'>Karaeha</span> <span class='ocrx_word' id='word_1_223' title='bbox 538 4586 579 4634; x_wconf 88' lang='lat' dir='ltr'>cx</span> <span class='ocrx_word' id='word_1_224' title='bbox 594 4565 709 4651; x_wconf 90' lang='lat' dir='ltr'>altera,</span> <span class='ocrx_word' id='word_1_225' title='bbox 725 4583 822 4649; x_wconf 87' lang='lat' dir='ltr'>super</span> <span class='ocrx_word' id='word_1_226' title='bbox 838 4569 924 4628; x_wconf 87' lang='lat' dir='ltr'>terra</span> <span class='ocrx_word' id='word_1_227' title='bbox 939 4557 1102 4645; x_wconf 85' lang='lat' dir='ltr'>Karacha,</span> <span class='ocrx_word' id='word_1_228' title='bbox 1119 4555 1161 4623; x_wconf 91' lang='lat' dir='ltr'>de</span> <span class='ocrx_word' id='word_1_229' title='bbox 1172 4575 1237 4640; x_wconf 88' lang='lat' dir='ltr'>qua</span> 
     </span>
     <span class='ocr_line' id='line_1_31' title="bbox 117 4663 1234 4766; baseline -0.012 -22"><span class='ocrx_word' id='word_1_230' title='bbox 117 4683 198 4746; x_wconf 85' lang='lat' dir='ltr'>terra</span> <span class='ocrx_word' id='word_1_231' title='bbox 213 4675 292 4745; x_wconf 85' lang='lat' dir='ltr'>dieti</span> <span class='ocrx_word' id='word_1_232' title='bbox 303 4675 501 4766; x_wconf 82' lang='lat' dir='ltr'>J&#39;obagioncs</span> <span class='ocrx_word' id='word_1_233' title='bbox 517 4681 549 4745; x_wconf 93' lang='lat' dir='ltr'>et</span> <span class='ocrx_word' id='word_1_234' title='bbox 566 4681 749 4748; x_wconf 80' lang='lat' dir='ltr'>castrenses</span> <span class='ocrx_word' id='word_1_235' title='bbox 765 4677 881 4744; x_wconf 90' lang='lat' dir='ltr'>terram</span> <span class='ocrx_word' id='word_1_236' title='bbox 912 4665 1126 4742; x_wconf 77' lang='lat' dir='ltr'>sufficientem</span> <span class='ocrx_word' id='word_1_237' title='bbox 1159 4663 1234 4740; x_wconf 84' lang='lat' dir='ltr'>usui</span> 
     </span>
    </p>
   </div>
   <div class='ocr_carea' id='block_1_7' title="bbox 0 0 1544 5146">
    <p class='ocr_par' dir='ltr' id='par_1_7' title="bbox 0 0 1544 5146">
     <span class='ocr_line' id='line_1_32' title="bbox 0 0 1544 5146; baseline 0 0"><span class='ocrx_word' id='word_1_238' title='bbox 0 0 1544 5146; x_wconf 95' lang='lat' dir='ltr'> </span> 
     </span>
    </p>
   </div>
  </div>
 </body>
</html>
