<?xml version="1.0" encoding="UTF-8"?>
<!DOCTYPE html PUBLIC "-//W3C//DTD XHTML 1.0 Transitional//EN"
    "http://www.w3.org/TR/xhtml1/DTD/xhtml1-transitional.dtd">
<html xmlns="http://www.w3.org/1999/xhtml" xml:lang="en" lang="en">
 <head>
  <title>
</title>
<meta http-equiv="Content-Type" content="text/html;charset=utf-8" />
  <meta name='ocr-system' content='tesseract 3.04.00' />
  <meta name='ocr-capabilities' content='ocr_page ocr_carea ocr_par ocr_line ocrx_word'/>
</head>
<body>
  <div class='ocr_page' id='page_1' title='image "./codexdiplomatic10wenzgoog_0201.png"; bbox 0 0 3098 5132; ppageno 0'>
   <div class='ocr_carea' id='block_1_1' title="bbox 782 265 942 362">
    <p class='ocr_par' dir='ltr' id='par_1_1' title="bbox 782 265 942 362">
     <span class='ocr_line' id='line_1_1' title="bbox 782 265 942 362; baseline 0 -32"><span class='ocrx_word' id='word_1_1' title='bbox 782 265 942 362; x_wconf 54' lang='lat' dir='ltr'>„Q</span> 
     </span>
    </p>
   </div>
   <div class='ocr_carea' id='block_1_2' title="bbox 296 453 1436 861">
    <p class='ocr_par' dir='ltr' id='par_1_2' title="bbox 296 453 1436 861">
     <span class='ocr_line' id='line_1_2' title="bbox 296 453 1436 540; baseline 0.006 -20"><span class='ocrx_word' id='word_1_2' title='bbox 296 456 444 522; x_wconf 78' lang='lat' dir='ltr'>Ecclesre</span> <span class='ocrx_word' id='word_1_3' title='bbox 476 453 517 521; x_wconf 88' lang='grc'>(16</span> <span class='ocrx_word' id='word_1_4' title='bbox 549 455 685 540; x_wconf 83' lang='lat' dir='ltr'>Topliea</span> <span class='ocrx_word' id='word_1_5' title='bbox 713 456 814 524; x_wconf 80' lang='lat' dir='ltr'>tibere</span> <span class='ocrx_word' id='word_1_6' title='bbox 845 457 989 524; x_wconf 87' lang='lat' dir='ltr'>manebit</span> <span class='ocrx_word' id='word_1_7' title='bbox 1004 455 1037 521; x_wconf 90' lang='lat' dir='ltr'>in</span> <span class='ocrx_word' id='word_1_8' title='bbox 1064 465 1219 526; x_wconf 88' lang='lat' dir='ltr'>eternum.</span> <span class='ocrx_word' id='word_1_9' title='bbox 1250 461 1293 526; x_wconf 82' lang='lat' dir='ltr'>Et</span> <span class='ocrx_word' id='word_1_10' title='bbox 1308 479 1351 528; x_wconf 92' lang='lat' dir='ltr'>ne</span> <span class='ocrx_word' id='word_1_11' title='bbox 1368 460 1436 528; x_wconf 85' lang='lat' dir='ltr'>hoe</span> 
     </span>
     <span class='ocr_line' id='line_1_3' title="bbox 300 561 1432 646; baseline 0.006 -20"><span class='ocrx_word' id='word_1_12' title='bbox 300 563 445 646; x_wconf 82' lang='lat' dir='ltr'>qualibet</span> <span class='ocrx_word' id='word_1_13' title='bbox 462 561 643 630; x_wconf 87' lang='lat' dir='ltr'>temeritate</span> <span class='ocrx_word' id='word_1_14' title='bbox 657 565 714 630; x_wconf 82' lang='lat' dir='ltr'>vel</span> <span class='ocrx_word' id='word_1_15' title='bbox 730 563 873 631; x_wconf 84' lang='lat' dir='ltr'>alieuius</span> <span class='ocrx_word' id='word_1_16' title='bbox 888 565 1116 632; x_wconf 74' lang='lat' dir='ltr'>fraudulentia</span> <span class='ocrx_word' id='word_1_17' title='bbox 1133 567 1174 633; x_wconf 90' lang='lat' dir='ltr'>de</span> <span class='ocrx_word' id='word_1_18' title='bbox 1190 571 1298 634; x_wconf 83' lang='lat' dir='ltr'>cetero</span> <span class='ocrx_word' id='word_1_19' title='bbox 1315 566 1432 635; x_wconf 84' lang='lat' dir='ltr'>valeat</span> 
     </span>
     <span class='ocr_line' id='line_1_4' title="bbox 299 671 1431 756; baseline 0.003 -20"><span class='ocrx_word' id='word_1_20' title='bbox 299 671 490 756; x_wconf 87' lang='lat' dir='ltr'>perturbari,</span> <span class='ocrx_word' id='word_1_21' title='bbox 507 679 688 756; x_wconf 78' lang='lat' dir='ltr'><strong>presentem</strong></span> <span class='ocrx_word' id='word_1_22' title='bbox 708 671 862 756; x_wconf 83' lang='lat' dir='ltr'>paginam</span> <span class='ocrx_word' id='word_1_23' title='bbox 879 671 988 755; x_wconf 83' lang='lat' dir='ltr'>sigillo</span> <span class='ocrx_word' id='word_1_24' title='bbox 1004 679 1113 740; x_wconf 88' lang='lat' dir='ltr'>nostro</span> <span class='ocrx_word' id='word_1_25' title='bbox 1134 673 1268 741; x_wconf 80' lang='lat' dir='ltr'>ieeimns</span> <span class='ocrx_word' id='word_1_26' title='bbox 1289 693 1431 741; x_wconf 82' lang='lat' dir='ltr'>eommu-</span> 
     </span>
     <span class='ocr_line' id='line_1_5' title="bbox 299 776 925 861; baseline -0.002 -18"><span class='ocrx_word' id='word_1_27' title='bbox 299 779 373 845; x_wconf 91' lang='lat' dir='ltr'>niri.</span> <span class='ocrx_word' id='word_1_28' title='bbox 399 777 514 844; x_wconf 82' lang='lat' dir='ltr'>Aetnnr</span> <span class='ocrx_word' id='word_1_29' title='bbox 532 798 617 844; x_wconf 89' lang='lat' dir='ltr'>anno</span> <span class='ocrx_word' id='word_1_30' title='bbox 633 776 748 861; x_wconf 77' lang='lat' dir='ltr'>gratie</span> <span class='ocrx_word' id='word_1_31' title='bbox 765 776 925 844; x_wconf 80' lang='lat' dir='ltr'><strong>Mccxx.</strong></span> 
     </span>
    </p>
   </div>
   <div class='ocr_carea' id='block_1_3' title="bbox 303 976 1430 1043">
    <p class='ocr_par' dir='ltr' id='par_1_3' title="bbox 303 976 1430 1043">
     <span class='ocr_line' id='line_1_6' title="bbox 303 976 1430 1043; baseline 0.003 -19"><span class='ocrx_word' id='word_1_32' title='bbox 303 976 463 1039; x_wconf 69' lang='lat' dir='ltr'>(Tkalesien</span> <span class='ocrx_word' id='word_1_33' title='bbox 483 977 667 1028; x_wconf 78' lang='lat' dir='ltr'>Monumenta</span> <span class='ocrx_word' id='word_1_34' title='bbox 686 977 752 1027; x_wconf 85' lang='lat' dir='ltr'>hist.</span> <span class='ocrx_word' id='word_1_35' title='bbox 771 978 957 1041; x_wconf 75' lang='lat' dir='ltr'><strong>Episcopatus</strong></span> <span class='ocrx_word' id='word_1_36' title='bbox 976 979 1173 1043; x_wconf 80' lang='lat' dir='ltr'>Zagrabiensis</span> <span class='ocrx_word' id='word_1_37' title='bbox 1191 980 1214 1028; x_wconf 88' lang='lat'>1.</span> <span class='ocrx_word' id='word_1_38' title='bbox 1234 978 1430 1040; x_wconf 75' lang='lat' dir='ltr'>kdt.rs.1ap.)</span> 
     </span>
    </p>
   </div>
   <div class='ocr_carea' id='block_1_4' title="bbox 830 1795 903 1864">
    <p class='ocr_par' dir='ltr' id='par_1_4' title="bbox 830 1795 903 1864">
     <span class='ocr_line' id='line_1_7' title="bbox 830 1795 903 1864; baseline 0.055 -4"><span class='ocrx_word' id='word_1_39' title='bbox 830 1795 903 1864; x_wconf 82' lang='lat'>103.</span> 
     </span>
    </p>
   </div>
   <div class='ocr_carea' id='block_1_5' title="bbox 297 1991 1434 2078">
    <p class='ocr_par' dir='ltr' id='par_1_5' title="bbox 297 1991 1434 2078">
     <span class='ocr_line' id='line_1_8' title="bbox 297 1991 1434 2078; baseline 0 -22"><span class='ocrx_word' id='word_1_40' title='bbox 297 1994 341 2056; x_wconf 90' lang='lat' dir='ltr'>II.</span> <span class='ocrx_word' id='word_1_41' title='bbox 363 1993 661 2077; x_wconf 75' lang='lat' dir='ltr'>Eadrekr&#39;rcilyaak</span> <span class='ocrx_word' id='word_1_42' title='bbox 688 1991 969 2076; x_wconf 68' lang='lat' dir='ltr'>br‘zorrysrr&#39;yleeele,</span> <span class='ocrx_word' id='word_1_43' title='bbox 995 1997 1075 2077; x_wconf 59' lang='lat' dir='ltr'>doeg]</span> <span class='ocrx_word' id='word_1_44' title='bbox 1105 1993 1208 2058; x_wconf 74' lang='lat' dir='ltr'>Ja&#39;nos</span> <span class='ocrx_word' id='word_1_45' title='bbox 1239 1993 1434 2078; x_wconf 70' lang='lat' dir='ltr'>eszterqame&#39;</span> 
     </span>
    </p>
   </div>
   <div class='ocr_carea' id='block_1_6' title="bbox 296 2097 1548 2192">
    <p class='ocr_par' dir='ltr' id='par_1_6' title="bbox 296 2097 1548 2192">
     <span class='ocr_line' id='line_1_9' title="bbox 296 2097 1548 2192; baseline 0 -28"><span class='ocrx_word' id='word_1_46' title='bbox 296 2101 382 2164; x_wconf 70' lang='lat' dir='ltr'>e‘reek</span> <span class='ocrx_word' id='word_1_47' title='bbox 398 2099 549 2185; x_wconf 79' lang='lat' dir='ltr'>Nycir·irid</span> <span class='ocrx_word' id='word_1_48' title='bbox 558 2099 688 2186; x_wconf 81' lang='lat' dir='ltr'>feje&#39;berr</span> <span class='ocrx_word' id='word_1_49' title='bbox 707 2097 840 2184; x_wconf 72' lang='lat' dir='ltr'>Sirrdny</span> <span class='ocrx_word' id='word_1_50' title='bbox 857 2100 1008 2184; x_wconf 69' lang='lat' dir='ltr'>helysdqet</span> <span class='ocrx_word' id='word_1_51' title='bbox 1025 2100 1130 2184; x_wconf 74' lang='lat' dir='ltr'>Erney</span> <span class='ocrx_word' id='word_1_52' title='bbox 1142 2097 1270 2164; x_wconf 72' lang='lat' dir='ltr'>briensis</span> <span class='ocrx_word' id='word_1_53' title='bbox 1285 2099 1432 2166; x_wconf 76' lang='lat' dir='ltr'>esere&#39;bers</span> <span class='ocrx_word' id='word_1_54' title='bbox 1547 2117 1548 2192; x_wconf 60' lang='lat' dir='ltr'>f</span> 
     </span>
    </p>
   </div>
   <div class='ocr_carea' id='block_1_7' title="bbox 718 2206 1000 2292">
    <p class='ocr_par' dir='ltr' id='par_1_7' title="bbox 718 2206 1000 2292">
     <span class='ocr_line' id='line_1_10' title="bbox 718 2206 1000 2292; baseline -0.007 -22"><span class='ocrx_word' id='word_1_55' title='bbox 718 2207 886 2292; x_wconf 71' lang='lat' dir='ltr'>citenqedte.</span> <span class='ocrx_word' id='word_1_56' title='bbox 904 2206 1000 2272; x_wconf 82' lang='lat'><em>1221.</em></span> 
     </span>
    </p>
   </div>
   <div class='ocr_carea' id='block_1_8' title="bbox 297 2400 1434 2611">
    <p class='ocr_par' dir='ltr' id='par_1_8' title="bbox 297 2400 1434 2611">
     <span class='ocr_line' id='line_1_11' title="bbox 403 2400 1433 2484; baseline 0.002 -18"><span class='ocrx_word' id='word_1_57' title='bbox 403 2401 550 2466; x_wconf 81' lang='lat' dir='ltr'>Andreas</span> <span class='ocrx_word' id='word_1_58' title='bbox 568 2401 629 2466; x_wconf 87' lang='lat' dir='ltr'>Dei</span> <span class='ocrx_word' id='word_1_59' title='bbox 647 2402 760 2484; x_wconf 77' lang='lat' dir='ltr'><strong>gracia</strong></span> <span class='ocrx_word' id='word_1_60' title='bbox 777 2401 846 2467; x_wconf 84' lang='lat' dir='ltr'>Rex</span> <span class='ocrx_word' id='word_1_61' title='bbox 864 2401 1030 2484; x_wconf 84' lang='lat' dir='ltr'>Hungarie</span> <span class='ocrx_word' id='word_1_62' title='bbox 1047 2408 1108 2468; x_wconf 87' lang='lat' dir='ltr'>ete.</span> <span class='ocrx_word' id='word_1_63' title='bbox 1126 2400 1213 2484; x_wconf 88' lang='lat' dir='ltr'>qnod</span> <span class='ocrx_word' id='word_1_64' title='bbox 1229 2401 1433 2468; x_wconf 84' lang='lat' dir='ltr'>venerabilis</span> 
     </span>
     <span class='ocr_line' id='line_1_12' title="bbox 297 2506 1434 2611; baseline -0.001 -37"><span class='ocrx_word' id='word_1_65' title='bbox 297 2509 330 2574; x_wconf 91' lang='lat' dir='ltr'>in</span> <span class='ocrx_word' id='word_1_66' title='bbox 348 2509 478 2611; x_wconf 68' lang='lat' dir='ltr'>Christo</span> <span class='ocrx_word' id='word_1_67' title='bbox 495 2515 589 2590; x_wconf 86' lang='lat' dir='ltr'>pater</span> <span class='ocrx_word' id='word_1_68' title='bbox 606 2506 753 2574; x_wconf 88' lang='lat' dir='ltr'>dominus</span> <span class='ocrx_word' id='word_1_69' title='bbox 770 2509 937 2575; x_wconf 73' lang='lat' dir='ltr'>iohannes</span> <span class='ocrx_word' id='word_1_70' title='bbox 964 2507 1238 2594; x_wconf 82' lang='lat' dir='ltr'>Arrhiepiseopus</span> <span class='ocrx_word' id='word_1_71' title='bbox 1270 2507 1434 2592; x_wconf 83' lang='lat' dir='ltr'>Strigeni·</span> 
     </span>
    </p>
   </div>
   <div class='ocr_carea' id='block_1_9' title="bbox 291 2615 1435 3990">
    <p class='ocr_par' dir='ltr' id='par_1_9' title="bbox 291 2615 1435 3990">
     <span class='ocr_line' id='line_1_13' title="bbox 296 2615 1433 2700; baseline -0.003 -17"><span class='ocrx_word' id='word_1_72' title='bbox 296 2617 384 2684; x_wconf 89' lang='lat' dir='ltr'>ensis</span> <span class='ocrx_word' id='word_1_73' title='bbox 400 2621 519 2679; x_wconf 88' lang='lat' dir='ltr'>terram</span> <span class='ocrx_word' id='word_1_74' title='bbox 536 2635 626 2680; x_wconf 87' lang='lat' dir='ltr'>suam</span> <span class='ocrx_word' id='word_1_75' title='bbox 643 2615 772 2700; x_wconf 77' lang='lat' dir='ltr'>Surany</span> <span class='ocrx_word' id='word_1_76' title='bbox 789 2623 936 2681; x_wconf 81' lang='lat' dir='ltr'>vocatam</span> <span class='ocrx_word' id='word_1_77' title='bbox 954 2617 987 2680; x_wconf 93' lang='lat' dir='ltr'>in</span> <span class='ocrx_word' id='word_1_78' title='bbox 1005 2616 1166 2682; x_wconf 75' lang='lat' dir='ltr'>Comitatu</span> <span class='ocrx_word' id='word_1_79' title='bbox 1185 2617 1226 2681; x_wconf 88' lang='lat' dir='ltr'>de</span> <span class='ocrx_word' id='word_1_80' title='bbox 1242 2615 1336 2682; x_wconf 87' lang='lat' dir='ltr'>Nitra</span> <span class='ocrx_word' id='word_1_81' title='bbox 1352 2635 1433 2700; x_wconf 88' lang='lat' dir='ltr'>pro·</span> 
     </span>
     <span class='ocr_line' id='line_1_14' title="bbox 298 2721 1432 2810; baseline -0.002 -22"><span class='ocrx_word' id='word_1_82' title='bbox 298 2744 337 2808; x_wconf 83' lang='lat' dir='ltr'>pe</span> <span class='ocrx_word' id='word_1_83' title='bbox 354 2722 490 2790; x_wconf 88' lang='lat' dir='ltr'>eundem</span> <span class='ocrx_word' id='word_1_84' title='bbox 508 2721 639 2788; x_wconf 87' lang='lat' dir='ltr'>fluuium</span> <span class='ocrx_word' id='word_1_85' title='bbox 656 2721 750 2788; x_wconf 88' lang='lat' dir='ltr'>Nitra</span> <span class='ocrx_word' id='word_1_86' title='bbox 767 2722 970 2810; x_wconf 79' lang='lat' dir='ltr'>existentem,</span> <span class='ocrx_word' id='word_1_87' title='bbox 986 2723 1020 2787; x_wconf 94' lang='lat' dir='ltr'>in</span> <span class='ocrx_word' id='word_1_88' title='bbox 1038 2722 1262 2790; x_wconf 83' lang='lat' dir='ltr'>enneambinm</span> <span class='ocrx_word' id='word_1_89' title='bbox 1280 2721 1432 2789; x_wconf 82' lang='lat' dir='ltr'>dedisset</span> 
     </span>
     <span class='ocr_line' id='line_1_15' title="bbox 296 2827 1431 2917; baseline 0.002 -21"><span class='ocrx_word' id='word_1_90' title='bbox 296 2829 468 2912; x_wconf 77' lang='lat' dir='ltr'>Magnifice</span> <span class='ocrx_word' id='word_1_91' title='bbox 484 2827 553 2894; x_wconf 85' lang='lat' dir='ltr'>viro</span> <span class='ocrx_word' id='word_1_92' title='bbox 571 2830 680 2915; x_wconf 77' lang='lat' dir='ltr'>Erney</span> <span class='ocrx_word' id='word_1_93' title='bbox 696 2829 788 2896; x_wconf 90' lang='lat' dir='ltr'>Bano</span> <span class='ocrx_word' id='word_1_94' title='bbox 806 2849 863 2915; x_wconf 89' lang='lat' dir='ltr'>pro</span> <span class='ocrx_word' id='word_1_95' title='bbox 880 2837 968 2896; x_wconf 91' lang='lat' dir='ltr'>terra</span> <span class='ocrx_word' id='word_1_96' title='bbox 993 2830 1096 2916; x_wconf 86' lang='lat' dir='ltr'>ipsius</span> <span class='ocrx_word' id='word_1_97' title='bbox 1123 2831 1272 2917; x_wconf 86' lang='lat' dir='ltr'>Nyarbid</span> <span class='ocrx_word' id='word_1_98' title='bbox 1305 2839 1431 2898; x_wconf 86' lang='lat' dir='ltr'>voeata</span> 
     </span>
     <span class='ocr_line' id='line_1_16' title="bbox 297 2935 1434 3026; baseline -0.001 -22"><span class='ocrx_word' id='word_1_99' title='bbox 297 2941 330 3004; x_wconf 92' lang='lat' dir='ltr'>in</span> <span class='ocrx_word' id='word_1_100' title='bbox 349 2935 461 3004; x_wconf 86' lang='lat' dir='ltr'>eodem</span> <span class='ocrx_word' id='word_1_101' title='bbox 478 2936 638 3002; x_wconf 84' lang='lat' dir='ltr'>Comitatn</span> <span class='ocrx_word' id='word_1_102' title='bbox 655 2937 751 3004; x_wconf 89' lang='lat' dir='ltr'>Nitra</span> <span class='ocrx_word' id='word_1_103' title='bbox 767 2938 935 3004; x_wconf 83' lang='lat' dir='ltr'>existente.</span> <span class='ocrx_word' id='word_1_104' title='bbox 971 2941 1053 3005; x_wconf 85' lang='lat' dir='ltr'>Mete</span> <span class='ocrx_word' id='word_1_105' title='bbox 1070 2947 1179 3004; x_wconf 88' lang='lat' dir='ltr'>autern</span> <span class='ocrx_word' id='word_1_106' title='bbox 1197 2944 1281 3005; x_wconf 87' lang='lat' dir='ltr'>terre</span> <span class='ocrx_word' id='word_1_107' title='bbox 1296 2937 1434 3026; x_wconf 80' lang='lat' dir='ltr'>Surany</span> 
     </span>
     <span class='ocr_line' id='line_1_17' title="bbox 297 3045 1432 3132; baseline -0.003 -19"><span class='ocrx_word' id='word_1_108' title='bbox 297 3045 457 3130; x_wconf 80' lang='lat' dir='ltr'>incipiunt</span> <span class='ocrx_word' id='word_1_109' title='bbox 474 3066 495 3110; x_wconf 88' lang='lat' dir='ltr'>a</span> <span class='ocrx_word' id='word_1_110' title='bbox 511 3053 604 3128; x_wconf 86' lang='lat' dir='ltr'>parte</span> <span class='ocrx_word' id='word_1_111' title='bbox 620 3045 769 3111; x_wconf 83' lang='lat' dir='ltr'>orientali</span> <span class='ocrx_word' id='word_1_112' title='bbox 787 3067 888 3131; x_wconf 84' lang='lat' dir='ltr'>prope</span> <span class='ocrx_word' id='word_1_113' title='bbox 904 3047 1037 3111; x_wconf 86' lang='lat' dir='ltr'>fluuium</span> <span class='ocrx_word' id='word_1_114' title='bbox 1055 3045 1159 3132; x_wconf 88' lang='lat' dir='ltr'>Nitra,</span> <span class='ocrx_word' id='word_1_115' title='bbox 1194 3053 1226 3112; x_wconf 91' lang='lat' dir='ltr'>et</span> <span class='ocrx_word' id='word_1_116' title='bbox 1252 3045 1356 3110; x_wconf 88' lang='lat' dir='ltr'>tendit</span> <span class='ocrx_word' id='word_1_117' title='bbox 1381 3045 1432 3110; x_wconf 87' lang='lat' dir='ltr'>ad</span> 
     </span>
     <span class='ocr_line' id='line_1_18' title="bbox 299 3149 1434 3239; baseline -0.004 -17"><span class='ocrx_word' id='word_1_118' title='bbox 299 3155 410 3222; x_wconf 87' lang='lat' dir='ltr'>villam</span> <span class='ocrx_word' id='word_1_119' title='bbox 428 3153 454 3220; x_wconf 92' lang='lat'>0</span> <span class='ocrx_word' id='word_1_120' title='bbox 472 3152 583 3219; x_wconf 81' lang='lat' dir='ltr'>Gheke</span> <span class='ocrx_word' id='word_1_121' title='bbox 599 3152 738 3218; x_wconf 85' lang='lat' dir='ltr'>Abbatis</span> <span class='ocrx_word' id='word_1_122' title='bbox 757 3154 867 3218; x_wconf 82' lang='lat' dir='ltr'>Sancti</span> <span class='ocrx_word' id='word_1_123' title='bbox 885 3153 994 3239; x_wconf 85' lang='lat' dir='ltr'>ipoliti</span> <span class='ocrx_word' id='word_1_124' title='bbox 1011 3153 1051 3218; x_wconf 97' lang='grc'>(16</span> <span class='ocrx_word' id='word_1_125' title='bbox 1069 3153 1197 3236; x_wconf 82' lang='lat' dir='ltr'>anor3</span> <span class='ocrx_word' id='word_1_126' title='bbox 1222 3153 1298 3218; x_wconf 90' lang='lat' dir='ltr'>inde</span> <span class='ocrx_word' id='word_1_127' title='bbox 1322 3149 1434 3217; x_wconf 87' lang='lat' dir='ltr'>tendit</span> 
     </span>
     <span class='ocr_line' id='line_1_19' title="bbox 297 3259 1431 3350; baseline 0 -22"><span class='ocrx_word' id='word_1_128' title='bbox 297 3283 352 3350; x_wconf 87' lang='lat' dir='ltr'>per</span> <span class='ocrx_word' id='word_1_129' title='bbox 368 3269 471 3329; x_wconf 86' lang='lat' dir='ltr'>metas</span> <span class='ocrx_word' id='word_1_130' title='bbox 489 3269 613 3327; x_wconf 85' lang='lat' dir='ltr'>terreas</span> <span class='ocrx_word' id='word_1_131' title='bbox 631 3282 734 3344; x_wconf 89' lang='lat' dir='ltr'>vsque</span> <span class='ocrx_word' id='word_1_132' title='bbox 751 3269 869 3327; x_wconf 85' lang='lat' dir='ltr'>metam</span> <span class='ocrx_word' id='word_1_133' title='bbox 885 3259 1116 3329; x_wconf 80' lang='lat' dir='ltr'>‘Pardoskeddi</span> <span class='ocrx_word' id='word_1_134' title='bbox 1133 3259 1268 3327; x_wconf 86' lang='lat' dir='ltr'>fratrum</span> <span class='ocrx_word' id='word_1_135' title='bbox 1295 3261 1431 3344; x_wconf 83' lang='lat' dir='ltr'>religio-</span> 
     </span>
     <span class='ocr_line' id='line_1_20' title="bbox 295 3369 1433 3454; baseline -0.002 -18"><span class='ocrx_word' id='word_1_136' title='bbox 295 3391 401 3436; x_wconf 87' lang='lat' dir='ltr'>sorum</span> <span class='ocrx_word' id='word_1_137' title='bbox 418 3371 459 3435; x_wconf 90' lang='grc'>(16</span> <span class='ocrx_word' id='word_1_138' title='bbox 477 3370 597 3453; x_wconf 87' lang='lat' dir='ltr'>Apulia</span> <span class='ocrx_word' id='word_1_139' title='bbox 614 3369 646 3436; x_wconf 90' lang='lat' dir='ltr'>in</span> <span class='ocrx_word' id='word_1_140' title='bbox 664 3369 796 3438; x_wconf 76' lang='lat' dir='ltr'>Austris</span> <span class='ocrx_word' id='word_1_141' title='bbox 822 3371 1110 3448; x_wconf 66' lang='lat' dir='ltr'>commorantium</span> <span class='ocrx_word' id='word_1_142' title='bbox 1136 3369 1181 3437; x_wconf 90' lang='lat' dir='ltr'>ibi</span> <span class='ocrx_word' id='word_1_143' title='bbox 1206 3369 1356 3454; x_wconf 76' lang='lat' dir='ltr'>peruenit</span> <span class='ocrx_word' id='word_1_144' title='bbox 1382 3369 1433 3434; x_wconf 88' lang='lat' dir='ltr'>ad</span> 
     </span>
     <span class='ocr_line' id='line_1_21' title="bbox 295 3477 1431 3564; baseline 0.002 -22"><span class='ocrx_word' id='word_1_145' title='bbox 295 3487 415 3544; x_wconf 88' lang='lat' dir='ltr'>terram</span> <span class='ocrx_word' id='word_1_146' title='bbox 431 3477 621 3542; x_wconf 82' lang='lat' dir='ltr'>Kewnfeuid</span> <span class='ocrx_word' id='word_1_147' title='bbox 642 3485 802 3563; x_wconf 85' lang='lat' dir='ltr'>voeatanr,</span> <span class='ocrx_word' id='word_1_148' title='bbox 821 3499 883 3561; x_wconf 86' lang='lat' dir='ltr'>que</span> <span class='ocrx_word' id='word_1_149' title='bbox 901 3498 1066 3561; x_wconf 86' lang='lat' dir='ltr'>nunquam</span> <span class='ocrx_word' id='word_1_150' title='bbox 1084 3483 1206 3562; x_wconf 88' lang='lat' dir='ltr'>aratur,</span> <span class='ocrx_word' id='word_1_151' title='bbox 1222 3477 1279 3544; x_wconf 84' lang='lat' dir='ltr'>sed</span> <span class='ocrx_word' id='word_1_152' title='bbox 1296 3499 1353 3564; x_wconf 88' lang='lat' dir='ltr'>per</span> <span class='ocrx_word' id='word_1_153' title='bbox 1368 3497 1431 3562; x_wconf 88' lang='lat' dir='ltr'>pe-</span> 
     </span>
     <span class='ocr_line' id='line_1_22' title="bbox 293 3581 1431 3669; baseline -0.001 -18"><span class='ocrx_word' id='word_1_154' title='bbox 293 3605 368 3651; x_wconf 85' lang='lat' dir='ltr'>cora</span> <span class='ocrx_word' id='word_1_155' title='bbox 386 3586 426 3652; x_wconf 87' lang='grc'>(16</span> <span class='ocrx_word' id='word_1_156' title='bbox 444 3583 471 3650; x_wconf 92' lang='grc' dir='ltr'>Ο</span> <span class='ocrx_word' id='word_1_157' title='bbox 489 3581 608 3668; x_wconf 78' lang='lat' dir='ltr'>(iheke,</span> <span class='ocrx_word' id='word_1_158' title='bbox 624 3584 852 3651; x_wconf 82' lang='lat' dir='ltr'>&#39;Pardoskeddi</span> <span class='ocrx_word' id='word_1_159' title='bbox 870 3593 902 3650; x_wconf 91' lang='lat' dir='ltr'>et</span> <span class='ocrx_word' id='word_1_160' title='bbox 918 3585 1067 3669; x_wconf 83' lang='lat' dir='ltr'>Nagizeg</span> <span class='ocrx_word' id='word_1_161' title='bbox 1094 3584 1306 3651; x_wconf 83' lang='lat' dir='ltr'>communiter</span> <span class='ocrx_word' id='word_1_162' title='bbox 1331 3590 1431 3650; x_wconf 79' lang='lat' dir='ltr'>vrun-</span> 
     </span>
     <span class='ocr_line' id='line_1_23' title="bbox 295 3691 1431 3778; baseline -0.001 -20"><span class='ocrx_word' id='word_1_163' title='bbox 295 3701 356 3776; x_wconf 89' lang='lat' dir='ltr'>tur,</span> <span class='ocrx_word' id='word_1_164' title='bbox 374 3701 406 3756; x_wconf 89' lang='lat' dir='ltr'>et</span> <span class='ocrx_word' id='word_1_165' title='bbox 422 3692 467 3756; x_wconf 87' lang='lat' dir='ltr'>ibi</span> <span class='ocrx_word' id='word_1_166' title='bbox 485 3691 641 3757; x_wconf 89' lang='lat' dir='ltr'>terminus</span> <span class='ocrx_word' id='word_1_167' title='bbox 659 3701 742 3758; x_wconf 88' lang='lat' dir='ltr'>mete</span> <span class='ocrx_word' id='word_1_168' title='bbox 759 3694 932 3778; x_wconf 80' lang='lat' dir='ltr'>perficitur.</span> <span class='ocrx_word' id='word_1_169' title='bbox 973 3695 1091 3760; x_wconf 87' lang='lat' dir='ltr'>Datum</span> <span class='ocrx_word' id='word_1_170' title='bbox 1110 3713 1298 3778; x_wconf 82' lang='lat' dir='ltr'>permanes</span> <span class='ocrx_word' id='word_1_171' title='bbox 1323 3691 1431 3757; x_wconf 86' lang='lat' dir='ltr'>hono·</span> 
     </span>
     <span class='ocr_line' id='line_1_24' title="bbox 292 3798 1434 3886; baseline 0.001 -21"><span class='ocrx_word' id='word_1_172' title='bbox 292 3799 407 3865; x_wconf 88' lang='lat' dir='ltr'>rabilis</span> <span class='ocrx_word' id='word_1_173' title='bbox 417 3798 566 3881; x_wconf 87' lang='lat' dir='ltr'>Magistri</span> <span class='ocrx_word' id='word_1_174' title='bbox 576 3798 754 3886; x_wconf 87' lang='lat' dir='ltr'>Koptipani</span> <span class='ocrx_word' id='word_1_175' title='bbox 768 3799 854 3886; x_wconf 84' lang='lat' dir='ltr'>(igy)</span> <span class='ocrx_word' id='word_1_176' title='bbox 864 3801 1027 3886; x_wconf 84' lang='lat' dir='ltr'>Prepesiti</span> <span class='ocrx_word' id='word_1_177' title='bbox 1043 3799 1203 3866; x_wconf 87' lang='lat' dir='ltr'>Budensis</span> <span class='ocrx_word' id='word_1_178' title='bbox 1220 3801 1296 3865; x_wconf 74' lang='lat' dir='ltr'>reule</span> <span class='ocrx_word' id='word_1_179' title='bbox 1311 3805 1434 3866; x_wconf 85' lang='lat' dir='ltr'>nostre</span> 
     </span>
     <span class='ocr_line' id='line_1_25' title="bbox 291 3903 1435 3990; baseline 0.004 -22"><span class='ocrx_word' id='word_1_180' title='bbox 291 3905 374 3970; x_wconf 79' lang='lat' dir='ltr'>Vise</span> <span class='ocrx_word' id='word_1_181' title='bbox 392 3903 585 3972; x_wconf 82' lang='lat' dir='ltr'>Ganeellarii</span> <span class='ocrx_word' id='word_1_182' title='bbox 601 3927 687 3972; x_wconf 88' lang='lat' dir='ltr'>anno</span> <span class='ocrx_word' id='word_1_183' title='bbox 705 3907 874 3975; x_wconf 85' lang='lat' dir='ltr'>millesimo</span> <span class='ocrx_word' id='word_1_184' title='bbox 893 3907 1112 3976; x_wconf 77' lang='lat' dir='ltr'>ducentesimo</span> <span class='ocrx_word' id='word_1_185' title='bbox 1129 3908 1286 3990; x_wconf 81' lang='lat' dir='ltr'>vigesimo</span> <span class='ocrx_word' id='word_1_186' title='bbox 1308 3907 1435 3990; x_wconf 84' lang='lat' dir='ltr'>primo.</span> 
     </span>
    </p>
   </div>
   <div class='ocr_carea' id='block_1_10' title="bbox 464 4103 1261 4169">
    <p class='ocr_par' dir='ltr' id='par_1_10' title="bbox 464 4103 1261 4169">
     <span class='ocr_line' id='line_1_26' title="bbox 464 4103 1261 4169; baseline 0 -17"><span class='ocrx_word' id='word_1_187' title='bbox 464 4103 546 4169; x_wconf 75' lang='lat' dir='ltr'>(Regi</span> <span class='ocrx_word' id='word_1_188' title='bbox 564 4105 684 4156; x_wconf 75' lang='lat' dir='ltr'>misolat</span> <span class='ocrx_word' id='word_1_189' title='bbox 704 4119 721 4153; x_wconf 86' lang='lat' dir='ltr'>a</span> <span class='ocrx_word' id='word_1_190' title='bbox 740 4105 825 4155; x_wconf 86' lang='lat' dir='ltr'>budai</span> <span class='ocrx_word' id='word_1_191' title='bbox 845 4106 897 4155; x_wconf 79' lang='lat' dir='ltr'>kin.</span> <span class='ocrx_word' id='word_1_192' title='bbox 918 4107 1045 4156; x_wconf 82' lang='lat' dir='ltr'>kamarsi</span> <span class='ocrx_word' id='word_1_193' title='bbox 1064 4105 1261 4166; x_wconf 75' lang='lat' dir='ltr'>reverterban.)</span> 
     </span>
    </p>
   </div>
   <div class='ocr_carea' id='block_1_11' title="bbox 0 0 1554 5132">
    <p class='ocr_par' dir='ltr' id='par_1_11' title="bbox 0 0 1554 5132">
     <span class='ocr_line' id='line_1_27' title="bbox 0 0 1554 5132; baseline 0 2"><span class='ocrx_word' id='word_1_194' title='bbox 0 0 1554 5132; x_wconf 95' lang='lat' dir='ltr'> </span> 
     </span>
    </p>
   </div>
  </div>
 </body>
</html>
