3080 5146
785 333 946 433 EQ..

301 543 360 610 per
378 523 517 611 eosdem,
546 523 632 608 quod
663 546 722 611 per
751 523 922 593 arbitrium
954 524 1129 611 probdrum
1160 525 1304 596 virorum
1334 548 1427 616 super

300 639 403 698 morte
418 629 539 698 Philko
554 631 669 700 fratris
686 631 845 719 Stephani
861 631 1021 700 antedicti
1036 633 1070 698 iu
1086 634 1188 701 talem
1205 633 1298 722 pacis
1329 634 1425 704 deue-

300 737 426 806 nissent
443 738 620 806 unionem:
646 739 733 823 quod
757 738 845 806 idem
879 738 958 805 Chia
988 740 1152 824 quandam
1185 747 1307 808 terram
1337 761 1424 808 suam

296 843 530 912 hereditariam
546 843 691 912 Soskuth
707 855 941 934 nuncupatam,
973 853 1007 913 et
1022 853 1142 913 terram
1158 845 1255 914 hierk
1271 853 1424 932 vocatum,

296 971 336 1018 ac
351 956 470 1018 terram
486 949 587 1034 Koza,
604 971 665 1036 pro
682 956 785 1018 morte
799 950 916 1018 Philke
931 950 1078 1018 dedisset
1101 950 1270 1036 Stephano
1293 956 1325 1018 et
1352 952 1427 1040 hlijs

299 1059 448 1127 suisium
463 1072 621 1146 perpetuo
637 1055 877 1146 possidendam.
918 1057 1025 1136 Quam
1057 1056 1303 1126 ordinacionem
1335 1062 1424 1144 pacis

297 1185 408 1234 omues
425 1166 561 1234 heredes
576 1167 680 1255 ipsius
695 1185 754 1251 pro
769 1163 1002 1234 satisfaccione
1018 1169 1257 1251 acceptassent,
1272 1171 1307 1232 et
1322 1163 1426 1251 ipsum

298 1271 376 1340 cuin
393 1293 465 1340 curn
481 1272 611 1360 Gyapat
628 1272 728 1340 fratre
744 1291 803 1341 suo
818 1269 853 1336 in
869 1270 946 1354 alijs
963 1269 1223 1357 possessionibus
1238 1271 1308 1338 suis
1340 1271 1427 1339 vide·

299 1381 379 1450 licet
393 1381 429 1448 in
444 1381 655 1467 Kurthuelus‚
673 1381 708 1446 in
725 1377 822 1464 Orod,
840 1379 875 1446 in
890 1377 1036 1461 Rogolch
1054 1387 1088 1445 ot
1103 1379 1138 1446 iu
1153 1379 1289 1444 Meroua
1305 1399 1426 1447 nuncu-

300 1490 385 1576 patis
401 1488 487 1557 idem
505 1488 690 1576 Stephanus
707 1507 779 1554 oum
796 1487 865 1555 suis
880 1487 1056 1554 heredibus
1073 1485 1283 1556 demisissent
1291 1487 1425 1572 pacifice

296 1615 499 1684 permanere.
523 1597 662 1683 Insuper
678 1595 861 1678 obligasset
877 1614 913 1662 se
929 1594 1017 1662 idem
1034 1593 1221 1682 Stephanus
1239 1601 1271 1662 et
1287 1593 1422 1662 heredes

300 1723 387 1790 suos,
406 1709 568 1771 utcontra
584 1703 704 1772 dictum
720 1702 811 1790 onya
828 1709 861 1770 et
878 1701 1018 1771 herodes
1034 1702 1178 1771 eiusdem
1195 1702 1328 1770 racione
1344 1723 1425 1770 mor-

299 1811 340 1882 tis
357 1810 504 1899 predicte
519 1813 585 1880 ullo
600 1831 744 1895 uuquam
758 1817 903 1894 temporo
936 1809 1137 1894 questionem
1169 1810 1331 1878 suscitare
1361 1830 1423 1877 nou

298 1925 434 2008 possent
448 1917 638 2004 aliqualem
663 1925 695 1984 et
709 1919 848 2004 litteras,
866 1937 947 2001 quas
964 1917 1051 1984 idem
1068 1917 1256 2003 Stephanus
1281 1923 1314 1985 et
1338 1915 1425 1984 here-

297 2027 355 2096 des
373 2027 425 2096 sui
441 2033 552 2095 eontra
566 2025 672 2111 ipsum
690 2023 778 2111 Ghyz
810 2044 907 2110 super
938 2029 1041 2090 morte
1073 2023 1202 2110 Phylhe
1232 2023 1424 2092 habuissent

297 2142 478 2218 emanatas,
494 2131 703 2200 demisissent
718 2131 840 2198 habere
857 2131 966 2197 nullas
983 2131 1079 2197 vires.
1118 2129 1272 2198 Secunda
1286 2149 1427 2215 namque
1533 2207 1534 2212 ἵ

297 2244 442 2328 ipsarum
457 2241 637 2308 litterarum
654 2240 716 2307 stb.
750 2239 873 2304 Datum
888 2237 922 2303 in
937 2237 1144 2323 Wyssegrad
1158 2237 1308 2322 predicta
1323 2238 1428 2322 quad·
1533 2249 1534 2282 t

296 2349 530 2436 nogesimodie
556 2355 745 2416 octauarum
776 2345 852 2414 festi
884 2345 1145 2432 Epiphaniarum
1177 2347 1311 2415 Domini
1342 2365 1426 2414 anuo

299 2457 444 2525 eiusdem
460 2455 615 2525 M⁰GGOC
623 2468 643 2520 ⁰.

405 2651 545 2710 (Eredetie
563 2651 745 2716 bttrhartyim
766 2667 783 2701 a
800 2651 885 2702 budai
907 2651 959 2702 hir.
979 2651 1109 2704 kamarai
1127 2651 1324 2716 leveltdrbsn.)

727 2937 995 2946 n—---——.—

823 3468 899 3535 271.

304 3662 337 3728 A
354 3667 528 3753 oeszprearc'
543 3667 769 3752 lcdptulaauuk
783 3665 1054 3751 bizoaysdqteoetc
1071 3667 1154 3750 bow
1170 3690 1191 3732 a
1205 3667 1428 3752 zap-rebitedp-
1530 3757 1531 3768 ἵ

315 3775 406 3860 olon,
421 3798 436 3840 s
452 3775 584 3840 Mo'rtoa
600 3773 767 3840 Ndadauk
774 3776 826 3860 fio
842 3777 873 3841 ds
889 3774 1036 3858 retonat,
1054 3775 1210 3839 Mothonen
1228 3795 1328 3842 comae
1351 3795 1428 3860 oap-
1530 3769 1531 3839 i

417 3881 530 3967 jonae
545 3883 770 3970 bupyomdnya
784 3881 969 3968 tdrpydboa
984 3881 1196 3968 epyeakedtelo.
1222 3881 1321 3948 1252.

380 4077 542 4140 (Thalesies,
564 4079 696 4129 bionum.
716 4077 782 4127 hist.
801 4077 892 4141 Epiro.
913 4077 1108 4143 Zagrabieusis
1127 4077 1149 4126 1.
1169 4077 1228 4129 hot
1249 4081 1291 4130 ss.
1311 4077 1343 4141 l.)

715 4363 985 4376 ...-.-.....-.-.-.
