3098 5132
842 907 915 976 115.

312 1111 396 1177 Belo
411 1109 520 1200 iJJabb
536 1109 716 1196 kirdiyuak
729 1105 990 1194 bizcnysdylevele
1004 1108 1149 1174 Domald
1162 1109 1323 1174 aeremia
1338 1107 1443 1172 vallo-

313 1219 465 1304 mostrol,
480 1219 564 1303 doyy
580 1213 687 1282 dorm
702 1215 933 1301 cdrrocyydbca
948 1219 1027 1280 echa
1039 1213 1185 1300 fc'ldekct
1199 1235 1270 1277 uem
1285 1213 1362 1298 lire,
1389 1238 1405 1279 a
1421 1235 1447 1276 a

459 1326 609 1412 topuskai
624 1323 832 1412 apdtadynok
846 1345 909 1388 aeus
926 1323 1181 1408 adamooyozott.
1201 1321 1297 1388 1224.

458 1554 621 1621 (dkalcaior,
640 1553 765 1606 Menum.
785 1553 853 1606 hiet.
871 1554 963 1619 Episc.
982 1554 1178 1621 flagrabiensia
1202 1557 1244 1606 l‘l.
1263 1555 1294 1618 l.)

702 2450 706 2460 .
842 2397 914 2465 llo.

313 2599 425 2686 (lydia
439 2597 611 2663 nddoruuk
626 2597 788 2682 considete,
803 2598 886 2684 doqy
903 2619 924 2661 a
939 2593 1087 2681 iccdlrelyi
1102 2599 1241 2682 apdoeq
1256 2595 1393 2681 repescit
1419 2621 1442 2661 a
1533 2629 1534 2636 ¹

465 2705 694 2774 adlldrntveldc
709 2707 803 2770 oldai
818 2705 881 2770 ado'
895 2727 934 2771 ue
950 2705 1175 2772 kdcetcllesadle.
1193 2703 1288 2768 1224

420 2904 490 2988 Ego
505 2904 536 2969 J.
551 2901 614 2968 Dei
630 2900 741 2986 gracia
756 2900 923 2968 Palatinus
939 2908 973 2970 et
988 2900 1104 2968 (lomes
1120 2900 1162 2970 de
1187 2901 1340 2986 Supprvn
1366 2919 1445 2985 pre-

314 3012 399 3100 cipio
413 3011 506 3080 vobis
531 3009 760 3079 collectoribus
791 3011 982 3097 cybrionum
1015 3007 1055 3076 de
1086 3009 1245 3096 Supprvn,
1277 3016 1442 3092 quatenus

313 3141 411 3208 super
426 3120 564 3207 populos
580 3117 723 3202 Ecclesie
738 3119 857 3185 Montis
873 3119 991 3186 Sancte
1007 3117 1119 3204 llario,
1130 3119 1283 3186 uidelicet
1292 3117 1334 3185 de
1344 3117 1441 3186 Uilla

314 3228 495 3318 lleynhart,
512 3226 654 3312 Lahtay,
670 3225 824 3311 Prehnye
840 3233 871 3293 et
887 3225 928 3293 de
944 3223 1033 3293 Uilla
1048 3225 1183 3314 Michsa‚
1201 3227 1369 3294 collectam
1382 3245 1445 3312 cy-

314 3338 473 3419 brionum,
489 3353 569 3420 quos
586 3333 735 3400 dominns
752 3333 822 3400 Rex
838 3333 922 3402 bone
939 3335 1092 3402 memorie
1108 3333 1290 3400 Hemiricns
1300 3331 1345 3400 ad
1357 3334 1442 3418 peti-

315 3445 440 3512 cionem
455 3441 579 3510 domini
594 3441 730 3510 Abbatis
756 3441 833 3508 dicti
857 3442 1045 3528 Monasterij
1077 3448 1109 3509 et
1139 3441 1275 3530 fratrum
1306 3461 1442 3510 suornm

315 3551 462 3637 indulsit,
479 3569 558 3634 quos
577 3550 679 3616 eciam
695 3547 846 3617 dominus
860 3549 932 3618 Rex
956 3549 1104 3618 Andreas
1131 3549 1266 3618 eisdem
1282 3548 1444 3618 fratribus

314 3677 373 3742 pro
388 3655 531 3724 remedio
546 3655 655 3724 anime
670 3655 778 3724 fratris
803 3657 863 3742 sni,
890 3657 1044 3725 uidelicet
1067 3657 1109 3723 H.
1134 3656 1244 3743 Regis,
1265 3657 1444 3742 priuilegio

314 3783 373 3830 suo
387 3763 423 3830 in
440 3768 629 3848 perpetuum
646 3763 861 3848 possidendos
877 3764 1079 3832 confirmauit
1088 3784 1097 3847 ;
1123 3764 1255 3847 exigere
1272 3783 1313 3829 ne
1329 3783 1443 3849 presu-

315 3869 499 3956 matis‚nec
516 3885 699 3955 procorum
726 3871 921 3938 collectione
945 3892 1045 3957 snper
1067 3870 1223 3956 populum
1257 3871 1322 3938 iam
1354 3869 1443 3937 dicte
1533 3953 1534 3960 ἵ

313 3976 461 4046 Ecclesic
475 3975 672 4046 descendere
687 3977 847 4044 audeatis.
870 3979 965 4057 Quod
980 3978 1007 4047 si
1023 3975 1177 4062 feceritis,
1203 3977 1326 4062 sciatis,
1350 3979 1442 4062 quod

314 4093 458 4154 nostram
476 4085 559 4152 iram
575 4085 768 4170 grauissime
782 4087 964 4172 incurretis,
984 4091 1016 4155 et
1032 4093 1177 4154 nostram
1193 4088 1396 4154 uoluntatem
1408 4097 1444 4154 et

314 4193 459 4280 graciam
484 4192 783 4280 irrecuperabiliter
808 4193 996 4279 offendetis;
1021 4197 1174 4278 quoniam
1206 4213 1316 4262 coram
1348 4194 1444 4262 nobis

314 4301 378 4367 iam
395 4299 471 4366 dicti
488 4299 604 4380 iratres
621 4320 680 4384 per
697 4301 821 4368 litteras
837 4301 959 4368 domini
976 4301 1076 4385 Regis
1092 4302 1131 4369 H.
1147 4301 1308 4369 iusticiam
1330 4315 1442 4371 eorum

314 4409 536 4476 ostenderunt.
560 4407 708 4475 Scientes
724 4409 839 4495 eclam,
857 4409 1026 4492 quodiam
1043 4429 1120 4496 sepe
1137 4409 1240 4476 dictos
1269 4411 1445 4498 cybriones

317 4516 440 4584 eisdem
458 4514 613 4584 fratribus
630 4515 715 4583 idem
729 4515 801 4584 Rex
827 4518 866 4584 Η.
900 4519 1060 4606 contulit,'
1078 4517 1180 4604 sigilli
1211 4522 1313 4588 nostri
1340 4521 1444 4588 muni·
1533 4547 1534 4596 g
