3098 5132
778 233 939 334 Q

274 425 460 496 ‘eumuadit
474 425 569 495 illum
585 426 739 515 Holmod,
755 433 787 493 et
805 427 979 496 reuertitur
994 445 1098 514 unque
1113 427 1186 512 Tul,
1203 433 1237 496 ot
1252 426 1346 495 iuxta
1361 429 1420 496 'ivl
1536 499 1537 530 ¹

288 533 383 602 naht
398 534 454 600 uia
470 535 514 603 ad
531 536 827 622 oonprenotonem
845 555 946 618 noque
961 533 1004 602 ad
1014 540 1133 604 terram
1145 535 1418 619 vdwornioorum3
1536 589 1537 624 ,

251 730 255 738 ι
282 649 325 710 ot
340 641 418 708 inde
433 641 572 711 fleotitur
587 640 631 708 ad
647 643 805 710 orientem
830 661 889 728 per
914 642 1060 710 eleuatae
1091 647 1195 711 meten
1226 663 1300 711 eum
1330 651 1417 712 terra

285 749 551 819 rdwomioorum
568 771 670 835 noque
685 749 728 816 ad
745 749 885 835 priorem
902 757 1031 818 metam.
1536 733 1537 746 ³

398 859 480 926 Item
496 859 597 926 aliam
610 865 730 925 terram
747 857 879 924 nomine
896 853 1047 944 Ghykam
1064 859 1098 926 in
1114 855 1337 926 Ohenadiensi
1362 859 1419 926 Go
1536 897 1537 910 κ

272 965 409 1035 ‚mitatu
425 966 522 1034 sitam
538 973 571 1036 et
587 965 630 1032 ad
655 965 762 1052 ipsum
787 965 938 1033 anhum
970 965 1195 1053 pertinentem,
1227 985 1328 1052 super
1358 985 1422 1050 qna

274 1075 431 1142 ‘ecelesia
447 1073 481 1142 in
497 1073 620 1142 honore
644 1071 759 1142 Sanoti
789 1073 923 1140 Martini
953 1079 1141 1142 aonetruota
1172 1083 1231 1162 eet,
1264 1095 1327 1158 que
1360 1074 1423 1140 fuit
1536 1085 1537 1124 ὲ

292 1187 382 1251 terra
397 1181 472 1249 Yan
487 1181 706 1267 Centurionio,
723 1201 796 1248 aum
823 1179 995 1249 detumetue
1021 1189 1108 1249 eeeet
1138 1181 1210 1248 sino
1239 1181 1360 1250 herede
1391 1191 1424 1248 et
1536 1265 1537 1270 ἵ

273 1279 610 1377 nomnioognaoione,
636 1288 829 1357 eontulimuo
863 1287 925 1354 Th.
958 1287 1094 1372 Comiti3
1118 1295 1151 1358 et
1179 1288 1248 1358 fere
1277 1288 1423 1374 iungitur
1536 1301 1537 1312 ¹

289 1397 387 1465 metir
403 1395 595 1481 hionaeterij
612 1395 737 1482 Kenaz,
763 1395 817 1462 ubi
835 1402 885 1462 eet
900 1393 956 1462 uia
981 1393 1118 1464 tendens
1148 1395 1192 1463 ad
1221 1397 1422 1484 septemtrio·
1536 1475 1537 1494 χ

290 1523 374 1586 nem,
408 1503 499 1570 iuxta
515 1523 614 1589 quam
630 1503 716 1570 uiam
732 1509 808 1571 aunt
823 1509 929 1587 mete;
946 1509 978 1571 et
993 1503 1070 1572 iude
1086 1503 1275 1573 extenditur
1289 1505 1333 1572 nd
1348 1525 1423 1592 par-
1536 1579 1537 1584 ,

272 1617 341 1678 teu
357 1610 490 1678 orientis
505 1629 606 1696 unque
621 1608 665 1676 ad
681 1609 783 1677 aliam
798 1613 898 1697 mam,
924 1629 987 1695 qne
1011 1610 1116 1677 tendit
1141 1609 1186 1678 ad
1217 1615 1422 1698 septemtrio·
1536 1605 1537 1670 ἶ

273 1739 380 1804 ···nem,
396 1718 492 1786 iuxta
507 1737 603 1803 quam
618 1720 708 1785 niam
723 1725 801 1786 eunt
817 1723 902 1785 mete
917 1717 1152 1802 longitudinem
1168 1718 1315 1806 predicte
1334 1729 1421 1788 terre

293 1827 526 1908 terminantee;
550 1831 584 1893 et
599 1824 675 1892 inde
689 1825 829 1893 flectitur
861 1825 905 1892 ad
935 1827 1093 1893 orientem
1118 1845 1220 1912 usquo
1249 1825 1293 1894 ad
1323 1846 1421 1896 seona
1536 1875 1537 1932 ἦ

272 1933 448 2003 ‘sorentum
466 1931 642 2020 quoddam,
657 1931 749 2000 iuxta
766 1933 854 2018 quod
870 1939 947 2001 eunt
962 1941 1046 2002 mete
1062 1934 1208 2002 seriatim
1224 1933 1332 2020 ponite
1347 1935 1423 2002 lati·
1536 1997 1537 2038 ᾖ

286 2041 435 2110 tudinem
451 2041 672 2126 terminantes,
703 2060 806 2126 usque
822 2039 865 2108 ad
881 2039 967 2108 uiam
984 2060 1047 2125 que
1064 2039 1156 2108 duait
1181 2041 1224 2108 ad
1249 2041 1361 2126 Morio,
1388 2049 1422 2109 et
1536 2109 1537 2124 ,

271 2153 382 2219 iuxta
396 2150 482 2217 uiam
501 2149 594 2217 illam
610 2147 781 2218 deseendit
795 2148 829 2214 in
845 2147 1001 2234 sonetum,
1018 2155 1052 2216 et
1074 2168 1137 2234 per
1160 2147 1302 2217 fenetum
1327 2149 1423 2218 vadit
1536 2233 1537 2238 Ἰ

290 2277 349 2344 per
366 2258 507 2328 medium
523 2257 606 2325 silue
621 2277 724 2341 nsque
739 2255 784 2323 ad
808 2253 975 2322 Morieium
1001 2275 1072 2323 aum
1104 2254 1198 2324 metio
1228 2257 1419 2344 Monaeterij
1536 2267 1537 2352 J

288 2366 410 2434 Kenau.
421 2367 462 2433 Et
478 2365 520 2432 de
535 2365 650 2433 eadem
667 2362 755 2432 diota
769 2373 858 2433 terra
869 2363 1068 2448 Dominious,
1078 2361 1250 2450 Gerendus,
1261 2364 1417 2454 Sohuelb,
1536 2363 1537 2374 ’

271 2472 468 2560 dohannes,
485 2471 630 2558 Gorlath,
646 2473 743 2539 Peter
758 2477 791 2540 et
807 2471 937 2556 oogneti
964 2471 1140 2538 eorundem
1167 2481 1365 2558 aeceperunt
1397 2493 1421 2540 a

272 2579 351 2650 'Th
369 2581 460 2647 Bano
476 2579 511 2644 in
526 2578 752 2646 ooneamhium
766 2585 851 2647 terre
868 2597 978 2647 eorum
1004 2585 1140 2663 tentam,
1156 2589 1281 2664 quanta
1304 2601 1418 2648 eorum
1536 2653 1537 2656 ,

286 2687 524 2769 fuitterra3tali
534 2685 735 2772 eondieione,
746 2693 779 2752 ut
789 2685 1015 2770 qualioumque
1024 2706 1124 2754 eausa
1134 2705 1285 2755 euoeeoeu
1295 2700 1419 2776 tempo-

277 2797 334 2862 urie
350 2813 447 2880 super
464 2792 578 2861 eadem
588 2801 677 2862 terra
689 2791 830 2880 (eontra)
842 2813 897 2862 eos
910 2799 1099 2880 emergeret,
1111 2793 1285 2862 dietuo'l'h.
1295 2816 1419 2881 nequa·
1536 2791 1537 2824 ³

271 2921 384 2987 nquam
402 2902 543 2970 liberare
559 2923 615 2969 eos
631 2908 804 2986 teneretur,
821 2900 878 2968 sed
895 2900 960 2986 ipsi
976 2921 1012 2968 ee
1036 2901 1223 2968 liberarent.
1257 2901 1416 2971 Preterea

286 3013 353 3079 iam
370 3010 457 3079 dioto
475 3009 594 3077 Gomiti
611 3010 652 3077 oh
669 3009 819 3094 preolara
844 3008 989 3092 insignia
1014 3007 1202 3076 meritorum
1227 3029 1285 3077 oex
1310 3031 1416 3078 naues
1536 3069 1537 3078 ,

285 3115 438 3188 soliferae
455 3136 552 3204 super
568 3115 734 3184 Morisium
751 3135 850 3202 snper
866 3115 982 3182 eadem
998 3116 1219 3183 oonoeosimns
1244 3117 1416 3206 libertate,
1536 3109 1537 3118 ’

270 3247 349 3312 ⁴que
365 3245 466 3293 nunes
481 3225 651 3310 Egrienoio
668 3223 814 3290 Eooleeie
831 3223 884 3291 vel
901 3221 1087 3291 Bietrieneis
1102 3219 1225 3291 habere
1242 3223 1416 3304 dinosonn-
1536 3295 1537 3298 ,

283 3342 347 3415 tur,
365 3338 401 3400 ut
416 3330 571 3400 videlicet
587 3335 651 3398 tres
668 3331 739 3398 vias'
754 3331 789 3396 in
805 3350 892 3396 anno
918 3329 1043 3396 faciant
1067 3327 1164 3398 eundi
1181 3339 1229 3398 'et
1258 3329 1416 3400 redeundi
1536 3325 1537 3394 ζ

283 3444 410 3526 absque
425 3437 657 3524 impedimento
675 3439 729 3504 uel
740 3437 1012 3524 oontredieoione,
1024 3437 1258 3521 perMorieium
1269 3437 1416 3507 habeant
1536 3489 1537 3494 η

283 3550 482 3632 facultatem,
499 3547 541 3611 ab
558 3546 646 3613 omni
671 3544 846 3612 exaooione
872 3545 1064 3612 tributorum
1089 3545 1221 3632 penitus
1246 3547 1417 3629 ahsolute;
1536 3543 1537 3568 ³

284 3667 316 3724 et
333 3659 375 3723 de
390 3673 584 3739 quaeunque
600 3653 781 3721 solitudine
797 3653 957 3720 noluerint
967 3653 1054 3720 sales
1064 3653 1265 3721 necessarios
1277 3653 1414 3721 ualeant

284 3782 474 3848 eomparare
490 3762 599 3848 preoio
615 3765 787 3848 persoluto.
1486 3746 1491 3756 '

391 3871 605 3937 Attendentee
622 3873 726 3937 eoiam
743 3869 911 3937 fidelitatis
938 3869 1145 3937 indeciduam
1177 3871 1412 3956 oonatanoiam,

284 3997 382 4062 quam
398 3977 492 4044 nobis
508 3985 540 4044 et
556 3978 668 4060 Regno
684 3977 744 4042 Th.
764 3976 878 4046 Oomee
898 3977 1124 4045 fauorabiliter
1140 3977 1172 4042 in
1189 3979 1337 4046 omuibus
1358 3999 1415 4045 ex-

281 4085 397 4170 hibuit,
416 4086 533 4152 intiutu
551 4083 620 4150 eius
635 4084 739 4150 fidelis
755 4085 897 4173 seruieij,
923 4105 960 4152 ao
976 4085 1125 4169 grauium
1142 4085 1311 4152 uulnerum
1337 4106 1415 4155 suo·

282 4213 363 4278 rum,
381 4211 443 4274 que
460 4211 517 4278 pro
534 4193 628 4259 nobie
645 4193 679 4258 in
696 4192 816 4258 Rueeia
831 4213 951 4279 passus
969 4202 1028 4278 eet,
1054 4193 1087 4257 in
1114 4193 1415 4264 remuneracionem
1536 4207 1537 4214 ’

280 4299 430 4366 laborum
446 4319 576 4366 suorum
595 4301 681 4367 dioto
698 4301 758 4366 Th.
776 4301 893 4366 Comiti
911 4309 943 4368 et
960 4300 1133 4368 heredibus
1150 4303 1220 4367 euin
1236 4302 1305 4369 iure
1337 4322 1415 4387 per·
1536 4287 1537 4292 ἵ

267 4415 376 4490 gpetuo
393 4407 589 4475 contulimus
606 4407 770 4490 quamdam
786 4415 905 4476 terram
917 4417 949 4476 et
959 4409 1120 4496 piscinam
1131 4407 1262 4477 nomine
1274 4407 1415 4478 Sowala

268 4511 322 4577 ud
340 4511 535 4581 comitatum
552 4515 788 4600 Volooyennem
805 4517 1030 4604 pertinentem,
1057 4517 1151 4586 oertie
1169 4514 1263 4584 metis
1294 4537 1314 4582 a
1347 4519 1414 4584 eir·
1536 4507 1537 4588 t
