3078 5128
662 260 822 360 *aaa*

176 472 244 518 rum
262 449 467 518 ostendentes
483 453 758 537 commissionem,
774 473 870 536 quam
887 451 1067 518 habuerant
1083 471 1181 539 super
1196 451 1257 518 hoc
1272 451 1305 516 in

176 559 257 626 bunc
274 559 428 626 modum:

279 667 373 735 Anno
416 669 655 736 incarnationis
687 668 818 736 Domini
861 669 1032 736 millesimo
1078 647 1302 735 ducentesimo

173 778 339 843 tricesimo
370 777 522 860 secundo,
550 777 728 844 indictione
746 777 869 862 quinta,
887 778 1006 843 mensis
1023 776 1170 842 ianuarii
1189 775 1303 842 tercio·

173 885 296 952 decimo
328 883 383 950 die
415 886 569 953 intrante.
603 885 672 952 Nos
704 884 834 970 quidem
867 884 972 950 Jurati
1004 885 1139 954 Judices
1170 885 1304 969 Ragusii

172 993 353 1060 Civitatis:
385 993 551 1060 Johannes
584 991 746 1077 Gundule,
779 991 954 1058 Gervasius
984 992 1114 1077 Marini,
1155 991 1303 1060 Andreas

173 1103 338 1188 Dabrane,
354 1102 504 1168 Mothous
521 1102 667 1186 Bobatie,
684 1103 841 1168 Bubanna
858 1101 964 1183 Petri,
982 1107 1014 1166 et
1031 1121 1089 1167 nos
1100 1100 1304 1167 Consiliarii:

173 1211 356 1276 Damianus
374 1209 528 1295 Boeincli,
543 1209 673 1276 Balatia
691 1207 852 1296 Gerrasii,
876 1207 988 1274 Petrus
1005 1207 1191 1294 Ballislave,
1219 1209 1303 1274 Tho·

173 1339 241 1386 mas
257 1320 394 1402 Pezane,
425 1317 590 1384 lohannes
623 1317 764 1402 Lampri,
787 1323 817 1384 et
835 1323 970 1384 cunctus
986 1317 1123 1402 populus
1149 1317 1297 1400 Ragosii.

172 1425 427 1494 committentes
439 1425 667 1492 committimus
692 1444 832 1508 namque
847 1424 951 1511 vobis,
968 1425 1101 1490 Binzole
1112 1423 1256 1490 Bobecie
1273 1431 1305 1488 et

174 1535 335 1602 Gervasio
368 1534 546 1620 Naymerii,
578 1532 740 1600 nobilibus
773 1533 862 1618 viris,
889 1531 1076 1600 concivibus
1108 1537 1139 1596 et
1171 1531 1297 1596 nuntiis

177 1643 305 1724 nostris,
340 1649 373 1708 et
404 1642 535 1726 plenam
568 1642 717 1708 virtutem
735 1647 766 1706 et
782 1641 1036 1707 commissionem
1054 1647 1086 1705 et
1111 1643 1303 1725 potestatem

174 1751 269 1820 vobis
286 1749 410 1835 damus,
426 1759 460 1817 ut
493 1755 594 1816 totum
625 1748 770 1816 ordinem
788 1756 820 1814 et
837 1753 979 1835 pactum,
996 1769 1059 1833 que
1077 1747 1243 1834 pronubis
1271 1753 1303 1811 et

175 1881 231 1948 pro
264 1865 375 1927 nostra
409 1859 549 1926 Ciuitate
580 1858 718 1941 Rugusii
743 1857 892 1948 ,feceritis
924 1877 994 1924 cum
1028 1839 1159 1924 domino
1191 1863 1303 1922 nostro

175 1969 297 2035 Jacobs
332 1966 515 2052 Theupulo,
547 1965 721 2050 Magnifice
737 1965 827 2032 Duce
845 1964 1068 2049 veneciarum,
1096 1966 1187 2031 firma
1204 1963 1303 2033 habe-

176 2078 282 2145 bimus
298 2077 547 2161 imperpetuum.
566 2075 633 2152 Hec
650 2080 757 2140 autem
775 2079 866 2138 carta
881 2073 969 2139 nullo
985 2071 1169 2139 testimonio
1196 2071 1301 2156 rumpi

177 2186 286 2270 possit.
311 2183 381 2266 Ego
414 2189 521 2248 autem
539 2181 697 2267 presbiter
713 2180 859 2247 Pascalis
878 2186 910 2246 et
935 2177 1119 2244 Communis
1148 2178 1304 2245 Notarius

149 2319 152 2326 ·
178 2292 309 2359 duratus
326 2310 366 2356 ex
384 2309 543 2356 consensu
559 2297 592 2356 et
608 2289 799 2356 laudatione
825 2287 1076 2374 prescriptorum
1093 2285 1245 2352 Judicum
1272 2293 1304 2352 et

180 2398 443 2465 Consiliariorum
460 2405 492 2463 et
508 2397 614 2464 cuncti
632 2395 743 2482 populi
768 2396 926 2480 Regusini
943 2394 1069 2482 scripsi,
1094 2394 1253 2478 complevi
1272 2401 1303 2460 et

181 2506 328 2574 roboravi
344 2506 414 2573 hcc.

284 2613 394 2691 Quare
435 2614 539 2680 dictus
581 2613 732 2682 dominus
768 2615 842 2680 Dux
883 2613 926 2678 ad
966 2611 1153 2696 petitionem
1196 2631 1304 2678 eorum

180 2722 412 2810 condescendit,
429 2729 461 2789 et
487 2722 696 2790 concordiam
724 2729 756 2789 et
782 2730 914 2808 pactum
942 2740 1043 2804 usque
1060 2720 1101 2787 nd
1117 2727 1182 2788 tres
1199 2741 1304 2788 annos

182 2836 212 2897 et
226 2836 349 2897 tantum
366 2829 451 2915 plus,
468 2836 624 2912 quantum
652 2830 802 2897 voluntas
828 2828 948 2896 domini
975 2829 1076 2895 Ducis
1092 2827 1303 2896 Veneciarum

184 2937 286 3022 fucrit,
318 2937 404 3003 inter
419 2942 589 3021 utramque
605 2944 730 3022 partem
747 2937 859 3004 initum
875 2944 925 3003 est
941 2943 972 3003 et
988 2936 1147 3002 firmatum
1165 2937 1199 3001 in
1216 2937 1300 3002 hunc

183 3045 325 3112 modum:
358 3045 426 3111 Nos
465 3047 711 3128 Ragusanorum
738 3045 842 3112 nuntii
868 3045 1021 3130 iamdicti,
1045 3064 1103 3129 pro
1130 3042 1305 3110 Commune

182 3149 326 3220 Ciuitatis
353 3161 462 3220 nostre
487 3153 682 3238 transmissi,
705 3174 725 3218 a
750 3173 814 3236 quc
830 3151 893 3218 fuit
908 3150 1046 3237 provida
1062 3148 1304 3218 deliberacione

181 3261 349 3348 inventum,
376 3281 434 3346 pro
464 3281 501 3327 eo
527 3261 613 3344 quod
630 3267 713 3335 terre
739 3265 848 3328 nostre
872 3259 1000 3326 videtur
1024 3258 1199 3344 plurimum
1220 3257 1303 3326 fruc-

183 3381 332 3454 truosum,
364 3369 450 3454 quod
466 3369 680 3437 veneciarum
705 3369 850 3437 dominio
867 3367 1087 3454 subderemus,
1104 3367 1252 3454 petimus,
1270 3372 1304 3432 ut

181 3479 268 3546 nobis
285 3480 328 3546 ad
344 3482 543 3546 voluntatem
569 3486 710 3546 vestram
728 3478 883 3545 Comitem
899 3477 1093 3545 concedatis.
1121 3476 1190 3541 Hec
1207 3476 1304 3562 eninr,

183 3609 242 3670 que
260 3589 466 3656 continentur
481 3587 628 3676 inferius,
655 3588 722 3654 vult
738 3595 826 3654 terra
842 3593 954 3654 nostra
968 3585 1107 3671 Ragusii
1122 3584 1305 3651 observare.

184 3697 335 3782 Ragusini
369 3717 496 3784 semper
523 3696 812 3781 Archiepiseopum
846 3697 965 3780 eligent
996 3695 1036 3762 de
1079 3693 1238 3778 Vencciis,
1273 3702 1306 3759 et

183 3805 341 3873 habebunt
373 3829 394 3872 a
427 3804 537 3872 Gradu
569 3803 723 3872 videlicet
763 3825 864 3889 usqne
895 3800 1000 3889 Caput
1030 3801 1179 3887 Aggeris.
1211 3803 1250 3866 llt
1276 3801 1302 3866 si
1401 3825 1404 3832 ·

183 3910 326 3981 dominus
357 3914 433 3980 Dux
464 3933 484 3977 a
516 3912 643 3978 domino
677 3913 766 3997 Papa
782 3911 902 3995 poterit
918 3911 1073 3999 optinere,
1090 3907 1174 3992 quod
1193 3908 1301 3974 Archi-

184 4020 386 4106 episeopatus
397 4021 531 4104 Ragusii
542 4021 704 4086 Gradensi
717 4019 865 4086 Ecclesia
875 4023 1082 4106 supponatur,
1093 4019 1161 4084 eius
1179 4015 1306 4082 electio·

183 4148 252 4194 nem
278 4129 510 4216 presentabant
537 4128 666 4195 domino
683 4127 872 4196 Patriamhe
905 4127 1076 4214 Gradensi,
1094 4123 1304 4194 confirmatio-

184 4256 252 4302 nem
285 4238 451 4304 electionis
483 4237 708 4322 postulantes;
742 4245 774 4302 ct
805 4235 1047 4302 confirmatione
1074 4234 1172 4319 facta,
1199 4231 1306 4298 veniet

186 4346 301 4412 electus
318 4345 360 4412 ad
379 4342 496 4410 Sedem
523 4345 791 4429 Patriarelralem,
818 4353 849 4410 et
864 4343 1136 4410 consecrationem
1154 4343 1193 4407 de
1208 4361 1305 4407 manu

187 4472 242 4516 sua
259 4453 408 4538 accipiet,
428 4452 588 4535 facietque
604 4453 633 4517 ei
650 4451 847 4534 fidelitatem,
866 4450 1081 4518 reverentiam
1101 4457 1134 4514 et
1155 4448 1305 4516 obedien·

187 4560 257 4625 tiam
290 4559 436 4626 debitam
469 4561 499 4628 ei
531 4559 684 4626 exhibere
716 4559 912 4645 promittens.
946 4560 1099 4626 Preterea
1128 4555 1308 4641 statuimus,
