3078 5128
760 251 921 357 Q

277 467 348 522 mus
365 453 514 542 respectu
530 469 639 521 eorum
655 469 718 537 qus
734 450 843 520 iacere
859 447 1070 540 intendimus,
1103 445 1266 537 quendam
1282 453 1426 520 terram

277 559 383 629 Casiri
399 560 524 641 Quszdi
540 559 700 648 Woyalou
717 567 875 646 vocatam,
907 559 1001 628 sitam
1018 559 1053 627 in
1069 559 1231 628 comitatu
1247 561 1287 628 de
1302 561 1428 636 Bara-

276 689 328 752 na,
360 667 508 738 dedimus
525 677 556 737 et
572 669 766 738 donauimus
781 669 940 754 Magistro
972 669 1144 736 Ambrosio
1175 668 1264 736 fideli
1293 675 1425 736 nostro

276 783 432 862 perpetue
447 775 676 864 possidendam
709 785 740 844 et
772 777 965 865 habendam,
998 778 1128 845 nemine
1152 777 1427 863 contradicente,

276 885 477 971 perfidelem
502 893 647 955 nostrum
679 884 834 952 Comitem
865 883 1067 972 Stephanum
1100 885 1143 953 de
1172 885 1269 952 Alma
1299 886 1427 970 ipsum

277 992 437 1062 introduci
454 992 622 1062 iacientes.
648 991 746 1062 Culus
779 993 916 1083 termini,
949 994 1223 1079 quemadmodum
1249 994 1426 1080 inspectis

277 1099 396 1168 litteris
413 1099 555 1186 Capituli
573 1103 737 1188 Albensis,
749 1099 802 1168 cui
819 1102 1093 1190 commiseramus,
1112 1102 1336 1182 canuouimns,
1351 1101 1424 1168 hoc

278 1208 398 1276 ordine
416 1209 658 1295 distinguntur:
677 1209 784 1276 Prima
802 1215 889 1276 meta
906 1209 1107 1292 egreditura
1138 1209 1277 1293 quodam
1308 1207 1426 1276 fluuio

277 1315 493 1384 Sebesnilaka
530 1327 668 1402 vocato,
710 1323 741 1386 et
781 1318 884 1384 tendit
922 1317 965 1383 ad
1003 1321 1114 1404 partes
1152 1317 1331 1384 orientales
1381 1317 1421 1380 in

280 1443 396 1507 magno
412 1425 534 1511 spacio,
561 1431 594 1492 et
610 1425 775 1508 egreditur
790 1423 834 1492 ad
865 1422 1027 1510 quoddam
1058 1423 1191 1491 fluuium
1224 1423 1425 1510 Slhupurca

277 1538 425 1599 vocatum
443 1539 782 1618 transeuntemaqua
810 1538 886 1601 suni
916 1533 979 1599 duc
1009 1539 1097 1600 mele
1127 1538 1241 1617 terrae,
1272 1532 1307 1598 in
1343 1531 1423 1597 alia

278 1646 365 1704 ructa
381 1647 430 1706 est
446 1643 540 1707 arhor
557 1640 638 1726 piri,
665 1640 742 1706 inde
758 1639 924 1726 egreditur
941 1640 984 1706 ad
1001 1641 1096 1706 linem
1114 1640 1193 1707 ville
1220 1640 1419 1707 Varalhulh

277 1745 407 1813 domine
423 1747 517 1831 dicte,
535 1748 590 1816 ubi
607 1756 683 1815 suut
700 1758 807 1816 erecte
823 1748 885 1817 due
902 1755 986 1814 mete
1002 1753 1116 1834 terreo,
1146 1749 1179 1812 in
1196 1747 1314 1831 quihus
1331 1755 1422 1814 suunt

278 1862 346 1922 tres
363 1857 495 1923 arbores
514 1855 679 1942 vulgariter
703 1859 860 1934 harastsc
883 1853 990 1938 dicte;
1016 1855 1133 1922 deinde
1164 1855 1333 1940 egreditur
1368 1853 1418 1918 ad

278 1969 389 2051 portes
405 1963 636 2032 meridionales
652 1963 697 2032 ad
713 1972 818 2032 melas
834 1971 957 2032 terreas
975 1963 1057 2029 duas
1076 1967 1142 2030 lusci
1158 1961 1244 2051 (lgy)
1270 1963 1420 2032 distinc-

278 2073 387 2138 oiones
403 2078 436 2137 et
452 2089 652 2156 progressus,
684 2078 796 2140 tenent
811 2078 929 2138 metam
946 2091 1018 2136 cum
1036 2078 1124 2137 terra
1139 2068 1275 2137 Comitis
1310 2072 1418 2137 Narra

278 2178 336 2264 filij
353 2179 482 2262 Pousa;
507 2177 626 2246 abhinc
642 2185 750 2245 autern
768 2176 964 2264 protendens
983 2175 1107 2244 directe
1123 2179 1165 2245 ad
1181 2185 1294 2264 parles
1310 2181 1415 2245 meri-

276 2283 424 2354 dionales
440 2284 484 2352 ad
500 2285 581 2353 duas
599 2292 702 2352 metas
718 2291 853 2366 terreus,
870 2286 923 2352 vbi
947 2291 1035 2352 tenet
1064 2293 1183 2353 metam
1215 2307 1286 2352 cum
1320 2295 1416 2354 terra

277 2391 422 2478 Capituli
439 2391 814 2478 Quinqueecolesieusis3
838 2393 959 2460 abhinc
985 2399 1094 2460 autem
1125 2393 1329 2462 descendens
1363 2395 1413 2462 ad

275 2507 386 2586 partes
404 2501 625 2569 occidentales
640 2502 777 2570 veniens
792 2501 837 2566 ad
869 2500 950 2566 duas
982 2505 1084 2567 metas
1117 2507 1259 2586 terreas3
1284 2501 1415 2571 deinde

277 2607 444 2695 paululum
463 2609 641 2694 procedens
657 2609 806 2696 peruenit
822 2608 865 2675 ad
882 2607 1047 2692 quoddam
1063 2603 1196 2676 ll'uuium
1212 2609 1413 2695 Stegeuma-

276 2717 356 2784 laha
371 2723 544 2801 vocatum3
568 2717 756 2803 peruenitur
772 2737 836 2785 non
853 2719 887 2784 in
905 2737 1023 2802 magno
1039 2719 1151 2803 spacio
1168 2717 1200 2784 in
1217 2718 1332 2784 codem
1349 2719 1416 2786 flu·

276 2823 341 2913 uic,
356 2824 411 2892 vbi
428 2831 561 2909 separat
577 2833 610 2892 et
627 2825 778 2910 distingit
805 2845 826 2891 a
858 2832 944 2892 terra
975 2825 1121 2910 Capituli
1152 2826 1414 2910 Quinquceccle-

276 2933 410 3018 elensis,
434 2939 641 3002 transeuntes
658 2940 768 2999 aulem
784 2933 890 3018 ipsum
907 2933 1049 3000 riunlum
1064 2932 1108 2998 ad
1124 2933 1207 3001 duas
1224 2942 1329 3001 metas
1345 2942 1413 3002 ter·

277 3061 351 3109 reas
367 3041 401 3106 in
417 3041 701 3108 commetancitate
717 3041 806 3107 Petri
823 3039 880 3125 filij
908 3039 1035 3124 Zadur;
1058 3039 1179 3106 deinde
1204 3040 1412 3110 descendens

276 3148 319 3216 ad
336 3155 445 3234 partes
461 3148 744 3234 septemtrionales
762 3169 824 3214 non
842 3149 876 3215 in
894 3147 1019 3215 modico
1030 3147 1196 3232 spacioad
1208 3148 1288 3215 duas
1300 3157 1412 3218 metas

275 3265 409 3340 terreas,
428 3253 482 3321 uhi
497 3259 586 3322 tenet
602 3261 720 3322 metam
739 3275 810 3321 cum
830 3256 926 3323 Petro
942 3256 1010 3322 filio
1026 3255 1136 3324 Zadur
1147 3255 1333 3340 antedict03
1349 3262 1411 3325 ab·

275 3365 351 3431 hinc
366 3362 409 3430 ad
425 3361 508 3430 duas
525 3369 629 3430 metas
645 3364 679 3430 iu
696 3382 815 3446 magno
832 3365 964 3449 spaeic;
988 3363 1106 3431 deinde
1137 3364 1332 3450 peruenitur
1363 3367 1411 3434 ad

275 3471 409 3538 fluuium
426 3471 570 3556 Soporoa
586 3470 800 3556 sepedictum,
816 3472 955 3539 tendens
972 3477 1005 3538 et
1019 3471 1413 3557 circumdansperueniet

277 3576 321 3645 ad
336 3583 454 3644 metm
471 3577 644 3662 ospitalem
661 3578 714 3644 vel
730 3577 881 3664 priorem,
897 3579 1008 3663 ibique
1023 3579 1221 3647 terminatur.
1238 3581 1281 3647 vt
1298 3587 1411 3648 autern

276 3685 337 3752 hec
352 3707 373 3751 a
388 3684 482 3750 nohis
498 3683 587 3751 facta
604 3683 743 3753 donacio
760 3706 816 3753 seu
832 3685 970 3754 collaoio
988 3686 1084 3754 robor
1094 3687 1240 3771 optineat
1250 3695 1411 3774 perpetus

280 3791 456 3877 firmitatis,
482 3809 543 3857 noc
558 3791 661 3877 possit
677 3793 719 3858 ab
736 3793 847 3877 aliquo
863 3813 1016 3878 processu
1034 3800 1213 3879 temporum
1231 3793 1265 3860 in
1280 3794 1410 3864 irritum

276 3899 432 3987 reuocari,
447 3907 616 3988 presentes
633 3901 851 3968 concessimus
868 3903 998 3969 litteras
1014 3901 1176 3988 dupplicis
1187 3899 1290 3986 sigilli
1306 3904 1411 3970 nostri

275 4007 455 4075 munimine
471 4009 650 4076 roboratas.
667 4010 789 4076 Datum
807 4029 892 4075 anno
909 4010 951 4076 ab
968 4009 1346 4079 lucarnacicueDomlni
1358 4013 1411 4079 Mt

275 4115 497 4183 ducentesimo
513 4115 764 4202 quadragesimo
780 4124 907 4203 quarto,
939 4117 1040 4184 tercio
1067 4116 1229 4186 kalendas
1256 4118 1411 4189 Octobris

274 4224 379 4309 Regni
396 4231 504 4292 autem
522 4225 624 4293 nostri
640 4247 725 4294 auno
745 4232 874 4294 octauo.

276 4369 374 4446 (Garsi
391 4371 495 4422 Miklds
513 4371 660 4424 uddoruak
682 4374 792 4424 laci-ki
811 4373 879 4425 itdlc
899 4375 1042 4441 levelebdl,
1064 4374 1184 4430 abudai
1202 4375 1255 4426 hir.
1275 4373 1411 4430 kamarai

744 4461 940 4530 levdltrlrbam.)
1035 4526 1037 4533 ,
