3150 5162
582 387 742 490 gar—

100 593 162 656 stro
194 583 485 671 Viae-Gauoeliarij
518 605 603 652 anno
634 585 766 653 Domini
796 583 972 654 millesimo
1005 583 1227 654 ducentesimo

101 694 365 782 quinquagesimo
381 693 520 777 septimo
531 694 604 760 XV.
615 693 775 762 kalendas
786 694 991 780 Nouembris,
1004 694 1107 781 Regni
1118 699 1227 762 autern

100 806 197 873 nostri
215 824 301 871 anno
317 801 476 887 vigesimo
492 803 601 870 ternio.

102 1003 241 1062 OErsdetis
268 1001 455 1066 burhartytn,
483 1003 602 1066 melyrttl
630 1017 647 1052 a
666 1001 760 1066 kirtly
779 1001 873 1053 ketto's
893 998 1072 1066 psesetjenek
1092 999 1226 1050 teredone

101 1094 355 1160 voris-sargazitld
375 1093 614 1156 selyemzsinoron
633 1093 712 1158 fiigg,
745 1107 763 1142 a
792 1091 880 1142 budai
911 1093 965 1143 kir.
994 1091 1122 1142 kamarai
1140 1090 1226 1141 level-

105 1187 208 1237 turbam
248 1183 364 1236 Bantinos
383 1181 497 1234 hibu'aval
514 1183 618 1233 kiadva
640 1181 770 1245 Pejornel
789 1179 854 1233 Ood.
875 1181 950 1247 Dipl.
970 1183 1019 1236 1v.
1039 1182 1099 1234 kut,
1120 1185 1142 1231 2.
1162 1179 1225 1232 raaz

590 1275 649 1322 418.
669 1273 736 1335 lap.)

623 2133 699 2202 304.

103 2335 123 2394 Ι
128 2335 160 2398 V.
176 2335 261 2400 Boia
276 2335 387 2419 kircily
403 2334 568 2418 readeteto,
582 2333 726 2420 aaelylyel
741 2330 828 2399 Ceut
842 2341 965 2398 matera
982 2329 1220 2398 Ger-zeutam-

106 2441 191 2527 πόδε
206 2441 307 2525 solda,
323 2447 407 2528 hoyy
423 2465 443 2505 a
459 2439 695 2526 kindigiociatol
702 2440 893 2526 joqtataaait
903 2439 1115 2526 elidegeaa'tett
1122 2441 1221 2525 java-

311 2549 368 2615 kar
383 2550 486 2614 athon
501 2548 593 2615 iamet
608 2547 890 2636 warahamum.
909 2547 1007 2616 1257.

201 2746 281 2814 Bela
295 2743 357 2810 Dei
389 2741 502 2829 gracia
530 2741 707 2830 Hungarie,
732 2743 912 2836 Dalmatio,
944 2742 1083 2832 Oroatia,
1108 2745 1219 2831 Rama,

105 2849 219 2940 Seruio,
249 2851 399 2937 Galliois,
431 2849 632 2938 Lodomorie,
658 2850 879 2935 Comanieque
894 2853 961 2941 Rex
977 2853 1127 2946 omnious
1143 2874 1217 2938 pro-

104 2977 172 3026 sens
186 2959 341 3047 seriptum
357 2958 553 3045 inspeoturir
570 2959 709 3026 salutem
741 2957 774 3024 in
803 2959 941 3026 Domino
973 2961 1216 3046 sempiternam.

105 3063 201 3134 otuoii
245 3065 347 3135 nostri
387 3066 531 3134 debitum
563 3085 623 3134 uos
655 3073 816 3134 ammonet
847 3067 1024 3151 invigilare
1054 3067 1217 3152 remediIs,

93 3174 304 3259 *subditorum
320 3174 377 3259 qui
394 3173 470 3240 dum
487 3193 598 3241 eorum
615 3174 796 3240 excutimus
812 3175 943 3261 honera,
962 3174 1037 3240 dum
1059 3174 1218 3242 seandala

105 3301 306 3370 removemus,
322 3301 381 3378 nos
398 3282 432 3348 in
447 3281 592 3367 ipsorum
609 3281 718 3366 quiete
734 3279 929 3366 quiescimus
947 3287 979 3349 et
994 3283 1087 3367 panis
1105 3302 1214 3350 eorum

106 3391 258 3458 commodo
268 3389 478 3475 gratulamur.
490 3388 631 3456 Proinde
642 3387 684 3456 ad
695 3388 914 3456 universorum
934 3387 1215 3456 noticiamharum

107 3497 180 3564 serie
194 3499 341 3566 uolumus
356 3498 525 3583 pervenire
541 3523 548 3564 :
565 3495 651 3580 quod
661 3515 731 3561 orum
743 3502 816 3581 post
831 3515 991 3563 recessum
1008 3498 1216 3564 Tartarorum

108 3603 144 3669 ad
166 3606 325 3690 quoslibet
341 3603 517 3672 Comitatus
534 3624 592 3688 pro
608 3603 800 3670 revocandis
816 3603 939 3670 iuribus
956 3603 1061 3671 Castri
1077 3603 1221 3672 indebite

110 3713 273 3800 aucupatis,
302 3711 448 3779 diversos
465 3709 589 3777 iudices
605 3710 814 3796 misissemus,
831 3711 915 3777 iuter
931 3717 1040 3778 oetera
1055 3711 1098 3778 ad
1115 3712 1219 3779 Comi·

111 3823 200 3886 tatum
216 3817 256 3886 de
273 3815 461 3886 Gerzenohe
486 3816 612 3884 fidelem
628 3823 772 3884 nostrum
789 3816 981 3902 Magistrum
1007 3818 1095 3886 Ohao
1126 3819 1219 3886 Ensi-

108 3922 197 3993 terum
213 3925 363 3994 duximus
379 3922 672 4010 transmittendum,
689 3925 803 3993 dantes
821 3925 883 3992 sibi
899 3927 932 3992 in
951 3925 1122 4013 mandatis,
1141 3935 1176 3996 ut
1187 3935 1219 3994 et

108 4037 197 4103 terras
213 4055 253 4101 ao
268 4035 337 4101 alia
352 4035 424 4100 iura
440 4033 546 4100 Casiri
562 4032 730 4100 memorati
762 4031 906 4100 indebito
937 4039 1097 4120 oooupata
1126 4053 1217 4102 revo-

109 4140 174 4225 cari,
200 4149 233 4209 et
262 4141 470 4224 iouagionum
495 4140 601 4208 Castri
619 4144 723 4208 terras
739 4160 844 4227 super,
864 4140 980 4225 quibus
996 4161 1062 4209 non
1079 4148 1128 4209 est
1143 4163 1217 4210 oon·

109 4247 204 4337 tenio,
221 4255 254 4316 et
269 4268 352 4333 quas
368 4268 389 4313 a
405 4247 523 4315 Castro
539 4247 695 4316 haetenus
712 4249 847 4332 panitiae
872 4255 1054 4334 tonuerunt,
1070 4268 1091 4314 a
1122 4249 1217 4316 toruis

110 4354 308 4424 caunensium
332 4354 537 4442 reambulari,
564 4361 596 4423 et
612 4356 736 4424 eisdem
752 4356 978 4441 iobagionibus
997 4354 1101 4423 castri
1117 4377 1220 4425 novas

110 4468 207 4549 motas,
222 4467 326 4533 metas
343 4464 435 4530 iuxta
451 4470 578 4531 veteres
595 4463 767 4552 elevando,
798 4485 839 4532 ne
853 4469 958 4533 cetero
991 4464 1117 4547 questio
1147 4486 1215 4532 mo·

110 4567 168 4632 veri
194 4577 306 4656 posset
337 4571 541 4656 aliquatenus
566 4571 606 4638 do
623 4571 753 4639 eisdem.
775 4571 880 4656 Igitur
895 4573 980 4640 siout
995 4571 1080 4638 idem
1097 4571 1218 4655 Magis·

111 4675 248 4746 terithao
264 4677 415 4766 posthae
444 4663 487 4745 ad
519 4697 579 4745 nos
608 4676 736 4746 rediens
767 4679 904 4748 retulit:
926 4685 1032 4749 terras
1063 4675 1222 4747 Gradista
