3098 5132
132 1061 238 1125 Walter
252 1061 392 1126 icor-leoli
401 1063 545 1148 ptlrp'ok,
561 1063 593 1126 er
609 1058 675 1124 m.
691 1057 821 1124 Henrik
837 1059 934 1148 onpol
949 1060 1059 1146 madly
1074 1061 1241 1128 kiioetertclc

126 1169 206 1232 ethra
218 1170 343 1233 intenti
350 1169 509 1254 jarentone,
526 1166 665 1254 melpben
682 1167 767 1232 cotti
792 1167 864 1234 ittet
881 1168 1049 1252 felcmlitr',
1080 1171 1162 1256 hopy
1193 1168 1239 1234 ΙΙ.

125 1275 221 1341 encre
234 1298 375 1362 mappar
390 1277 501 1362 ttrcty
518 1277 563 1340 II.
579 1275 719 1360 Frtpyee
735 1276 1107 1362 oedezdriroaictoeteepet
1117 1275 1242 1342 tudere

121 1383 300 1470 pyamekeik
324 1386 395 1450 toze
426 1388 618 1472 Meceedpot
642 1383 814 1451 eezktialcoc'
837 1385 1110 1471 eaptutrteocce.
1143 1386 1240 1450 1225.

220 1580 506 1650 Excellentissimo
522 1582 654 1649 domino
670 1600 728 1648 suo
744 1579 884 1648 Henrico
900 1581 961 1650 Dei
977 1580 1090 1667 gracia
1115 1580 1235 1650 Illuetri

120 1688 192 1772 Regi
207 1688 327 1772 Angiie
344 1689 407 1755 etb.
425 1687 620 1778 W(alterus)
638 1689 752 1757 eadem
778 1689 890 1772 gracia
914 1689 1139 1758 Karleolensis
1164 1689 1240 1774 Epi·

121 1815 229 1879 scopus
245 1799 307 1866 etb.
324 1799 386 1865 stb.
404 1795 554 1884 (terentes
572 1820 593 1864 a
608 1797 702 1864 nolui
719 1797 871 1864 eraekkel
887 1801 954 1866 volt
969 1797 1237 1886 ttrgyalaoarol.)

121 1905 184 1988 Hya
198 1905 319 1972 auditis
334 1909 487 1973 nuncium
505 1911 646 1974 vestrum
664 1905 694 1972 ei
712 1907 922 1990 exposuimus
938 1907 1084 1974 dieentes
1100 1907 1141 1988 ci,
1152 1907 1239 1991 quod

121 2031 174 2077 roo
188 2018 253 2078 tam
269 2011 310 2078 de
328 2013 499 2096 maritagio
526 2012 672 2098 corporis
698 2013 808 2097 vestri,
840 2032 937 2096 quam
971 2012 1089 2080 sororis
1121 2019 1238 2099 vestre,

122 2120 245 2188 consilio
261 2122 351 2188 iilius
367 2120 543 2208 parebitis;
566 2121 609 2187 ad
627 2121 712 2206 qnod
738 2119 916 2206 respondit,
940 2120 1112 2186 concilium
1143 2141 1235 2187 cuum

122 2245 194 2311 esee,
209 2235 244 2295 ut
259 2229 358 2294 talem
376 2235 547 2296 attentam
565 2228 766 2295 oblacionem
778 2227 974 2316 faceremus,
991 2227 1078 2311 quod
1089 2227 1238 2295 dominus

123 2333 292 2419 Imperator
307 2357 373 2402 non
389 2335 506 2403 debeat
522 2357 593 2404 eam
614 2337 798 2421 repudiare.
832 2335 923 2402 Dixit
939 2337 1042 2402 eciam
1058 2335 1236 2421 periculum

124 2461 186 2508 ecee
200 2444 232 2510 in
249 2465 361 2528 mora;
384 2445 454 2511 Rex
471 2446 556 2510 enim
581 2445 779 2512 Francorum
814 2465 967 2528 magnam
1001 2445 1173 2528 pecuniam
1206 2445 1238 2510 ei

122 2553 234 2638 optulit,
252 2559 289 2620 ut
305 2551 609 2620 confederationem
626 2551 682 2635 filij
702 2553 751 2618 eui
767 2549 899 2638 habeat,
917 2557 949 2617 et
978 2552 1149 2635 negocium
1182 2571 1237 2618 no·

123 2665 211 2726 strum
227 2660 400 2746 impediat.
424 2659 474 2726 Ex
489 2661 597 2726 altera
613 2667 706 2744 parte
723 2659 798 2726 Dux
818 2659 957 2728 Bauarie
972 2659 1061 2726 venit
1077 2679 1148 2725 cum
1169 2681 1236 2726 ma·

121 2767 200 2834 rina
216 2789 337 2853 pompa
353 2768 396 2836 ad
423 2767 619 2850 colloquium
645 2767 747 2852 Vimc,
775 2775 807 2833 et
831 2767 949 2853 optulit
974 2787 1031 2854 pro
1063 2768 1237 2852 maritagio

121 2871 179 2940 filie
193 2877 289 2960 Regis
315 2876 458 2962 Boemie,
476 2894 539 2958 que
555 2882 603 2942 est
619 2875 728 2960 neptis
744 2874 857 2961 ipsius,
872 2873 934 2940 XV
950 2875 1039 2940 milia
1055 2895 1236 2942 marcarum

122 2981 196 3048 vltra
214 2985 416 3050 oblacionem
434 2982 536 3050 XXX
551 2981 642 3048 mitia
659 3003 852 3066 marcarum,
868 3001 964 3068 quam
981 2983 1054 3068 ipse
1069 2986 1140 3052 Rex
1156 2985 1234 3050 Boc-

123 3090 279 3177 miepriue
297 3091 479 3175 obtulerat;
504 3091 563 3157 scd
579 3093 649 3157 Rex
675 3091 843 3156 Alemanie
874 3089 1042 3175 respondit
1076 3093 1116 3176 ei,
1147 3091 1234 3174 quod

119 3218 271 3284 nunquam
289 3220 361 3266 eam
388 3199 529 3267 duceret.
556 3199 708 3266 Preterea
740 3198 870 3286 adiecit,
904 3197 991 3284 quod
1014 3199 1103 3264 Rex
1127 3197 1234 3264 Hun-

119 3309 234 3390 garie
252 3308 339 3376 misit
354 3309 396 3375 ad
415 3310 579 3374 dominum
595 3307 835 3394 Imperatorem,
853 3313 885 3373 ct
902 3328 960 3392 pro
979 3307 1152 3390 maritagio
1169 3305 1228 3392 filij

118 3419 164 3480 soi
179 3418 288 3501 optulit
302 3418 333 3484 ei
352 3418 522 3502 pecuniam
539 3436 704 3501 magnam.
745 3417 820 3502 Ipse
851 3435 929 3482 vcro
961 3436 1025 3481 non
1057 3413 1136 3500 sitit,
1169 3415 1234 3480 nisi

117 3523 284 3606 pecuniam,
301 3533 335 3592 vt
352 3526 442 3590 iliam
475 3527 676 3608 accumulet3
703 3523 786 3591 vnde
817 3521 988 3610 consuluit,
1019 3529 1053 3588 vt
1081 3543 1140 3588 nos
1172 3523 1233 3588 sub

118 3631 319 3700 festinacione
346 3633 445 3698 talem
471 3631 676 3700 oblacionem
706 3631 899 3726 faceremus,
931 3649 1028 3715 quam
1061 3636 1233 3714 acceptare

117 3736 240 3806 deberet
253 3741 314 3806 otb.
332 3743 394 3807 atb.

117 3935 411 4003 (Huilhrd-Breholleo,
430 3939 556 3991 Historia
574 3940 766 4004 Diplomatica
784 3935 921 3988 Friderici
942 3937 1069 4002 Secundi,
1098 3943 1166 3989 tom,
1195 3941 1231 3990 11.

473 4047 499 4095 p.
521 4037 545 4081 2.
565 4031 643 4081 Paria
666 4035 742 4084 1852.
763 4033 822 4080 834.
843 4030 872 4092 l.)
