3150 5162
605 327 766 426 Q

114 541 254 606 qnorum
271 520 452 588 exercitata
467 521 614 604 probitas
630 521 767 588 laudata
798 527 848 589 eut
878 520 913 586 in
944 520 1103 602 aduersis,
1136 519 1264 587 maiori.

115 629 216 696 debet
231 627 387 713 prosequi
403 647 536 695 munero
553 635 584 696 et
600 627 732 712 tunore;
757 635 793 695 ut
809 627 958 714 exemplo
974 627 1088 694 talium
1106 623 1149 692 ed
1174 625 1253 694 fide·

115 735 222 803 litatis
239 753 341 821 opera
359 735 415 821 ctij
443 735 620 802 incitentur
649 742 681 802 ct
712 735 883 803 solleroins
915 733 1123 802 famulentur.
1166 733 1253 800 Hinc

118 851 169 909 est
183 843 294 928 igitur,
312 841 400 926 quod
416 843 640 910 uniuersorum
657 843 777 910 notioic
794 849 904 910 tenore
929 843 1134 928 presencium
1160 841 1253 908 uolu-

116 968 190 1014 mus
205 948 275 1015 tisri
292 947 511 1038 manifestum,
537 947 622 1034 quod
639 969 713 1016 cum
740 949 887 1016 Andreas
918 949 1006 1016 filins
1036 945 1173 1034 Obopou
1206 948 1249 1013 ab

116 1057 260 1124 incuntis
276 1058 377 1122 etatis
389 1075 448 1123 sne
463 1057 662 1142 temporibus
680 1077 810 1125 suorum
827 1057 1039 1124 seruiciorum
1050 1054 1173 1122 meritis
1184 1073 1251 1121 non

119 1163 263 1228 ultimam
281 1163 413 1231 laudern
429 1163 608 1248 optinuerit
622 1161 751 1248 ubique,
788 1163 891 1245 quiin
909 1161 1043 1229 introitu
1073 1167 1185 1228 nostro
1215 1161 1250 1226 in

116 1277 238 1334 terram
255 1267 355 1336 Stirie
370 1269 484 1336 subtus
501 1275 643 1337 castrum
661 1269 868 1355 Murumberg
883 1267 1048 1337 laudabile
1073 1267 1169 1335 nobis
1196 1287 1250 1334 ex-

120 1375 223 1441 hibuit
239 1377 436 1458 sernioium;
460 1396 520 1444 nos
536 1376 569 1441 in
586 1377 926 1462 recompensacionem
943 1376 1030 1442 illins
1047 1371 1181 1458 sernioij
1199 1373 1249 1439 sni

120 1489 150 1547 et
165 1482 317 1562 aliorum,
349 1502 482 1565 quornm
498 1483 686 1550 mennonium
706 1485 834 1568 tongum
851 1489 938 1550 esset
954 1483 1112 1564 recitaro3
1137 1498 1249 1562 quam·

121 1587 168 1653 nis
183 1593 295 1656 temen
313 1587 375 1656 beo
390 1595 540 1674 respectu
558 1589 670 1656 borum
687 1609 750 1672 qne
766 1589 875 1658 facero
901 1588 1098 1656 intendimus
1130 1585 1247 1673 eidem,

121 1693 253 1762 minima
270 1693 452 1782 uideantur,
469 1702 587 1763 terrum
605 1695 713 1763 castri
730 1696 938 1764 Zaladiensis
955 1697 1045 1764 Pcob
1057 1695 1197 1783 nominc,
1215 1696 1251 1760 in

123 1821 185 1884 qua
201 1809 387 1870 castrenses
403 1801 569 1891 pelliparij
589 1801 787 1887 residebunt,
805 1801 983 1871 auterendo
1000 1805 1041 1870 ab
1057 1804 1139 1889 ipsis
1158 1802 1250 1888 pelti·

121 1908 220 1992 purijs
235 1907 300 1994 ipsi
317 1909 450 1976 Antinoo
465 1909 545 1978 duta
560 1909 624 1976 tide
641 1930 713 1978 earu
744 1910 938 1979 utilitatibus
970 1917 1004 1977 ct
1034 1910 1249 1995 pertinencijs

123 2015 266 2084 eiusdem
283 2022 369 2082 terre
385 2015 578 2084 conserimus
595 2023 627 2084 ct
643 2017 801 2084 donamus
816 2019 850 2084 in
866 2017 949 2084 tilios
965 2017 1102 2084 filiorum
1134 2037 1249 2102 perpe·

123 2129 174 2188 tno
191 2123 273 2190 etin
300 2141 394 2190 ouum
420 2123 681 2191 inreuocubititer
712 2124 944 2210 possidendam
975 2123 1014 2188 de
1045 2122 1249 2209 plenitudine

121 2229 219 2314 Regio
235 2230 420 2313 potestatis.
461 2231 503 2295 Vt
518 2235 627 2296 antem
642 2229 738 2298 huius
754 2237 862 2298 nostre
878 2230 1067 2298 collacionis
1083 2237 1115 2296 et
1149 2227 1248 2296 dona·

123 2335 218 2403 otonis
244 2336 345 2403 series
377 2338 473 2404 robur
505 2337 651 2404 obtineat
683 2345 840 2424 perpetue
870 2338 1043 2420 firmitatis,
1074 2343 1243 2421 presentes

122 2450 247 2510 nostras
266 2444 392 2514 litteras
408 2444 513 2513 cidem
530 2445 726 2514 contutimus
742 2445 906 2534 dupplicis
921 2445 1024 2530 sigilli
1050 2445 1151 2512 nostri
1179 2465 1249 2512 mu-

125 2549 240 2617 nimine
255 2551 437 2620 roborstcs.
455 2553 575 2619 Datum
591 2572 677 2620 anno
693 2552 824 2619 Domini
840 2551 960 2620 ΜΘΟΟ0
976 2553 1248 2638 quinquagesimo

126 2676 214 2725 nono.

127 2852 180 2912 (IV.
199 2855 300 2906 Irtszlb
320 2855 470 2920 kirtlynek
492 2858 603 2907 rurs-ti
638 2857 808 2922 megerttsitb
827 2858 1093 2926 privileginnntucl,
1128 2863 1248 2915 abudai

480 2945 534 2996 kir.
553 2947 679 2996 kumurai
699 2945 894 3012 lenretttrucn.)

550 3233 818 3244 ...η-...-

650 3765 724 3832 323.

125 3961 227 4028 bicon
244 3957 348 4047 ifjcbb
363 3962 541 4048 kirulyucle
558 3961 665 4049 So'jtcr
699 3966 730 4028 e'c
760 3960 928 4047 Csceztnciy
960 3963 1152 4050 belyce'pcbet
1182 3967 1254 4027 teir*

218 4073 326 4159 pycuo
341 4071 529 4157 cdomc'uyc
547 4072 689 4156 ltejnotu
705 4073 736 4138 6⁸
753 4073 848 4138 Ponit
864 4075 1027 4137 cadurcino.
1052 4071 1149 4134 1259.

180 4270 282 4332 (Huzai
301 4269 477 4335 Okmtnytcr
496 4272 533 4322 11.
552 4269 610 4319 kur.
631 4273 655 4320 5.
675 4273 693 4321 1.
715 4269 853 4335 Veghelyi
871 4270 961 4320 Dozstt
980 4266 1182 4331 kbzismenyc.)

554 4469 819 4478 -.....---—-—-
