3098 5132
772 211 929 312 nae

286 409 424 497 primam
441 428 499 476 uos
513 405 714 495 retinuimus,
746 405 923 474 secundam
950 406 982 471 in
1014 405 1136 491 Soyget
1166 401 1344 472 lucauimus
1376 423 1426 471 ex
1533 425 1534 430 ¹

287 517 493 585 consciencia
525 515 662 582 Abbatis
694 513 780 581 Joau
811 522 843 581 et
874 514 1012 580 fratrum
1038 513 1117 580 eius.
1141 509 1235 580 Anno
1252 513 1294 579 ab
1311 513 1421 578 lucar·
1533 569 1534 578 ,

286 625 425 692 nacione
440 623 573 690 Domini
601 619 832 690 M⁰CO⁰XXV⁰
856 621 984 708 Epsota
1008 621 1050 686 X.
1081 629 1290 688 concurrente
1322 640 1427 706 super

287 731 451 800 communi
467 731 603 798 consilio
629 731 803 796 multorum
828 728 889 797 hee
914 735 1007 795 carta
1032 735 1083 796 est
1107 728 1280 814 assignato
1311 727 1425 796 VIIII.
1533 801 1534 806 ,

288 837 451 906 kalendas
467 841 589 907 mensis
602 837 762 926 Jaunsrij.

464 945 1231 1014 ABODEEGHIKL.

290 1147 431 1210 (Eredetie
462 1145 656 1210 uorntmysn,
689 1147 811 1211 melyrdl
849 1161 865 1196 a
892 1144 989 1209 peccet
1016 1142 1151 1194 turedeke
1179 1103 1423 1209 hdrtyazsinegen

522 1239 611 1304 ὥρας
631 1253 648 1287 a
666 1237 750 1323 budai
769 1237 822 1290 kir.
843 1237 972 1288 kamarsi
991 1235 1190 1300 levelttrban.)

819 1956 893 2026 lca.

290 2163 373 2228 Bata
398 2160 505 2248 effoth
531 2159 643 2244 leirdly
672 2157 821 2243 dizonyor
848 2181 908 2242 per
931 2156 1076 2242 folytu‘u,
1102 2157 1183 2242 mely
1208 2157 1294 2222 olott
1326 2158 1424 2224 Bisa-

291 2267 369 2334 trica
386 2271 418 2334 do
433 2265 549 2353 Saipet,
567 2289 588 2330 o
605 2265 723 2330 Dede-o
739 2269 771 2330 ds
788 2266 889 2329 Mara
904 2266 975 2330 ledat
992 2265 1094 2349 selred
1120 2264 1281 2350 helysdpek
1307 2264 1425 2330 Istocin

290 2375 428 2462 zdprdbi
439 2375 566 2460 pltspdlc
583 2371 752 2438 dirtokdbu
759 2373 920 2457 jotottolc,
936 2373 1034 2438 canok
1049 2392 1239 2458 appanowa
1265 2372 1426 2457 helyudpe-
1533 2381 1534 2388 ’

690 2480 739 2543 leet
755 2478 896 2544 cdaitc'li.
929 2475 1022 2544 1226.

400 2677 480 2743 Bela
503 2676 564 2742 Dei
595 2677 708 2760 gracia
737 2677 816 2764 Rex,
856 2676 1091 2762 primogenitus
1122 2677 1221 2760 Regis
1263 2675 1422 2766 ngaric,

292 2782 440 2850 omuibus
450 2803 583 2871 presens
599 2787 752 2869 scripturn
763 2785 956 2870 inspecturis
972 2785 1109 2853 salntem
1127 2791 1158 2850 et
1174 2783 1421 2852 omnebonum.

292 2891 344 2962 Ad
361 2891 580 2962 universorum
606 2892 760 2959 noticiam
792 2893 941 2960 volumus
972 2891 1158 2978 pervenire:
1184 2889 1424 2978 quodquidam

292 3001 423 3069 nomine
440 3000 577 3085 Egidius
593 3019 690 3085 super
707 3000 895 3085 privacione
911 3001 1076 3068 oculorum
1093 3001 1142 3067 sui
1159 3000 1268 3067 fratris
1286 3000 1418 3068 nomine

293 3109 419 3178 scilicet
435 3108 536 3192 Pauli,
554 3107 736 3192 Muterium‚
753 3108 855 3174 filium
872 3107 1022 3175 Moteriui
1040 3129 1149 3176 coram
1166 3108 1260 3175 nobis
1272 3107 1422 3194 inpeoiit‚

293 3235 390 3302 super
421 3237 484 3301 quo
516 3216 637 3283 dietum
669 3217 868 3284 Muteriuum
899 3238 971 3284 oum
1003 3216 1118 3284 eodem
1151 3217 1278 3301 egidio,
1305 3215 1423 3282 habito

287 3324 502 3408 jobagionum
533 3332 711 3392 nostrorum
745 3325 922 3392 concilicet
939 3346 1076 3395 assensu
1092 3327 1136 3392 ad
1152 3346 1290 3392 examen
1315 3323 1419 3392 duelli

293 3432 508 3499 iudicavimus
550 3433 786 3516 exequendum.
828 3435 869 3500 Et
908 3434 984 3519 quia
1016 3433 1121 3502 dietus
1153 3436 1335 3502 Muteriuus
1376 3433 1423 3498 ad

294 3541 465 3608 terminum
475 3541 656 3628 predictum
674 3563 738 3609 uon
754 3544 914 3610 venitnec
931 3543 1028 3621 misit,
1046 3544 1153 3627 ipsum
1171 3544 1205 3608 in
1222 3541 1275 3609 00
1299 3542 1419 3609 marcis

297 3655 364 3713 tum
396 3668 454 3734 pro
485 3646 673 3732 privacione
706 3649 879 3733 oculorum,
910 3655 976 3716 tam
994 3671 1053 3737 pro
1086 3651 1238 3737 dampnis
1270 3649 1424 3734 quesibi

296 3755 462 3838 intulerat,
479 3755 797 3841 condempnavimus.
824 3757 890 3824 Sed
907 3759 984 3840 quia
1000 3755 1120 3825 dilecto
1146 3778 1186 3826 ac
1201 3758 1291 3824 fideli
1306 3765 1420 3826 nostro

299 3863 454 3945 Magistro
501 3861 667 3948 Stephano
713 3865 928 3950 Eagrabieusi
973 3865 1133 3953 Episcopo
1163 3865 1332 3949 attinebat,
1379 3866 1426 3931 ad

296 3969 488 4054 peticionem
506 3972 608 4054 ipsius
626 3974 852 4056 commisimus,
869 3981 905 4039 ut
921 3974 1005 4040 iuter
1022 3994 1077 4041 eos
1094 3992 1208 4058 pacem
1225 3973 1420 4040 reformaret

297 4078 457 4145 leviorem.
484 4079 559 4164 Ipse
585 4087 695 4148 autem
718 4079 904 4168 Stephanus
930 4080 1112 4167 Episcopus
1141 4084 1239 4150 talem
1257 4084 1340 4148 iuter
1366 4102 1425 4150 cos

296 4205 411 4273 paoem
446 4186 652 4255 reformavit:
679 4195 714 4256 ut
740 4189 903 4274 predictus
929 4191 1110 4257 Muterinus
1146 4189 1335 4258 adversario
1363 4210 1424 4256 suo

295 4293 349 4362 GL
365 4316 491 4363 marcas
515 4299 726 4382 persolveret.
744 4299 783 4364 Et
800 4299 876 4381 quia
903 4320 966 4365 nou
983 4299 1099 4365 babuit
1115 4297 1199 4367 uude
1225 4303 1337 4384 posset
1353 4318 1426 4382 per·
1533 4339 1534 4346 κ

297 4403 433 4488 solvere,
449 4405 607 4490 prefatum
639 4406 835 4494 Episcopum
862 4427 970 4473 coram
999 4407 1159 4494 pristaldo
1190 4415 1301 4474 nostro
1319 4406 1423 4474 Chetc

299 4511 423 4580 Comite
458 4532 565 4579 coram
591 4515 700 4580 multis
725 4515 814 4597 aliis!
836 4514 1009 4600 diligenter
1035 4516 1170 4602 rogavit,
1198 4523 1233 4583 ut
1261 4517 1332 4602 ipsc
1365 4535 1428 4600 pro
1533 4585 1534 4588 ,
