3164 5154
652 950 704 1020 31.

120 1149 284 1218 Bessi-uui
302 1148 439 1234 Rapum
453 1149 628 1217 dalmatiai
644 1152 676 1215 e's
691 1151 841 1232 Rour'puo
861 1149 972 1213 intrr'ui
998 1153 1133 1218 ver-oron
1159 1151 1242 1247 '⁶³²4

632 1257 728 1324 1188.

223 1456 291 1522 Nos
317 1453 499 1523 hominibus
524 1454 565 1522 de
581 1453 720 1520 Rubinio
737 1453 872 1520 iacimus
888 1454 1075 1540 rescriptum
1093 1455 1134 1522 ‹le
1150 1475 1242 1524 reno·

123 1569 248 1634 rarione
264 1564 368 1651 pacis,
393 1563 478 1647 quod
505 1563 565 1630 suit
581 1563 664 1628 inter
679 1583 739 1630 nes
755 1569 787 1631 et
803 1562 986 1632 hominibus
1010 1563 1154 1648 Rugusii.
1171 1566 1242 1648 Ego

122 1674 286 1742 Berteldns
318 1671 490 1739 Gusteldio
522 1671 607 1740 iilius
627 1671 749 1757 Siponi‚
769 1677 801 1736 et
817 1671 982 1738 Jnhannes
998 1671 1083 1738 filius
1107 1672 1239 1757 Semini,

125 1780 277 1850 Suundule
294 1787 326 1846 et
358 1780 522 1846 iohannes
539 1779 578 1844 de
595 1779 745 1860 Antonio,
762 1785 794 1844 et
810 1779 917 1844 Peusu
949 1778 1035 1845 filius
1051 1779 1240 1847 Dominieus

127 1889 303 1974 Canuleio,
341 1887 529 1954 Dominieus
562 1883 699 1952 Galiodo
737 1885 958 1970 Tullievento,
1006 1888 1090 1954 filins
1123 1887 1243 1954 Johnn·

125 1999 171 2062 nis
193 1994 373 2080 Sigiliredo,
399 1993 548 2060 Ceserius
587 1993 673 2060 filius
713 1994 835 2060 Vitulo.
875 1993 933 2062 Isti
973 1993 1116 2062 homines
1155 1993 1239 2061 inra-

125 2109 233 2170 rerunt
248 2105 371 2170 firmam
402 2121 515 2185 pacem
532 2102 564 2166 in
581 2105 772 2185 perpetuum
789 2121 860 2168 eum
892 2101 1074 2168 hominibus
1089 2103 1236 2186 Rugusii.

127 2212 214 2278 Anno
228 2210 361 2277 Domini
377 2209 551 2281 millesimo
584 2209 759 2276 centesimo
775 2209 971 2294 eetogesimo
987 2215 1111 2296 octavo,
1142 2210 1242 2276 indie-

126 2321 207 2386 tione
221 2327 322 2406 sexte,
341 2324 457 2384 octava
473 2317 525 2382 die
542 2317 680 2384 intrante
696 2337 807 2386 mense
838 2316 995 2404 Oetubris,
1012 2319 1174 2385 firmatum
1191 2325 1241 2384 est

126 2427 184 2493 hoe
198 2428 382 2512 capitulare.
409 2428 479 2515 Ego
494 2427 661 2494 Diaconus
692 2427 843 2512 Marinus,
869 2435 901 2493 et
918 2427 1068 2493 Comunis
1085 2427 1240 2494 Notarius

127 2536 251 2621 Regusii
267 2534 450 2620 exemplavi
463 2541 670 2618 precurrente
686 2555 773 2600 enno
790 2533 923 2600 Domini
938 2535 980 2600 M.
996 2533 1031 2600 Ο.
1049 2535 1239 2618 nonagensi-

129 2645 297 2727 exemplavi
313 2651 520 2728 precurrente
537 2661 622 2707 anno
647 2642 778 2708 Domini
793 2644 832 2710 ii
853 2643 886 2708 Ο.
905 2643 1134 2725 nonagensimo
1151 2663 1240 2710 ruen-

130 2751 169 2817 sis
183 2750 358 2835 Februarii,
382 2751 436 2817 die
452 2749 564 2816 Sancti
581 2749 679 2816 Blasi.

245 2951 378 3016 (Ljnbics,
399 2951 521 3002 Menum.
542 2966 582 3014 sp.
602 2951 668 2999 hist.
689 2949 762 3000 Slus,
782 2950 878 2999 Moriar.
899 2950 919 2998 1.
941 2950 999 2999 kiit.
1023 2954 1062 3001 14.
1087 2951 1115 3014 l.)

654 3779 706 3844 32.

176 3971 360 4062 Epyezlcede'e
380 3981 514 4064 [iuquza
533 3979 624 4044 miros
643 3983 674 4042 e's
692 3977 867 4044 ,ilirosziuu
885 4000 984 4044 coruos
999 3973 1076 4043 kuzr.
1104 3975 1198 4044 1190.

232 4174 252 4252 i·
273 4175 309 4242 In
326 4174 446 4242 Christi
462 4175 601 4260 nornine,
620 4195 706 4240 auno
723 4173 892 4241 Dominiee
918 4173 1155 4240 incarnationis
1172 4173 1243 4238 rnil-

142 4273 234 4346 lssinro
263 4284 439 4349 centesimo
455 4284 674 4367 nonagesimo,
701 4281 820 4349 mensis
836 4283 926 4350 Junii
944 4285 996 4348 die
1011 4281 1105 4347 XVII
1121 4283 1243 4348 iniren-

142 4387 446 4458 te.Sa1utari0nibus
472 4399 503 4456 et
529 4390 745 4457 locutionibus
770 4389 890 4456 domini
917 4389 1050 4454 Comitis
1074 4387 1243 4454 Mirosleui

144 4506 189 4568 per
202 4497 329 4564 nunnius
345 4517 422 4564 suos
437 4501 585 4566 Maurum
603 4499 766 4583 Jupanurn
784 4497 925 4581 (limeris,
943 4497 1003 4562 hee
1021 4497 1242 4578 estRaguseo-

143 4612 196 4663 tum
226 4605 389 4689 responsio
418 4630 425 4670 :
460 4607 495 4672 In
514 4607 626 4691 primis
657 4604 819 4690 uidelicet,
836 4604 863 4668 si
881 4602 1010 4670 fortuna
1028 4602 1055 4668 ei
1075 4601 1242 4670 accidente

231 4737 329 4782 nouus,
345 4739 427 4782 nure.
445 4741 514 4780 uren.
534 4753 572 4764 ·-
585 4742 664 4780 prun.
683 4739 727 4782 rx.
1116 4714 1139 4779 4
