3120 5148
555 328 716 426 „Q

83 521 323 590 elemosinarum
340 519 551 603 largicionem
568 539 666 604 posse
691 520 820 602 penitus
847 521 1026 608 emundari,
1058 531 1090 589 et
1121 523 1209 592 alibi

85 630 231 714 scriptura
246 627 486 694 mercenarium
503 627 664 710 condigna
680 629 829 694 mercede
846 627 980 718 dignum
1000 650 1072 698 esse
1097 634 1211 698 mani·-

83 738 169 803 iestat
185 761 192 802 :
207 735 333 802 idcirco
351 734 566 818 fflavmsimas
582 741 616 799 ct
641 754 705 802 non
739 732 881 802 modicas
914 755 1085 823 expensas,
1117 757 1199 821 quas

85 843 206 911 dilectus
222 849 255 910 et
269 841 378 909 fidelis
394 849 506 909 noster
521 841 623 908 frater
638 841 770 908 Pontius
787 841 828 907 de
845 841 943 926 (tuce,
975 864 1033 928 per
1065 844 1196 930 Hungu-

83 953 153 1018 riam
169 957 199 1016 et
214 948 426 1016 Solanoniam
442 951 620 1016 Domornm
646 947 766 1014 Milicie
796 949 926 1033 Templi
958 950 1124 1040 Magister,
1155 954 1197 1020 ob

85 1059 224 1126 honorem
238 1057 379 1142 Regium
395 1057 563 1140 nostrique
579 1055 723 1144 corporis
751 1055 967 1140 securitatem,
993 1063 1063 1124 tam
1090 1059 1197 1126 eundo

86 1165 157 1232 ultra
170 1185 270 1252 mare,
288 1183 386 1246 quam
402 1161 567 1230 redeundo
598 1181 657 1248 per
688 1159 850 1243 Greoiam,
876 1163 917 1229 de
950 1163 1042 1230 bonis
1075 1164 1198 1234 Domus

89 1273 161 1356 lecit,
175 1271 435 1358 considerantes,
459 1289 516 1355 per
543 1269 635 1336 cuius
665 1269 835 1336 eonsilium
869 1275 901 1336 et
930 1269 1088 1337 auxilium
1120 1281 1195 1357 poet

86 1385 185 1466 Deum,
201 1381 284 1447 sicut
300 1379 472 1465 eredimus,
490 1377 533 1444 ad
550 1376 682 1462 propria
692 1378 917 1466 remeavimus,
930 1379 1059 1446 labores
1070 1399 1207 1464 quoque·

87 1489 249 1574 continuos,
267 1506 348 1570 qnos
363 1486 543 1570 uobiscum,
561 1491 593 1549 et
618 1493 754 1570 propter
779 1485 858 1570 Nos,
885 1486 1197 1570 Serenissimamque

88 1596 238 1678 coniugem
254 1600 399 1659 nostram
415 1594 454 1658 Y.
480 1591 639 1676 Reginam
673 1591 839 1676 sustinuit,
871 1614 928 1678 pre
961 1593 1063 1660 oculis
1093 1596 1197 1679 Regie

87 1703 250 1768 Maiestatis
267 1701 435 1783 habentes,
453 1708 485 1766 et
500 1701 636 1784 insuper
654 1699 696 1764 ad
713 1699 906 1784 peticionem
934 1699 1036 1786 ipsius
1062 1701 1198 1786 Regina,

88 1829 137 1876 nee
151 1830 208 1876 uon
225 1829 282 1895 pro
299 1810 405 1878 salute
421 1817 488 1875 tam
506 1825 674 1892 corporum
691 1826 789 1890 quam
807 1807 989 1873 animarum
1002 1817 1197 1899 nostrarum,

90 1927 193 1984 terram
209 1916 373 1999 quandam
389 1918 424 1982 in
441 1915 592 1996 Croacia,
608 1921 696 1980 terre
712 1913 821 1980 Castri
838 1913 879 1981 de
896 1915 984 2000 Sten,
1003 1925 1035 1982 et
1052 1924 1135 1982 terre
1153 1917 1195 1983 de

90 2024 205 2090 llodruu
222 2033 255 2090 et
270 2023 313 2090 de
328 2023 458 2089 Bonane
474 2021 671 2107 contiguam,
696 2019 812 2086 Guzke
828 2022 966 2107 nomine,
999 2043 1069 2087 cnm
1095 2025 1197 2089 omni·

93 2133 141 2196 bns
155 2131 363 2214 pertinencijs
379 2131 446 2196 suis
463 2129 665 2211 integraliter
683 2135 714 2194 et
730 2131 853 2212 absque
870 2129 939 2212 nlla
965 2129 1195 2214 diminucione,

92 2241 117 2304 in
131 2239 461 2323 recompensacionem
479 2257 693 2322 expensarum
722 2244 753 2303 et
785 2235 945 2321 laborum,
978 2257 1059 2320 qnos
1092 2237 1196 2305 dictus

91 2347 229 2430 Magister
246 2347 346 2411 frater
363 2345 498 2412 Pontius
516 2347 554 2410 dc
573 2343 662 2410 (lucc
678 2350 810 2428 propter
826 2363 886 2412 nos
902 2351 933 2408 et
949 2342 1112 2411 dominam
1139 2347 1198 2410 Re·

89 2455 194 2535 ginam,
210 2453 292 2518 sicut
307 2453 521 2538 prediximus,
539 2451 700 2536 sustinuit,
718 2451 818 2518 Sacra
845 2451 965 2518 Milioie
988 2453 1118 2537 Templi
1150 2455 1197 2521 ita

90 2561 187 2645 libere,
203 2561 285 2626 sicut
302 2568 428 2626 ceteras
445 2559 673 2644 helemosinas,
691 2577 772 2640 quas
789 2559 822 2623 in
838 2558 950 2641 Regno
966 2571 1076 2626 nostro
1094 2563 1196 2646 possi-

89 2667 161 2750 dent,
177 2669 324 2735 obstante
339 2669 432 2733 nullo
448 2666 622 2751 priuilegio
640 2685 739 2750 super
755 2667 902 2752 predicta
918 2674 1005 2734 terra
1021 2671 1110 2752 prins
1143 2671 1194 2736 vel

90 2775 233 2857 posterius
248 2775 385 2842 forsitan
402 2775 584 2858 impetrate,
602 2772 670 2837 inre
687 2780 841 2857 perpetuo
867 2775 1061 2842 contulimus
1094 2779 1196 2860 possi-

89 2880 233 2965 dendam;
257 2881 414 2948 videlicet
431 2879 517 2965 quod
533 2880 643 2946 nullus
660 2880 783 2965 Banus,
810 2880 920 2947 nullus
936 2881 1061 2968 (lomes,
1087 2886 1196 2952 nullus

88 2986 218 3074 Bainlus,
235 2989 307 3054 siue
325 2986 465 3069 quilibet
481 2987 577 3072 alins,
594 3005 691 3070 super
709 2988 862 3070 populum
880 2987 913 3052 in
930 2989 1080 3071 predicta
1107 2996 1196 3057 terra

89 3101 330 3178 commorantem,
346 3094 469 3176 absque
486 3093 628 3159 licencia
645 3101 677 3158 et
696 3093 863 3159 voluntate
895 3094 1032 3162 fratrum
1066 3097 1196 3182 Templi

89 3208 234 3283 presumat
249 3201 459 3286 descendere,
479 3201 530 3266 uel
547 3201 652 3284 ipsum
670 3203 960 3284 superexactione
977 3203 1116 3269 alicuius
1132 3205 1196 3271 ool·

88 3306 155 3372 lecte
170 3329 245 3376 casu
263 3307 408 3390 quolibet
424 3307 610 3372 molestare.
649 3305 690 3372 Et
707 3307 741 3372 in
758 3310 998 3392 possessionem
1017 3318 1102 3376 terre
1127 3331 1196 3396 pre-

89 3413 142 3479 fate
156 3413 270 3480 iratres
286 3416 410 3480 Domus
426 3413 555 3496 Templi
574 3431 631 3496 por
647 3409 775 3477 fidelem
802 3414 1023 3498 yobagionem
1050 3427 1195 3485 nostrum

88 3519 298 3588 llodomerium
316 3521 473 3587 Comitem
491 3519 627 3584 fecimus
643 3519 814 3585 introduci.
855 3521 952 3588 Cuius
979 3531 1065 3590 terre
1091 3526 1195 3611 prima

17 3671 18 3674 ,
88 3637 160 3694 neta
173 3629 286 3714 incipit
301 3627 394 3695 iuxta
409 3627 548 3694 rivulum
565 3627 619 3708 qui
637 3635 774 3693 vocatur
791 3627 1000 3713 Gernowize;
1017 3631 1094 3699 inde
1106 3632 1195 3700 vadit

88 3753 184 3805 uersus
200 3736 365 3804 meridiem
381 3735 424 3802 ad
439 3736 546 3802 locum
564 3737 619 3818 qui
651 3733 769 3801 dieitur
802 3737 962 3822 Oedelou;
988 3739 1063 3806 indo
1094 3761 1196 3824 usque

88 3841 197 3932 llrats,
215 3845 269 3911 ubi
285 3851 335 3912 est
351 3843 453 3910 tercia
469 3850 574 3926 meta;
601 3843 674 3908 irinc
701 3863 777 3910 vero
804 3845 910 3910 tendit
941 3867 1053 3914 versus
1084 3849 1196 3916 Busan

87 3967 174 4034 usque
190 3955 289 4019 Bame
307 3951 491 4038 Camenice,
509 3971 571 4035 que
587 3957 638 4017 est
654 3950 773 4017 diuisis
790 3951 873 4017 inter
889 3953 1000 4020 Busan
1012 3956 1195 4044 etheshe,

85 4057 130 4121 uhi
144 4057 225 4145 lapis
242 4065 292 4127 est
307 4060 401 4143 fixus,
416 4059 528 4142 itique
544 4065 593 4125 cst
609 4077 687 4123 area
713 4059 906 4143 triturandi3
931 4061 1007 4127 inde
1032 4061 1196 4148 protendi·

85 4173 128 4227 tur
142 4185 240 4249 usqne
255 4167 289 4233 in
307 4163 470 4247 &astino
486 4165 543 4232 ubi
560 4173 609 4232 est
626 4165 767 4231 ecclesia
782 4165 894 4234 Sancti
912 4169 1043 4253 Georgij
1071 4167 1198 4240 Sancti·

84 4289 137 4350 qne
150 4274 279 4361 llarcy3
305 4275 382 4342 inde
399 4275 442 4340 ad
459 4295 578 4359 aquam
597 4293 660 4358 que
676 4280 725 4338 eet
740 4274 833 4339 iuxta
859 4275 1026 4361 Wateni03
1052 4275 1128 4344 inde
1154 4277 1197 4346 ad

17 4397 19 4474 ,
83 4387 210 4448 montem
225 4381 433 4450 Malecenic
424 4402 458 4448 m
476 4382 619 4450 Ohcsche
637 4387 669 4446 et
686 4381 833 4448 Vinador
849 4401 961 4450 versus
972 4385 1193 4473 occidentem,

17 4481 19 4562 ξ
83 4481 148 4551 inde
164 4489 253 4556 uadit
270 4488 315 4555 ad
330 4490 519 4575 Jecccnize;
536 4488 612 4555 inde
629 4487 885 4572 protenditurad
896 4489 1196 4561 Chernichencrsns

17 4567 19 4630 l
83 4591 249 4682 orientem
273 4597 349 4664 inde
374 4598 535 4680 siqnidem
568 4616 681 4666 uersus
715 4595 895 4664 diuisiones
926 4596 968 4664 de
1000 4598 1133 4666 Gnezke
1164 4605 1197 4668 et
