<?xml version="1.0" encoding="UTF-8"?>
<!DOCTYPE html PUBLIC "-//W3C//DTD XHTML 1.0 Transitional//EN"
    "http://www.w3.org/TR/xhtml1/DTD/xhtml1-transitional.dtd">
<html xmlns="http://www.w3.org/1999/xhtml" xml:lang="en" lang="en">
 <head>
  <title>
</title>
<meta http-equiv="Content-Type" content="text/html;charset=utf-8" />
  <meta name='ocr-system' content='tesseract 3.04.00' />
  <meta name='ocr-capabilities' content='ocr_page ocr_carea ocr_par ocr_line ocrx_word'/>
</head>
<body>
  <div class='ocr_page' id='page_1' title='image "./codexdiplomatic10wenzgoog_0534.png"; bbox 0 0 3150 5162; ppageno 0'>
   <div class='ocr_carea' id='block_1_1' title="bbox 602 323 757 420">
    <p class='ocr_par' dir='ltr' id='par_1_1' title="bbox 602 323 757 420">
     <span class='ocr_line' id='line_1_1' title="bbox 602 323 757 420; baseline 0.006 -2"><span class='ocrx_word' id='word_1_1' title='bbox 602 323 757 420; x_wconf 17' lang='lat' dir='ltr'>...iiie</span> 
     </span>
    </p>
   </div>
   <div class='ocr_carea' id='block_1_2' title="bbox 108 515 1241 601">
    <p class='ocr_par' dir='ltr' id='par_1_2' title="bbox 108 515 1241 601">
     <span class='ocr_line' id='line_1_2' title="bbox 108 515 1241 601; baseline 0.009 -19"><span class='ocrx_word' id='word_1_2' title='bbox 108 518 152 582; x_wconf 92' lang='lat' dir='ltr'>ad</span> <span class='ocrx_word' id='word_1_3' title='bbox 186 517 436 601; x_wconf 77' lang='lat' dir='ltr'>requisitionem</span> <span class='ocrx_word' id='word_1_4' title='bbox 452 515 595 600; x_wconf 87' lang='lat' dir='ltr'>Comitis,</span> <span class='ocrx_word' id='word_1_5' title='bbox 629 517 670 582; x_wconf 91' lang='lat' dir='ltr'>de</span> <span class='ocrx_word' id='word_1_6' title='bbox 701 517 793 582; x_wconf 90' lang='lat' dir='ltr'>euius</span> <span class='ocrx_word' id='word_1_7' title='bbox 824 516 983 582; x_wconf 86' lang='lat' dir='ltr'>Comitatn</span> <span class='ocrx_word' id='word_1_8' title='bbox 1010 517 1136 590; x_wconf 84' lang='lat' dir='ltr'>fuerint.</span> <span class='ocrx_word' id='word_1_9' title='bbox 1159 525 1241 592; x_wconf 89' lang='lat' dir='ltr'><strong>Item</strong></span> 
     </span>
    </p>
   </div>
   <div class='ocr_carea' id='block_1_3' title="bbox 109 621 1355 718">
    <p class='ocr_par' dir='ltr' id='par_1_3' title="bbox 109 621 1355 718">
     <span class='ocr_line' id='line_1_3' title="bbox 109 621 1355 718; baseline 0.009 -29"><span class='ocrx_word' id='word_1_10' title='bbox 109 625 198 706; x_wconf 90' lang='lat' dir='ltr'>quod</span> <span class='ocrx_word' id='word_1_11' title='bbox 230 624 264 690; x_wconf 90' lang='lat' dir='ltr'>iu</span> <span class='ocrx_word' id='word_1_12' title='bbox 295 641 496 708; x_wconf 76' lang='lat' dir='ltr'>quatumque</span> <span class='ocrx_word' id='word_1_13' title='bbox 522 622 679 690; x_wconf 81' lang='lat' dir='ltr'>dictarum</span> <span class='ocrx_word' id='word_1_14' title='bbox 697 621 876 688; x_wconf 87' lang='lat' dir='ltr'>insularum</span> <span class='ocrx_word' id='word_1_15' title='bbox 894 631 925 689; x_wconf 88' lang='lat' dir='ltr'>et</span> <span class='ocrx_word' id='word_1_16' title='bbox 941 631 1099 694; x_wconf 86' lang='lat' dir='ltr'>terrarum</span> <span class='ocrx_word' id='word_1_17' title='bbox 1115 629 1240 718; x_wconf 88' lang='lat' dir='ltr'>Cbersi‚</span> <span class='ocrx_word' id='word_1_18' title='bbox 1351 697 1355 712; x_wconf 32' lang='lat' dir='ltr'><strong><em>s</em></strong></span> 
     </span>
    </p>
   </div>
   <div class='ocr_carea' id='block_1_4' title="bbox 52 728 1298 3717">
    <p class='ocr_par' dir='ltr' id='par_1_4' title="bbox 109 728 1245 1781">
     <span class='ocr_line' id='line_1_4' title="bbox 109 728 1241 816; baseline 0.01 -21"><span class='ocrx_word' id='word_1_19' title='bbox 109 731 231 797; x_wconf 84' lang='lat' dir='ltr'>Abseri</span> <span class='ocrx_word' id='word_1_20' title='bbox 247 739 280 800; x_wconf 91' lang='lat' dir='ltr'>et</span> <span class='ocrx_word' id='word_1_21' title='bbox 297 730 401 812; x_wconf 89' lang='lat' dir='ltr'>Vegle</span> <span class='ocrx_word' id='word_1_22' title='bbox 418 729 557 794; x_wconf 85' lang='lat' dir='ltr'>debeant</span> <span class='ocrx_word' id='word_1_23' title='bbox 573 731 650 814; x_wconf 85' lang='lat' dir='ltr'>eligi</span> <span class='ocrx_word' id='word_1_24' title='bbox 668 730 731 796; x_wconf 90' lang='lat' dir='ltr'>duo</span> <span class='ocrx_word' id='word_1_25' title='bbox 747 728 968 816; x_wconf 83' lang='lat' dir='ltr'>aduooatores,</span> <span class='ocrx_word' id='word_1_26' title='bbox 999 733 1151 802; x_wconf 83' lang='lat' dir='ltr'>videlieet</span> <span class='ocrx_word' id='word_1_27' title='bbox 1166 738 1241 806; x_wconf 91' lang='lat' dir='ltr'>illos</span> 
     </span>
     <span class='ocr_line' id='line_1_5' title="bbox 110 837 1241 924; baseline 0.009 -22"><span class='ocrx_word' id='word_1_28' title='bbox 110 857 191 921; x_wconf 87' lang='lat' dir='ltr'>quos</span> <span class='ocrx_word' id='word_1_29' title='bbox 218 837 381 904; x_wconf 88' lang='lat' dir='ltr'>volueriut</span> <span class='ocrx_word' id='word_1_30' title='bbox 397 837 516 921; x_wconf 82' lang='lat' dir='ltr'>eligere</span> <span class='ocrx_word' id='word_1_31' title='bbox 531 838 573 904; x_wconf 91' lang='lat' dir='ltr'>de</span> <span class='ocrx_word' id='word_1_32' title='bbox 589 838 682 906; x_wconf 89' lang='lat' dir='ltr'>terris</span> <span class='ocrx_word' id='word_1_33' title='bbox 707 838 865 904; x_wconf 90' lang='lat' dir='ltr'>Comitum</span> <span class='ocrx_word' id='word_1_34' title='bbox 884 839 984 924; x_wconf 89' lang='lat' dir='ltr'>Vegle</span> <span class='ocrx_word' id='word_1_35' title='bbox 1001 839 1107 908; x_wconf 88' lang='lat' dir='ltr'>dietus</span> <span class='ocrx_word' id='word_1_36' title='bbox 1125 842 1241 912; x_wconf 86' lang='lat' dir='ltr'>Comes</span> 
     </span>
     <span class='ocr_line' id='line_1_6' title="bbox 114 941 1243 1035; baseline 0.005 -24"><span class='ocrx_word' id='word_1_37' title='bbox 114 945 251 1030; x_wconf 82' lang='lat' dir='ltr'>Abseri;</span> <span class='ocrx_word' id='word_1_38' title='bbox 268 951 301 1011; x_wconf 87' lang='lat' dir='ltr'>et</span> <span class='ocrx_word' id='word_1_39' title='bbox 316 945 366 1010; x_wconf 93' lang='lat' dir='ltr'>illi</span> <span class='ocrx_word' id='word_1_40' title='bbox 382 941 422 1009; x_wconf 93' lang='lat' dir='ltr'>de</span> <span class='ocrx_word' id='word_1_41' title='bbox 438 963 495 1010; x_wconf 88' lang='lat' dir='ltr'>suo</span> <span class='ocrx_word' id='word_1_42' title='bbox 511 941 682 1030; x_wconf 84' lang='lat' dir='ltr'>Comitatu,</span> <span class='ocrx_word' id='word_1_43' title='bbox 700 951 732 1010; x_wconf 90' lang='lat' dir='ltr'>et</span> <span class='ocrx_word' id='word_1_44' title='bbox 747 943 832 1030; x_wconf 87' lang='lat' dir='ltr'>illos,</span> <span class='ocrx_word' id='word_1_45' title='bbox 849 963 929 1027; x_wconf 91' lang='lat' dir='ltr'>quos</span> <span class='ocrx_word' id='word_1_46' title='bbox 947 947 1109 1014; x_wconf 84' lang='lat' dir='ltr'>volueriut</span> <span class='ocrx_word' id='word_1_47' title='bbox 1124 951 1243 1035; x_wconf 80' lang='lat' dir='ltr'>eligere</span> 
     </span>
     <span class='ocr_line' id='line_1_7' title="bbox 113 1051 1244 1136; baseline 0.005 -18"><span class='ocrx_word' id='word_1_48' title='bbox 113 1051 232 1118; x_wconf 87' lang='lat' dir='ltr'>Comes</span> <span class='ocrx_word' id='word_1_49' title='bbox 264 1051 317 1118; x_wconf 90' lang='lat' dir='ltr'>vel</span> <span class='ocrx_word' id='word_1_50' title='bbox 348 1051 489 1118; x_wconf 75' lang='lat' dir='ltr'>Comites</span> <span class='ocrx_word' id='word_1_51' title='bbox 514 1051 617 1136; x_wconf 88' lang='lat' dir='ltr'>Vegle</span> <span class='ocrx_word' id='word_1_52' title='bbox 633 1051 674 1117; x_wconf 87' lang='lat' dir='ltr'>de</span> <span class='ocrx_word' id='word_1_53' title='bbox 691 1051 851 1120; x_wconf 87' lang='lat' dir='ltr'>Comitatu</span> <span class='ocrx_word' id='word_1_54' title='bbox 866 1053 982 1121; x_wconf 87' lang='lat' dir='ltr'>Abseri</span> <span class='ocrx_word' id='word_1_55' title='bbox 1000 1061 1033 1120; x_wconf 89' lang='lat' dir='ltr'>et</span> <span class='ocrx_word' id='word_1_56' title='bbox 1048 1057 1144 1124; x_wconf 86' lang='lat' dir='ltr'>terris</span> <span class='ocrx_word' id='word_1_57' title='bbox 1161 1057 1244 1124; x_wconf 69' lang='lat' dir='ltr'>eius«</span> 
     </span>
     <span class='ocr_line' id='line_1_8' title="bbox 114 1156 1245 1246; baseline 0.009 -24"><span class='ocrx_word' id='word_1_58' title='bbox 114 1157 187 1226; x_wconf 91' lang='lat' dir='ltr'>dem</span> <span class='ocrx_word' id='word_1_59' title='bbox 205 1158 395 1245; x_wconf 76' lang='lat' dir='ltr'>Comitatus,</span> <span class='ocrx_word' id='word_1_60' title='bbox 413 1159 469 1241; x_wconf 92' lang='lat' dir='ltr'>qui</span> <span class='ocrx_word' id='word_1_61' title='bbox 485 1156 624 1224; x_wconf 86' lang='lat' dir='ltr'>debeant</span> <span class='ocrx_word' id='word_1_62' title='bbox 640 1159 758 1228; x_wconf 88' lang='lat' dir='ltr'>babere</span> <span class='ocrx_word' id='word_1_63' title='bbox 774 1160 815 1226; x_wconf 90' lang='lat' dir='ltr'>de</span> <span class='ocrx_word' id='word_1_64' title='bbox 847 1161 990 1243; x_wconf 90' lang='lat' dir='ltr'>quolibet</span> <span class='ocrx_word' id='word_1_65' title='bbox 1006 1163 1127 1246; x_wconf 83' lang='lat' dir='ltr'>placito</span> <span class='ocrx_word' id='word_1_66' title='bbox 1146 1166 1245 1234; x_wconf 86' lang='lat' dir='ltr'>dena·</span> 
     </span>
     <span class='ocr_line' id='line_1_9' title="bbox 113 1265 1241 1353; baseline 0.007 -21"><span class='ocrx_word' id='word_1_67' title='bbox 113 1268 179 1334; x_wconf 90' lang='lat' dir='ltr'>rios</span> <span class='ocrx_word' id='word_1_68' title='bbox 211 1266 259 1332; x_wconf 90' lang='lat' dir='ltr'>VI</span> <span class='ocrx_word' id='word_1_69' title='bbox 283 1286 409 1353; x_wconf 83' lang='lat' dir='ltr'>paruos,</span> <span class='ocrx_word' id='word_1_70' title='bbox 434 1271 466 1331; x_wconf 91' lang='lat' dir='ltr'>et</span> <span class='ocrx_word' id='word_1_71' title='bbox 482 1265 522 1332; x_wconf 93' lang='lat' dir='ltr'>de</span> <span class='ocrx_word' id='word_1_72' title='bbox 539 1266 682 1350; x_wconf 92' lang='lat' dir='ltr'>quolibet</span> <span class='ocrx_word' id='word_1_73' title='bbox 698 1268 827 1352; x_wconf 87' lang='lat' dir='ltr'>plaoito,</span> <span class='ocrx_word' id='word_1_74' title='bbox 843 1268 931 1352; x_wconf 90' lang='lat' dir='ltr'>quod</span> <span class='ocrx_word' id='word_1_75' title='bbox 946 1271 1102 1353; x_wconf 77' lang='lat' dir='ltr'>vincetur,</span> <span class='ocrx_word' id='word_1_76' title='bbox 1120 1271 1241 1341; x_wconf 91' lang='lat' dir='ltr'>habere</span> 
     </span>
     <span class='ocr_line' id='line_1_10' title="bbox 115 1373 1242 1462; baseline 0.005 -22"><span class='ocrx_word' id='word_1_77' title='bbox 115 1374 260 1440; x_wconf 87' lang='lat' dir='ltr'>debeant</span> <span class='ocrx_word' id='word_1_78' title='bbox 276 1373 426 1441; x_wconf 86' lang='lat' dir='ltr'>denarios</span> <span class='ocrx_word' id='word_1_79' title='bbox 444 1373 615 1440; x_wconf 76' lang='lat' dir='ltr'>duodecim</span> <span class='ocrx_word' id='word_1_80' title='bbox 631 1393 803 1458; x_wconf 83' lang='lat' dir='ltr'>parvorum</span> <span class='ocrx_word' id='word_1_81' title='bbox 815 1395 873 1459; x_wconf 90' lang='lat' dir='ltr'>pro</span> <span class='ocrx_word' id='word_1_82' title='bbox 883 1376 1040 1444; x_wconf 85' lang='lat' dir='ltr'>bizanoio.</span> <span class='ocrx_word' id='word_1_83' title='bbox 1056 1381 1138 1444; x_wconf 88' lang='lat' dir='ltr'>Item</span> <span class='ocrx_word' id='word_1_84' title='bbox 1156 1380 1242 1462; x_wconf 90' lang='lat' dir='ltr'>quod</span> 
     </span>
     <span class='ocr_line' id='line_1_11' title="bbox 114 1481 1243 1571; baseline 0.005 -25"><span class='ocrx_word' id='word_1_85' title='bbox 114 1487 226 1562; x_wconf 87' lang='lat' dir='ltr'>testes,</span> <span class='ocrx_word' id='word_1_86' title='bbox 244 1481 301 1564; x_wconf 89' lang='lat' dir='ltr'>qui</span> <span class='ocrx_word' id='word_1_87' title='bbox 317 1501 375 1566; x_wconf 89' lang='lat' dir='ltr'>per</span> <span class='ocrx_word' id='word_1_88' title='bbox 392 1485 559 1563; x_wconf 90' lang='lat' dir='ltr'>utramque</span> <span class='ocrx_word' id='word_1_89' title='bbox 574 1490 700 1566; x_wconf 90' lang='lat' dir='ltr'>partem</span> <span class='ocrx_word' id='word_1_90' title='bbox 717 1482 837 1549; x_wconf 85' lang='lat' dir='ltr'>fuerint</span> <span class='ocrx_word' id='word_1_91' title='bbox 853 1485 1002 1568; x_wconf 82' lang='lat' dir='ltr'>requisiti</span> <span class='ocrx_word' id='word_1_92' title='bbox 1017 1484 1060 1550; x_wconf 89' lang='lat' dir='ltr'>ad</span> <span class='ocrx_word' id='word_1_93' title='bbox 1072 1485 1243 1571; x_wconf 88' lang='lat' dir='ltr'>perhiben-</span> 
     </span>
     <span class='ocr_line' id='line_1_12' title="bbox 117 1587 1243 1680; baseline 0.007 -26"><span class='ocrx_word' id='word_1_94' title='bbox 117 1590 193 1654; x_wconf 91' lang='lat' dir='ltr'>dum</span> <span class='ocrx_word' id='word_1_95' title='bbox 226 1587 445 1656; x_wconf 87' lang='lat' dir='ltr'>testimonium</span> <span class='ocrx_word' id='word_1_96' title='bbox 471 1607 573 1672; x_wconf 89' lang='lat' dir='ltr'>usque</span> <span class='ocrx_word' id='word_1_97' title='bbox 589 1589 701 1656; x_wconf 90' lang='lat' dir='ltr'>deoem</span> <span class='ocrx_word' id='word_1_98' title='bbox 718 1609 776 1673; x_wconf 87' lang='lat' dir='ltr'>pro</span> <span class='ocrx_word' id='word_1_99' title='bbox 791 1595 884 1675; x_wconf 85' lang='lat' dir='ltr'>parte</span> <span class='ocrx_word' id='word_1_100' title='bbox 900 1597 932 1656; x_wconf 90' lang='lat' dir='ltr'>et</span> <span class='ocrx_word' id='word_1_101' title='bbox 947 1593 1094 1675; x_wconf 89' lang='lat' dir='ltr'>quolibet</span> <span class='ocrx_word' id='word_1_102' title='bbox 1109 1593 1243 1680; x_wconf 79' lang='lat' dir='ltr'>placito,</span> 
     </span>
     <span class='ocr_line' id='line_1_13' title="bbox 117 1694 1242 1781; baseline 0.005 -21"><span class='ocrx_word' id='word_1_103' title='bbox 117 1694 233 1763; x_wconf 89' lang='lat' dir='ltr'>Comes</span> <span class='ocrx_word' id='word_1_104' title='bbox 250 1697 302 1764; x_wconf 86' lang='lat' dir='ltr'>vel</span> <span class='ocrx_word' id='word_1_105' title='bbox 317 1695 456 1764; x_wconf 83' lang='lat' dir='ltr'>Comites</span> <span class='ocrx_word' id='word_1_106' title='bbox 473 1716 532 1761; x_wconf 87' lang='lat' dir='ltr'>seu</span> <span class='ocrx_word' id='word_1_107' title='bbox 547 1695 678 1779; x_wconf 79' lang='lat' dir='ltr'>vicarii,</span> <span class='ocrx_word' id='word_1_108' title='bbox 694 1695 736 1763; x_wconf 86' lang='lat' dir='ltr'>de</span> <span class='ocrx_word' id='word_1_109' title='bbox 766 1717 900 1779; x_wconf 91' lang='lat' dir='ltr'>quorum</span> <span class='ocrx_word' id='word_1_110' title='bbox 917 1698 1078 1767; x_wconf 86' lang='lat' dir='ltr'>Comitatu</span> <span class='ocrx_word' id='word_1_111' title='bbox 1109 1698 1242 1781; x_wconf 84' lang='lat' dir='ltr'>fuerint,</span> 
     </span>
    </p>

    <p class='ocr_par' dir='ltr' id='par_1_5' title="bbox 52 1803 1298 3717">
     <span class='ocr_line' id='line_1_14' title="bbox 119 1803 1243 1889; baseline 0.006 -22"><span class='ocrx_word' id='word_1_112' title='bbox 119 1803 204 1887; x_wconf 86' lang='lat' dir='ltr'>ipsos</span> <span class='ocrx_word' id='word_1_113' title='bbox 221 1803 441 1888; x_wconf 87' lang='lat' dir='ltr'>oonstringere</span> <span class='ocrx_word' id='word_1_114' title='bbox 460 1803 600 1870; x_wconf 88' lang='lat' dir='ltr'>debeant</span> <span class='ocrx_word' id='word_1_115' title='bbox 616 1805 659 1869; x_wconf 87' lang='lat' dir='ltr'>ad</span> <span class='ocrx_word' id='word_1_116' title='bbox 676 1805 908 1889; x_wconf 90' lang='lat' dir='ltr'>perhibendum</span> <span class='ocrx_word' id='word_1_117' title='bbox 925 1807 1144 1874; x_wconf 88' lang='lat' dir='ltr'>testimonium</span> <span class='ocrx_word' id='word_1_118' title='bbox 1160 1808 1243 1874; x_wconf 85' lang='lat' dir='ltr'>veri-</span> 
     </span>
     <span class='ocr_line' id='line_1_15' title="bbox 52 1893 1243 2000; baseline 0.007 -25"><span class='ocrx_word' id='word_1_119' title='bbox 52 1893 56 1900; x_wconf 40' lang='lat'><em>*</em></span> <span class='ocrx_word' id='word_1_120' title='bbox 118 1911 175 1976; x_wconf 86' lang='lat' dir='ltr'>tati</span> <span class='ocrx_word' id='word_1_121' title='bbox 192 1910 266 1976; x_wconf 88' lang='lat' dir='ltr'>siue</span> <span class='ocrx_word' id='word_1_122' title='bbox 282 1911 394 1994; x_wconf 87' lang='lat' dir='ltr'>alique</span> <span class='ocrx_word' id='word_1_123' title='bbox 411 1909 533 1975; x_wconf 80' lang='lat' dir='ltr'>fraude.</span> <span class='ocrx_word' id='word_1_124' title='bbox 550 1911 631 1976; x_wconf 89' lang='lat' dir='ltr'>Item</span> <span class='ocrx_word' id='word_1_125' title='bbox 649 1912 678 1976; x_wconf 93' lang='lat' dir='ltr'>si</span> <span class='ocrx_word' id='word_1_126' title='bbox 695 1933 754 1996; x_wconf 88' lang='lat' dir='ltr'>per</span> <span class='ocrx_word' id='word_1_127' title='bbox 770 1913 921 1980; x_wconf 87' lang='lat' dir='ltr'>nuuoiuns</span> <span class='ocrx_word' id='word_1_128' title='bbox 938 1914 1007 1982; x_wconf 85' lang='lat' dir='ltr'>sive</span> <span class='ocrx_word' id='word_1_129' title='bbox 1023 1913 1161 1982; x_wconf 87' lang='lat' dir='ltr'>nunoios</span> <span class='ocrx_word' id='word_1_130' title='bbox 1194 1917 1243 2000; x_wconf 88' lang='lat' dir='ltr'>ip·</span> 
     </span>
     <span class='ocr_line' id='line_1_16' title="bbox 119 2016 1242 2106; baseline 0.004 -23"><span class='ocrx_word' id='word_1_131' title='bbox 119 2036 224 2084; x_wconf 87' lang='lat' dir='ltr'>sorum</span> <span class='ocrx_word' id='word_1_132' title='bbox 240 2019 422 2100; x_wconf 89' lang='lat' dir='ltr'>aliquorum</span> <span class='ocrx_word' id='word_1_133' title='bbox 439 2016 655 2102; x_wconf 76' lang='lat' dir='ltr'>predictorum</span> <span class='ocrx_word' id='word_1_134' title='bbox 679 2017 838 2084; x_wconf 78' lang='lat' dir='ltr'>Comitum</span> <span class='ocrx_word' id='word_1_135' title='bbox 864 2019 1006 2106; x_wconf 85' lang='lat' dir='ltr'>ipsorum</span> <span class='ocrx_word' id='word_1_136' title='bbox 1025 2021 1242 2088; x_wconf 87' lang='lat' dir='ltr'>Comitatuum</span> 
     </span>
     <span class='ocr_line' id='line_1_17' title="bbox 120 2117 1241 2212; baseline 0.004 -23"><span class='ocrx_word' id='word_1_137' title='bbox 120 2127 291 2209; x_wconf 88' lang='lat' dir='ltr'>requisitus</span> <span class='ocrx_word' id='word_1_138' title='bbox 323 2122 418 2190; x_wconf 80' lang='lat' dir='ltr'>tuerit</span> <span class='ocrx_word' id='word_1_139' title='bbox 434 2145 455 2191; x_wconf 88' lang='lat' dir='ltr'>a</span> <span class='ocrx_word' id='word_1_140' title='bbox 470 2122 591 2191; x_wconf 90' lang='lat' dir='ltr'>Comite</span> <span class='ocrx_word' id='word_1_141' title='bbox 609 2126 660 2191; x_wconf 88' lang='lat' dir='ltr'>vel</span> <span class='ocrx_word' id='word_1_142' title='bbox 675 2117 789 2193; x_wconf 87' lang='lat' dir='ltr'>Judiee</span> <span class='ocrx_word' id='word_1_143' title='bbox 805 2130 889 2193; x_wconf 87' lang='lat' dir='ltr'>terre</span> <span class='ocrx_word' id='word_1_144' title='bbox 906 2129 1051 2212; x_wconf 78' lang='lat' dir='ltr'>nuncius,</span> <span class='ocrx_word' id='word_1_145' title='bbox 1067 2131 1119 2194; x_wconf 86' lang='lat' dir='ltr'>vel</span> <span class='ocrx_word' id='word_1_146' title='bbox 1134 2131 1241 2211; x_wconf 89' lang='lat' dir='ltr'>requi-</span> 
     </span>
     <span class='ocr_line' id='line_1_18' title="bbox 120 2231 1244 2322; baseline 0.005 -24"><span class='ocrx_word' id='word_1_147' title='bbox 120 2233 169 2298; x_wconf 87' lang='lat' dir='ltr'>siti</span> <span class='ocrx_word' id='word_1_148' title='bbox 199 2233 324 2298; x_wconf 80' lang='lat' dir='ltr'>fuerint</span> <span class='ocrx_word' id='word_1_149' title='bbox 354 2231 463 2297; x_wconf 91' lang='lat' dir='ltr'>uunoii</span> <span class='ocrx_word' id='word_1_150' title='bbox 495 2252 554 2315; x_wconf 90' lang='lat' dir='ltr'>pro</span> <span class='ocrx_word' id='word_1_151' title='bbox 579 2233 774 2318; x_wconf 86' lang='lat' dir='ltr'>temptandis</span> <span class='ocrx_word' id='word_1_152' title='bbox 790 2232 893 2314; x_wconf 82' lang='lat' dir='ltr'>furtis,</span> <span class='ocrx_word' id='word_1_153' title='bbox 925 2231 1039 2301; x_wconf 88' lang='lat' dir='ltr'>Comes</span> <span class='ocrx_word' id='word_1_154' title='bbox 1055 2242 1087 2301; x_wconf 90' lang='lat' dir='ltr'>ot</span> <span class='ocrx_word' id='word_1_155' title='bbox 1102 2235 1244 2322; x_wconf 87' lang='lat' dir='ltr'>Judiees,</span> 
     </span>
     <span class='ocr_line' id='line_1_19' title="bbox 122 2338 1244 2425; baseline 0.005 -21"><span class='ocrx_word' id='word_1_156' title='bbox 122 2341 275 2422; x_wconf 83' lang='lat' dir='ltr'>aquibus</span> <span class='ocrx_word' id='word_1_157' title='bbox 308 2338 458 2422; x_wconf 87' lang='lat' dir='ltr'>requisiti</span> <span class='ocrx_word' id='word_1_158' title='bbox 490 2338 618 2422; x_wconf 85' lang='lat' dir='ltr'>luerint,</span> <span class='ocrx_word' id='word_1_159' title='bbox 636 2340 724 2425; x_wconf 90' lang='lat' dir='ltr'>ipsos</span> <span class='ocrx_word' id='word_1_160' title='bbox 740 2341 876 2407; x_wconf 81' lang='lat' dir='ltr'>nuncios</span> <span class='ocrx_word' id='word_1_161' title='bbox 893 2341 970 2406; x_wconf 88' lang='lat' dir='ltr'>dare</span> <span class='ocrx_word' id='word_1_162' title='bbox 985 2346 1157 2410; x_wconf 88' lang='lat' dir='ltr'>teneantur</span> <span class='ocrx_word' id='word_1_163' title='bbox 1173 2344 1244 2410; x_wconf 88' lang='lat' dir='ltr'>sine</span> 
     </span>
     <span class='ocr_line' id='line_1_20' title="bbox 123 2446 1244 2538; baseline 0.004 -26"><span class='ocrx_word' id='word_1_164' title='bbox 123 2447 286 2516; x_wconf 87' lang='lat' dir='ltr'>dilatione.</span> <span class='ocrx_word' id='word_1_165' title='bbox 305 2447 442 2530; x_wconf 85' lang='lat' dir='ltr'>iusuper</span> <span class='ocrx_word' id='word_1_166' title='bbox 459 2446 581 2512; x_wconf 87' lang='lat' dir='ltr'>dabunt</span> <span class='ocrx_word' id='word_1_167' title='bbox 606 2467 738 2532; x_wconf 87' lang='lat' dir='ltr'>operam</span> <span class='ocrx_word' id='word_1_168' title='bbox 771 2449 858 2514; x_wconf 90' lang='lat' dir='ltr'>bona</span> <span class='ocrx_word' id='word_1_169' title='bbox 889 2448 954 2514; x_wconf 89' lang='lat' dir='ltr'>fide</span> <span class='ocrx_word' id='word_1_170' title='bbox 985 2449 1061 2516; x_wconf 85' lang='lat' dir='ltr'>dieti</span> <span class='ocrx_word' id='word_1_171' title='bbox 1095 2452 1244 2538; x_wconf 81' lang='lat' dir='ltr'>Comites,</span> 
     </span>
     <span class='ocr_line' id='line_1_21' title="bbox 124 2554 1246 2642; baseline 0.004 -21"><span class='ocrx_word' id='word_1_172' title='bbox 124 2555 205 2638; x_wconf 91' lang='lat' dir='ltr'>quod</span> <span class='ocrx_word' id='word_1_173' title='bbox 236 2575 351 2622; x_wconf 91' lang='lat' dir='ltr'>omnes</span> <span class='ocrx_word' id='word_1_174' title='bbox 382 2554 424 2620; x_wconf 89' lang='lat' dir='ltr'>de</span> <span class='ocrx_word' id='word_1_175' title='bbox 439 2554 531 2621; x_wconf 83' lang='lat' dir='ltr'>terris</span> <span class='ocrx_word' id='word_1_176' title='bbox 548 2573 667 2642; x_wconf 89' lang='lat' dir='ltr'>eorum,</span> <span class='ocrx_word' id='word_1_177' title='bbox 685 2555 859 2638; x_wconf 89' lang='lat' dir='ltr'>dequibus</span> <span class='ocrx_word' id='word_1_178' title='bbox 876 2556 997 2623; x_wconf 88' lang='lat' dir='ltr'>babent</span> <span class='ocrx_word' id='word_1_179' title='bbox 1013 2557 1065 2623; x_wconf 90' lang='lat' dir='ltr'>vel</span> <span class='ocrx_word' id='word_1_180' title='bbox 1081 2558 1246 2626; x_wconf 83' lang='lat' dir='ltr'>habebunt</span> 
     </span>
     <span class='ocr_line' id='line_1_22' title="bbox 125 2661 1245 2748; baseline 0.005 -21"><span class='ocrx_word' id='word_1_181' title='bbox 125 2661 310 2748; x_wconf 89' lang='lat' dir='ltr'>dominium,</span> <span class='ocrx_word' id='word_1_182' title='bbox 338 2662 559 2729; x_wconf 82' lang='lat' dir='ltr'>observabunt</span> <span class='ocrx_word' id='word_1_183' title='bbox 576 2682 689 2748; x_wconf 89' lang='lat' dir='ltr'>paoem</span> <span class='ocrx_word' id='word_1_184' title='bbox 705 2665 800 2729; x_wconf 88' lang='lat' dir='ltr'>istam</span> <span class='ocrx_word' id='word_1_185' title='bbox 817 2669 902 2730; x_wconf 87' lang='lat' dir='ltr'>etse</span> <span class='ocrx_word' id='word_1_186' title='bbox 927 2685 993 2731; x_wconf 90' lang='lat' dir='ltr'>non</span> <span class='ocrx_word' id='word_1_187' title='bbox 1024 2665 1187 2733; x_wconf 84' lang='lat' dir='ltr'>offendent</span> <span class='ocrx_word' id='word_1_188' title='bbox 1202 2667 1245 2733; x_wconf 84' lang='lat' dir='ltr'>ad</span> 
     </span>
     <span class='ocr_line' id='line_1_23' title="bbox 124 2769 1245 2854; baseline 0.007 -22"><span class='ocrx_word' id='word_1_189' title='bbox 124 2770 269 2854; x_wconf 83' lang='lat' dir='ltr'>inuicem,</span> <span class='ocrx_word' id='word_1_190' title='bbox 303 2773 335 2833; x_wconf 89' lang='lat' dir='ltr'>et</span> <span class='ocrx_word' id='word_1_191' title='bbox 351 2789 416 2834; x_wconf 91' lang='lat' dir='ltr'>non</span> <span class='ocrx_word' id='word_1_192' title='bbox 432 2769 591 2853; x_wconf 77' lang='lat' dir='ltr'>recipient</span> <span class='ocrx_word' id='word_1_193' title='bbox 608 2769 789 2836; x_wconf 85' lang='lat' dir='ltr'>forbanitos</span> <span class='ocrx_word' id='word_1_194' title='bbox 807 2771 848 2836; x_wconf 89' lang='lat' dir='ltr'>de</span> <span class='ocrx_word' id='word_1_195' title='bbox 865 2791 929 2837; x_wconf 88' lang='lat' dir='ltr'>una</span> <span class='ocrx_word' id='word_1_196' title='bbox 945 2772 1079 2838; x_wconf 86' lang='lat' dir='ltr'>terrain</span> <span class='ocrx_word' id='word_1_197' title='bbox 1097 2773 1196 2838; x_wconf 87' lang='lat' dir='ltr'>alium</span> <span class='ocrx_word' id='word_1_198' title='bbox 1211 2775 1245 2840; x_wconf 92' lang='lat' dir='ltr'>in</span> 
     </span>
     <span class='ocr_line' id='line_1_24' title="bbox 124 2877 1298 2964; baseline 0.002 -20"><span class='ocrx_word' id='word_1_199' title='bbox 124 2879 329 2945; x_wconf 86' lang='lat' dir='ltr'>offensionem</span> <span class='ocrx_word' id='word_1_200' title='bbox 370 2877 508 2944; x_wconf 87' lang='lat' dir='ltr'>alieuius</span> <span class='ocrx_word' id='word_1_201' title='bbox 534 2878 646 2962; x_wconf 84' lang='lat' dir='ltr'>partis.</span> <span class='ocrx_word' id='word_1_202' title='bbox 681 2881 760 2944; x_wconf 92' lang='lat' dir='ltr'>ltem</span> <span class='ocrx_word' id='word_1_203' title='bbox 787 2879 982 2964; x_wconf 82' lang='lat' dir='ltr'>quicumque</span> <span class='ocrx_word' id='word_1_204' title='bbox 1012 2881 1053 2944; x_wconf 91' lang='lat' dir='ltr'>de</span> <span class='ocrx_word' id='word_1_205' title='bbox 1085 2881 1247 2946; x_wconf 87' lang='lat' dir='ltr'>Comitstu</span> <span class='ocrx_word' id='word_1_206' title='bbox 1296 2923 1298 2932; x_wconf 47' lang='grc' dir='ltr'>ι</span> 
     </span>
     <span class='ocr_line' id='line_1_25' title="bbox 124 2983 1243 3071; baseline 0.003 -22"><span class='ocrx_word' id='word_1_207' title='bbox 124 2983 225 3070; x_wconf 80' lang='lat' dir='ltr'>Vegle</span> <span class='ocrx_word' id='word_1_208' title='bbox 257 2985 378 3052; x_wconf 89' lang='lat' dir='ltr'>eteius</span> <span class='ocrx_word' id='word_1_209' title='bbox 395 2987 599 3071; x_wconf 89' lang='lat' dir='ltr'>pertinentiis</span> <span class='ocrx_word' id='word_1_210' title='bbox 616 2986 729 3054; x_wconf 85' lang='lat' dir='ltr'>feeerit</span> <span class='ocrx_word' id='word_1_211' title='bbox 746 2986 879 3070; x_wconf 81' lang='lat' dir='ltr'>aliquod</span> <span class='ocrx_word' id='word_1_212' title='bbox 897 2987 1073 3070; x_wconf 87' lang='lat' dir='ltr'>dampnum</span> <span class='ocrx_word' id='word_1_213' title='bbox 1088 2989 1121 3052; x_wconf 92' lang='lat' dir='ltr'>in</span> <span class='ocrx_word' id='word_1_214' title='bbox 1139 2987 1243 3054; x_wconf 87' lang='lat' dir='ltr'>Comi·</span> 
     </span>
     <span class='ocr_line' id='line_1_26' title="bbox 126 3092 1246 3180; baseline 0.004 -23"><span class='ocrx_word' id='word_1_215' title='bbox 126 3099 191 3160; x_wconf 89' lang='lat' dir='ltr'>tatu</span> <span class='ocrx_word' id='word_1_216' title='bbox 206 3093 394 3180; x_wconf 82' lang='lat' dir='ltr'>Absereusi,</span> <span class='ocrx_word' id='word_1_217' title='bbox 410 3101 443 3158; x_wconf 90' lang='lat' dir='ltr'>et</span> <span class='ocrx_word' id='word_1_218' title='bbox 458 3115 522 3162; x_wconf 92' lang='lat' dir='ltr'>non</span> <span class='ocrx_word' id='word_1_219' title='bbox 539 3094 627 3161; x_wconf 85' lang='lat' dir='ltr'>faeta</span> <span class='ocrx_word' id='word_1_220' title='bbox 643 3094 773 3160; x_wconf 89' lang='lat' dir='ltr'>raoione</span> <span class='ocrx_word' id='word_1_221' title='bbox 790 3095 831 3160; x_wconf 91' lang='lat' dir='ltr'>de</span> <span class='ocrx_word' id='word_1_222' title='bbox 848 3095 919 3178; x_wconf 90' lang='lat' dir='ltr'>ipso</span> <span class='ocrx_word' id='word_1_223' title='bbox 936 3092 1100 3160; x_wconf 87' lang='lat' dir='ltr'>Comitatu</span> <span class='ocrx_word' id='word_1_224' title='bbox 1126 3093 1246 3178; x_wconf 83' lang='lat' dir='ltr'>fugerit</span> 
     </span>
     <span class='ocr_line' id='line_1_27' title="bbox 130 3199 1242 3288; baseline 0.002 -22"><span class='ocrx_word' id='word_1_225' title='bbox 130 3207 159 3266; x_wconf 90' lang='lat' dir='ltr'>et</span> <span class='ocrx_word' id='word_1_226' title='bbox 186 3199 284 3266; x_wconf 89' lang='lat' dir='ltr'>iverit</span> <span class='ocrx_word' id='word_1_227' title='bbox 316 3199 358 3265; x_wconf 84' lang='lat' dir='ltr'>ad</span> <span class='ocrx_word' id='word_1_228' title='bbox 390 3201 582 3268; x_wconf 86' lang='lat' dir='ltr'>Comitatum</span> <span class='ocrx_word' id='word_1_229' title='bbox 614 3201 727 3288; x_wconf 87' lang='lat' dir='ltr'>Vegle,</span> <span class='ocrx_word' id='word_1_230' title='bbox 761 3200 879 3268; x_wconf 87' lang='lat' dir='ltr'>debeat</span> <span class='ocrx_word' id='word_1_231' title='bbox 910 3201 1079 3268; x_wconf 85' lang='lat' dir='ltr'>restituere</span> <span class='ocrx_word' id='word_1_232' title='bbox 1109 3201 1242 3287; x_wconf 91' lang='lat' dir='ltr'>duplum</span> 
     </span>
     <span class='ocr_line' id='line_1_28' title="bbox 130 3307 1242 3394; baseline 0.004 -22"><span class='ocrx_word' id='word_1_233' title='bbox 130 3307 259 3394; x_wconf 82' lang='lat' dir='ltr'>dampni</span> <span class='ocrx_word' id='word_1_234' title='bbox 293 3308 353 3392; x_wconf 88' lang='lat' dir='ltr'>illi,</span> <span class='ocrx_word' id='word_1_235' title='bbox 385 3309 437 3374; x_wconf 88' lang='lat' dir='ltr'>oui</span> <span class='ocrx_word' id='word_1_236' title='bbox 468 3307 581 3376; x_wconf 87' lang='lat' dir='ltr'>feeerit</span> <span class='ocrx_word' id='word_1_237' title='bbox 612 3310 797 3394; x_wconf 89' lang='lat' dir='ltr'>dampnum,</span> <span class='ocrx_word' id='word_1_238' title='bbox 830 3308 858 3374; x_wconf 93' lang='lat' dir='ltr'>si</span> <span class='ocrx_word' id='word_1_239' title='bbox 875 3309 1039 3376; x_wconf 85' lang='lat' dir='ltr'>convietus</span> <span class='ocrx_word' id='word_1_240' title='bbox 1072 3309 1166 3376; x_wconf 86' lang='lat' dir='ltr'>suerit</span> <span class='ocrx_word' id='word_1_241' title='bbox 1183 3331 1242 3394; x_wconf 88' lang='lat' dir='ltr'>per</span> 
     </span>
     <span class='ocr_line' id='line_1_29' title="bbox 127 3413 1247 3500; baseline 0.004 -22"><span class='ocrx_word' id='word_1_242' title='bbox 127 3416 301 3498; x_wconf 67' lang='lat' dir='ltr'>rationem</span> <span class='ocrx_word' id='word_1_243' title='bbox 327 3422 359 3482; x_wconf 88' lang='lat' dir='ltr'>et</span> <span class='ocrx_word' id='word_1_244' title='bbox 375 3435 393 3481; x_wconf 92' lang='lat' dir='ltr'>e</span> <span class='ocrx_word' id='word_1_245' title='bbox 409 3425 565 3482; x_wconf 80' lang='lat' dir='ltr'>converso</span> <span class='ocrx_word' id='word_1_246' title='bbox 597 3435 655 3500; x_wconf 86' lang='lat' dir='ltr'>per</span> <span class='ocrx_word' id='word_1_247' title='bbox 686 3415 841 3482; x_wconf 88' lang='lat' dir='ltr'>Comitem</span> <span class='ocrx_word' id='word_1_248' title='bbox 866 3415 982 3482; x_wconf 84' lang='lat' dir='ltr'>Abseri</span> <span class='ocrx_word' id='word_1_249' title='bbox 999 3415 1067 3482; x_wconf 84' lang='lat' dir='ltr'>lieri</span> <span class='ocrx_word' id='word_1_250' title='bbox 1083 3413 1198 3482; x_wconf 90' lang='lat' dir='ltr'>debeat</span> <span class='ocrx_word' id='word_1_251' title='bbox 1215 3425 1247 3483; x_wconf 92' lang='lat' dir='ltr'>et</span> 
     </span>
     <span class='ocr_line' id='line_1_30' title="bbox 128 3520 1245 3606; baseline 0.004 -19"><span class='ocrx_word' id='word_1_252' title='bbox 128 3522 288 3590; x_wconf 86' lang='lat' dir='ltr'>observari</span> <span class='ocrx_word' id='word_1_253' title='bbox 299 3521 379 3588; x_wconf 92' lang='lat' dir='ltr'>illud</span> <span class='ocrx_word' id='word_1_254' title='bbox 389 3520 485 3588; x_wconf 91' lang='lat' dir='ltr'>idem.</span> <span class='ocrx_word' id='word_1_255' title='bbox 503 3522 584 3587; x_wconf 90' lang='lat' dir='ltr'>Item</span> <span class='ocrx_word' id='word_1_256' title='bbox 595 3521 788 3606; x_wconf 89' lang='lat' dir='ltr'>quloumque</span> <span class='ocrx_word' id='word_1_257' title='bbox 803 3521 965 3589; x_wconf 83' lang='lat' dir='ltr'>iudicatus</span> <span class='ocrx_word' id='word_1_258' title='bbox 979 3521 1077 3589; x_wconf 86' lang='lat' dir='ltr'>fuerit</span> <span class='ocrx_word' id='word_1_259' title='bbox 1093 3530 1125 3589; x_wconf 91' lang='lat' dir='ltr'>et</span> <span class='ocrx_word' id='word_1_260' title='bbox 1140 3525 1245 3592; x_wconf 87' lang='lat' dir='ltr'>solue·</span> 
     </span>
     <span class='ocr_line' id='line_1_31' title="bbox 128 3628 1246 3717; baseline 0.005 -23"><span class='ocrx_word' id='word_1_261' title='bbox 128 3649 158 3696; x_wconf 91' lang='lat' dir='ltr'>re</span> <span class='ocrx_word' id='word_1_262' title='bbox 175 3652 237 3698; x_wconf 87' lang='lat' dir='ltr'>uon</span> <span class='ocrx_word' id='word_1_263' title='bbox 257 3630 387 3715; x_wconf 88' lang='lat' dir='ltr'>poterit,</span> <span class='ocrx_word' id='word_1_264' title='bbox 403 3628 490 3695; x_wconf 81' lang='lat' dir='ltr'>iufra</span> <span class='ocrx_word' id='word_1_265' title='bbox 506 3629 689 3714; x_wconf 74' lang='lat' dir='ltr'>quindecim</span> <span class='ocrx_word' id='word_1_266' title='bbox 707 3629 775 3696; x_wconf 87' lang='lat' dir='ltr'>dies</span> <span class='ocrx_word' id='word_1_267' title='bbox 795 3631 865 3696; x_wconf 85' lang='lat' dir='ltr'>duri</span> <span class='ocrx_word' id='word_1_268' title='bbox 898 3629 1018 3696; x_wconf 85' lang='lat' dir='ltr'>debeat</span> <span class='ocrx_word' id='word_1_269' title='bbox 1052 3651 1107 3716; x_wconf 89' lang='lat' dir='ltr'>per</span> <span class='ocrx_word' id='word_1_270' title='bbox 1138 3651 1246 3717; x_wconf 86' lang='lat' dir='ltr'>perso-</span> 
     </span>
    </p>
   </div>
   <div class='ocr_carea' id='block_1_5' title="bbox 11 3735 1248 4363">
    <p class='ocr_par' dir='ltr' id='par_1_6' title="bbox 11 3735 1248 4363">
     <span class='ocr_line' id='line_1_32' title="bbox 130 3735 1247 3825; baseline 0.004 -23"><span class='ocrx_word' id='word_1_271' title='bbox 130 3757 196 3804; x_wconf 90' lang='lat' dir='ltr'>nam</span> <span class='ocrx_word' id='word_1_272' title='bbox 228 3739 288 3823; x_wconf 89' lang='lat' dir='ltr'>illi,</span> <span class='ocrx_word' id='word_1_273' title='bbox 322 3739 374 3804; x_wconf 87' lang='lat' dir='ltr'>oui</span> <span class='ocrx_word' id='word_1_274' title='bbox 405 3735 502 3804; x_wconf 86' lang='lat' dir='ltr'>luerit</span> <span class='ocrx_word' id='word_1_275' title='bbox 533 3737 747 3822; x_wconf 81' lang='lat' dir='ltr'>adiudicatus,</span> <span class='ocrx_word' id='word_1_276' title='bbox 779 3738 822 3804; x_wconf 87' lang='lat' dir='ltr'>ad</span> <span class='ocrx_word' id='word_1_277' title='bbox 838 3737 1041 3804; x_wconf 90' lang='lat' dir='ltr'>retinendum</span> <span class='ocrx_word' id='word_1_278' title='bbox 1058 3757 1129 3804; x_wconf 88' lang='lat' dir='ltr'>oum</span> <span class='ocrx_word' id='word_1_279' title='bbox 1146 3760 1247 3825; x_wconf 91' lang='lat' dir='ltr'>usque</span> 
     </span>
     <span class='ocr_line' id='line_1_33' title="bbox 11 3826 1248 3930; baseline 0.005 -20"><span class='ocrx_word' id='word_1_280' title='bbox 11 3826 12 3844; x_wconf 43' lang='lat'>¹</span> <span class='ocrx_word' id='word_1_281' title='bbox 130 3845 199 3910; x_wconf 90' lang='lat' dir='ltr'>dum</span> <span class='ocrx_word' id='word_1_282' title='bbox 216 3847 358 3914; x_wconf 84' lang='lat' dir='ltr'>solverit.</span> <span class='ocrx_word' id='word_1_283' title='bbox 375 3843 444 3922; x_wconf 81' lang='lat' dir='ltr'>Qus</span> <span class='ocrx_word' id='word_1_284' title='bbox 460 3844 591 3928; x_wconf 90' lang='lat' dir='ltr'>quidem</span> <span class='ocrx_word' id='word_1_285' title='bbox 608 3845 717 3912; x_wconf 89' lang='lat' dir='ltr'>omnia</span> <span class='ocrx_word' id='word_1_286' title='bbox 733 3843 920 3930; x_wconf 83' lang='lat' dir='ltr'>supradiots</span> <span class='ocrx_word' id='word_1_287' title='bbox 935 3845 986 3911; x_wconf 87' lang='lat' dir='ltr'>vir</span> <span class='ocrx_word' id='word_1_288' title='bbox 997 3843 1116 3914; x_wconf 89' lang='lat' dir='ltr'>nobilis</span> <span class='ocrx_word' id='word_1_289' title='bbox 1131 3846 1248 3916; x_wconf 89' lang='lat' dir='ltr'>Comes</span> 
     </span>
     <span class='ocr_line' id='line_1_34' title="bbox 132 3949 1243 4037; baseline 0.004 -19"><span class='ocrx_word' id='word_1_290' title='bbox 132 3952 296 4020; x_wconf 81' lang='lat' dir='ltr'>Schinella</span> <span class='ocrx_word' id='word_1_291' title='bbox 327 3973 386 4037; x_wconf 89' lang='lat' dir='ltr'>pro</span> <span class='ocrx_word' id='word_1_292' title='bbox 417 3971 453 4019; x_wconf 89' lang='lat' dir='ltr'>se</span> <span class='ocrx_word' id='word_1_293' title='bbox 486 3959 519 4017; x_wconf 92' lang='lat' dir='ltr'>et</span> <span class='ocrx_word' id='word_1_294' title='bbox 550 3952 623 4018; x_wconf 89' lang='lat' dir='ltr'>liliis</span> <span class='ocrx_word' id='word_1_295' title='bbox 652 3953 902 4018; x_wconf 84' lang='lat' dir='ltr'>suisaeeorum</span> <span class='ocrx_word' id='word_1_296' title='bbox 925 3949 1107 4032; x_wconf 85' lang='lat' dir='ltr'>heredibus,</span> <span class='ocrx_word' id='word_1_297' title='bbox 1126 3954 1243 4036; x_wconf 90' lang='lat' dir='ltr'>quibus</span> 
     </span>
     <span class='ocr_line' id='line_1_35' title="bbox 12 4047 1243 4146; baseline 0.002 -19"><span class='ocrx_word' id='word_1_298' title='bbox 12 4047 13 4100; x_wconf 62' lang='lat' dir='ltr'>l</span> <span class='ocrx_word' id='word_1_299' title='bbox 130 4081 280 4130; x_wconf 85' lang='lat' dir='ltr'>eouoessa</span> <span class='ocrx_word' id='word_1_300' title='bbox 312 4069 361 4128; x_wconf 88' lang='lat' dir='ltr'>est</span> <span class='ocrx_word' id='word_1_301' title='bbox 392 4061 550 4128; x_wconf 85' lang='lat' dir='ltr'>medietas</span> <span class='ocrx_word' id='word_1_302' title='bbox 568 4060 679 4146; x_wconf 87' lang='lat' dir='ltr'>Vegle,</span> <span class='ocrx_word' id='word_1_303' title='bbox 697 4082 736 4127; x_wconf 87' lang='lat' dir='ltr'>ao</span> <span class='ocrx_word' id='word_1_304' title='bbox 754 4060 870 4127; x_wconf 89' lang='lat' dir='ltr'>nobilis</span> <span class='ocrx_word' id='word_1_305' title='bbox 886 4058 935 4124; x_wconf 87' lang='lat' dir='ltr'>uir</span> <span class='ocrx_word' id='word_1_306' title='bbox 950 4059 1140 4127; x_wconf 83' lang='lat' dir='ltr'>Frederious</span> <span class='ocrx_word' id='word_1_307' title='bbox 1158 4061 1243 4129; x_wconf 81' lang='lat' dir='ltr'>filius</span> 
     </span>
     <span class='ocr_line' id='line_1_36' title="bbox 13 4164 1243 4254; baseline 0.001 -20"><span class='ocrx_word' id='word_1_308' title='bbox 13 4170 14 4176; x_wconf 74' lang='grc'>’</span> <span class='ocrx_word' id='word_1_309' title='bbox 130 4164 254 4236; x_wconf 86' lang='lat' dir='ltr'>Comitis</span> <span class='ocrx_word' id='word_1_310' title='bbox 279 4167 437 4236; x_wconf 67' lang='lat' dir='ltr'>(luidonis</span> <span class='ocrx_word' id='word_1_311' title='bbox 455 4189 512 4254; x_wconf 91' lang='lat' dir='ltr'>pro</span> <span class='ocrx_word' id='word_1_312' title='bbox 529 4190 564 4236; x_wconf 88' lang='lat' dir='ltr'>se</span> <span class='ocrx_word' id='word_1_313' title='bbox 581 4174 613 4235; x_wconf 92' lang='lat' dir='ltr'>et</span> <span class='ocrx_word' id='word_1_314' title='bbox 627 4167 781 4235; x_wconf 84' lang='lat' dir='ltr'>fratribus</span> <span class='ocrx_word' id='word_1_315' title='bbox 799 4166 867 4234; x_wconf 90' lang='lat' dir='ltr'>suis</span> <span class='ocrx_word' id='word_1_316' title='bbox 883 4172 915 4232; x_wconf 92' lang='lat' dir='ltr'>et</span> <span class='ocrx_word' id='word_1_317' title='bbox 931 4185 1040 4232; x_wconf 89' lang='lat' dir='ltr'>eorum</span> <span class='ocrx_word' id='word_1_318' title='bbox 1057 4165 1243 4254; x_wconf 87' lang='lat' dir='ltr'>heredibus,</span> 
     </span>
     <span class='ocr_line' id='line_1_37' title="bbox 132 4273 1245 4363; baseline -0.001 -21"><span class='ocrx_word' id='word_1_319' title='bbox 132 4279 287 4358; x_wconf 90' lang='lat' dir='ltr'>quierunt</span> <span class='ocrx_word' id='word_1_320' title='bbox 317 4275 458 4342; x_wconf 87' lang='lat' dir='ltr'>Comites</span> <span class='ocrx_word' id='word_1_321' title='bbox 488 4275 603 4363; x_wconf 88' lang='lat' dir='ltr'>Vegle,</span> <span class='ocrx_word' id='word_1_322' title='bbox 634 4297 672 4342; x_wconf 90' lang='lat' dir='ltr'>ae</span> <span class='ocrx_word' id='word_1_323' title='bbox 688 4275 872 4342; x_wconf 91' lang='lat' dir='ltr'>homiuibus</span> <span class='ocrx_word' id='word_1_324' title='bbox 888 4273 991 4340; x_wconf 89' lang='lat' dir='ltr'>tooius</span> <span class='ocrx_word' id='word_1_325' title='bbox 1008 4273 1117 4339; x_wconf 89' lang='lat' dir='ltr'>Insnle</span> <span class='ocrx_word' id='word_1_326' title='bbox 1133 4274 1245 4361; x_wconf 86' lang='lat' dir='ltr'>Vegle,</span> 
     </span>
    </p>
   </div>
   <div class='ocr_carea' id='block_1_6' title="bbox 133 4380 1246 4572">
    <p class='ocr_par' dir='ltr' id='par_1_7' title="bbox 133 4380 1246 4572">
     <span class='ocr_line' id='line_1_38' title="bbox 133 4380 1246 4468; baseline 0.001 -22"><span class='ocrx_word' id='word_1_327' title='bbox 133 4401 167 4448; x_wconf 89' lang='lat' dir='ltr'>ao</span> <span class='ocrx_word' id='word_1_328' title='bbox 182 4383 287 4451; x_wconf 88' lang='lat' dir='ltr'>dietus</span> <span class='ocrx_word' id='word_1_329' title='bbox 302 4381 421 4449; x_wconf 91' lang='lat' dir='ltr'>nobilis</span> <span class='ocrx_word' id='word_1_330' title='bbox 437 4382 486 4447; x_wconf 81' lang='lat' dir='ltr'>vir</span> <span class='ocrx_word' id='word_1_331' title='bbox 500 4382 667 4452; x_wconf 88' lang='lat' dir='ltr'>Johaunes</span> <span class='ocrx_word' id='word_1_332' title='bbox 684 4382 832 4468; x_wconf 84' lang='lat' dir='ltr'>Teupolo</span> <span class='ocrx_word' id='word_1_333' title='bbox 848 4383 961 4448; x_wconf 86' lang='lat' dir='ltr'>Comes</span> <span class='ocrx_word' id='word_1_334' title='bbox 982 4380 1157 4446; x_wconf 87' lang='lat' dir='ltr'>Abserenis</span> <span class='ocrx_word' id='word_1_335' title='bbox 1189 4402 1246 4467; x_wconf 89' lang='lat' dir='ltr'>pro</span> 
     </span>
     <span class='ocr_line' id='line_1_39' title="bbox 133 4487 1246 4572; baseline -0.001 -17"><span class='ocrx_word' id='word_1_336' title='bbox 133 4507 164 4556; x_wconf 89' lang='lat' dir='ltr'>se</span> <span class='ocrx_word' id='word_1_337' title='bbox 178 4497 210 4557; x_wconf 87' lang='lat' dir='ltr'>et</span> <span class='ocrx_word' id='word_1_338' title='bbox 224 4489 411 4557; x_wconf 89' lang='lat' dir='ltr'>hominibus</span> <span class='ocrx_word' id='word_1_339' title='bbox 442 4489 544 4556; x_wconf 89' lang='lat' dir='ltr'>tooius</span> <span class='ocrx_word' id='word_1_340' title='bbox 576 4490 757 4559; x_wconf 88' lang='lat' dir='ltr'>Comitatus</span> <span class='ocrx_word' id='word_1_341' title='bbox 774 4491 890 4556; x_wconf 86' lang='lat' dir='ltr'>Abseri</span> <span class='ocrx_word' id='word_1_342' title='bbox 908 4496 940 4556; x_wconf 88' lang='lat' dir='ltr'>et</span> <span class='ocrx_word' id='word_1_343' title='bbox 956 4487 1078 4572; x_wconf 89' lang='lat' dir='ltr'>Cbersi‚</span> <span class='ocrx_word' id='word_1_344' title='bbox 1095 4488 1246 4572; x_wconf 88' lang='lat' dir='ltr'>promise-</span> 
     </span>
    </p>
   </div>
   <div class='ocr_carea' id='block_1_7' title="bbox 14 4595 1247 4692">
    <p class='ocr_par' dir='ltr' id='par_1_8' title="bbox 14 4595 1247 4692">
     <span class='ocr_line' id='line_1_40' title="bbox 14 4595 1247 4692; baseline -0.002 -28"><span class='ocrx_word' id='word_1_345' title='bbox 14 4605 15 4612; x_wconf 78' lang='grc'>’</span> <span class='ocrx_word' id='word_1_346' title='bbox 134 4608 202 4664; x_wconf 85' lang='lat' dir='ltr'>runt</span> <span class='ocrx_word' id='word_1_347' title='bbox 217 4619 288 4664; x_wconf 87' lang='lat' dir='ltr'>oum</span> <span class='ocrx_word' id='word_1_348' title='bbox 307 4597 457 4682; x_wconf 83' lang='lat' dir='ltr'>expensis</span> <span class='ocrx_word' id='word_1_349' title='bbox 474 4603 507 4664; x_wconf 89' lang='lat' dir='ltr'>et</span> <span class='ocrx_word' id='word_1_350' title='bbox 522 4597 772 4683; x_wconf 86' lang='lat' dir='ltr'>obligationibus</span> <span class='ocrx_word' id='word_1_351' title='bbox 793 4598 933 4664; x_wconf 89' lang='lat' dir='ltr'>omnium</span> <span class='ocrx_word' id='word_1_352' title='bbox 944 4595 1247 4692; x_wconf 68' lang='lat' dir='ltr'>suorumbouornm,</span> 
     </span>
    </p>
   </div>
   <div class='ocr_carea' id='block_1_8' title="bbox 0 0 1600 5162">
    <p class='ocr_par' dir='ltr' id='par_1_9' title="bbox 0 0 1600 5162">
     <span class='ocr_line' id='line_1_41' title="bbox 0 0 1600 5162; baseline 0 0"><span class='ocrx_word' id='word_1_353' title='bbox 0 0 1600 5162; x_wconf 95' lang='lat' dir='ltr'> </span> 
     </span>
    </p>
   </div>
  </div>
 </body>
</html>
