3078 5128
594 244 753 344 „gc-5—

116 439 185 505 lcrc
200 445 349 528 potuero,
365 441 436 508 siue
453 460 514 526 que
530 459 778 527 comparauero,
811 441 935 524 ubsque
953 441 1023 508 ullu
1054 442 1236 510 contradic·

113 548 199 615 cione
215 569 297 634 sepe
314 549 400 617 dicte
415 549 565 618 Ecclesie
580 569 632 617 me
648 550 796 635 plenarie
806 549 957 616 daturum
968 549 1124 618 deuoneo.
1141 551 1238 619 Dabo

116 657 213 724 eciam
230 678 333 724 unum
351 678 480 726 sernum
498 659 630 726 nominc
646 658 827 742 Gratshcn3
852 660 900 724 its
924 665 960 726 ul
984 678 1045 726 nec
1071 659 1130 744 filij
1164 665 1238 745 post

112 773 238 832 mortem
256 786 375 856 meam,
389 786 450 834 neu
466 787 557 852 uxor,
575 787 633 834 nec
650 766 770 850 aliquis
787 767 827 834 de
843 767 992 850 cognatis
1010 767 1091 834 meis
1107 767 1151 834 ab
1176 769 1236 834 Idc-

112 873 205 941 clesio
222 873 393 942 ullomodo
411 874 560 942 cumdcm
576 875 679 960 possit
695 875 870 957 requirere,
888 874 948 942 sed
965 880 1122 962 perpetuu
1135 873 1234 942 liber·

111 987 173 1047 tute
189 982 317 1049 seruiat
331 982 404 1050 loco
420 981 591 1068 sepulture
607 1002 677 1050 mcc
693 1002 750 1067 pro
767 983 875 1050 solute
892 981 1000 1048 anime
1026 1001 1086 1048 sue
1110 987 1144 1048 et
1167 1003 1239 1050 mec

112 1091 314 1176 filicmmque
330 1112 472 1159 meorum
490 1113 530 1159 uc
545 1111 781 1173 successorum,
798 1090 953 1159 obediens
969 1110 1029 1178 per
1044 1091 1155 1158 omniu
1181 1090 1238 1157 du-

113 1198 193 1267 mino
209 1199 337 1267 Abbati
352 1219 392 1267 ac
408 1200 576 1286 frutribus,
593 1207 625 1268 ct
641 1199 703 1268 sibi
719 1218 797 1266 suus
823 1197 977 1266 succedat
1001 1199 1101 1266 filins.
1141 1197 1238 1278 Quod

114 1307 140 1370 ei
151 1306 226 1390 jure
241 1306 446 1376 Patronutus
461 1307 583 1396 potitus
599 1328 663 1375 non
679 1307 778 1395 lucro,
796 1306 1025 1376 nichilominus
1043 1313 1153 1375 tcmcn
1164 1325 1238 1391 pec·

113 1415 247 1502 cuniam,
264 1422 561 1502 quantamcunque,
596 1423 732 1502 excepto
749 1415 885 1483 Orutsen
902 1416 957 1483 uel
972 1415 1079 1502 terris,
1112 1413 1146 1481 in
1162 1413 1237 1480 sim·

113 1518 185 1604 plici
200 1527 350 1607 urgento,
365 1523 398 1590 iu
415 1523 517 1610 equis,
532 1522 569 1589 in
584 1522 710 1609 ouibus,
726 1523 759 1588 in
777 1523 893 1610 bubus,
908 1528 940 1589 et
956 1520 991 1590 in
1007 1521 1156 1590 omnibus
1172 1541 1237 1588 mo·

114 1626 225 1696 bilibus
242 1629 394 1698 Ecclesia
410 1649 488 1716 sepo
504 1629 594 1697 dictu
611 1649 651 1698 ex
666 1634 760 1716 porte
777 1629 940 1718 habuerit,
965 1629 1057 1696 nullo
1074 1627 1238 1696 contrudi·

116 1743 201 1804 uentc
216 1737 402 1822 possidebit
419 1736 641 1824 Omnipotsuti
658 1739 729 1806 Deo
746 1745 779 1804 ct
795 1737 946 1822 genitrici
963 1736 1034 1806 cius
1062 1735 1095 1802 in
1122 1736 1238 1805 elemo-

116 1843 214 1910 sinam
232 1845 399 1925 oblotcm3
424 1864 483 1913 nco
514 1863 659 1928 unquam
688 1844 811 1930 aliquis
843 1849 988 1912 nostrum
1018 1863 1059 1911 ex
1084 1842 1239 1930 predictis

117 1949 234 2034 sliquid
252 1954 421 2037 requirere
436 1973 477 2020 cx
494 1972 534 2021 eu
548 1955 681 2039 poterit
711 1955 833 2020 Datum
850 1973 938 2020 anno
965 1951 1097 2020 Domini
1128 1952 1234 2020 mille·

116 2057 474 2146 sinocc·xxx⁰vl1⁰
490 2061 645 2148 Suprunii
661 2061 798 2130 testibus
815 2081 912 2145 quam
929 2059 1077 2145 pluribus
1092 2061 1140 2128 roi
1156 2060 1238 2128 veri·

117 2173 209 2235 tutem
224 2169 413 2238 scientibus

120 2367 252 2426 (drocus
272 2368 458 2436 borhtrtydn
479 2368 599 2433 molyrol
617 2381 635 2418 s
647 2367 744 2434 pecstt
762 2367 1000 2436 htrtyszrineqen
1018 2367 1097 2436 mog,
1116 2382 1134 2420 s
1151 2367 1239 2422 budsl

463 2459 516 2510 kir.
539 2457 666 2510 kemnsi
680 2456 878 2522 levtlttrban.)

640 3282 716 3352 tut.

23 3569 24 3584 χ
124 3485 217 3556 Delus
232 3487 404 3556 uddoruuk
425 3485 530 3552 Ouzeu
546 3483 595 3552 δι.
616 3482 752 3571 Gyo'rqy
775 3485 932 3569 delysdqet
958 3481 1115 3567 tcirqyozd
1138 3480 1241 3546 iuteo

23 3611 24 3614 ’
259 3593 365 3682 Csapd
381 3617 479 3662 comcs
495 3595 527 3660 6⁸
546 3593 642 3659 libor
656 3602 767 3658 muter
783 3591 863 3657 tuat.
879 3583 977 3656 1237.
994 3588 1095 3655 torel.

23 3849 25 3886 p
220 3794 288 3860 Nos
303 3735 483 3878 Dyonisius
498 3790 615 3856 Comes
631 3787 673 3855 de
688 3785 819 3854 Suunuc
834 3785 995 3854 uniuersis
1011 3783 1129 3870 quibus
1145 3802 1240 3870 expc-

127 3895 210 3968 dierit
226 3899 457 3986 significamus,
474 3897 564 3983 qnod
580 3896 695 3964 Comes
712 3895 845 3982 Ohupou
863 3913 903 3960 ex
919 3913 985 3960 unu
1000 3899 1103 3980 purte,
1136 3893 1240 3977 Magi·

23 4029 25 4051 ²
126 4013 183 4076 ster
196 4009 368 4076 Tibnrcios
386 4027 426 4074 ex
442 4007 551 4073 ultera
568 4025 677 4072 coram
694 4003 788 4071 nobis
805 4001 971 4068 constituti
987 4021 1008 4067 a
1024 4000 1120 4067 nobis
1136 3997 1239 4066 humi·

23 4171 25 4204 ‚
126 4113 189 4185 liter
202 4115 417 4202 postularunt,
450 4113 535 4198 quod
552 4120 677 4200 purtem
692 4117 788 4196 terre,
805 4129 868 4196 quc
884 4106 1001 4176 dicitur
1033 4105 1144 4175 Oxncu
1159 4106 1239 4176 Sen·
1334 4123 1338 4128 ·

127 4243 209 4313 gurg,
225 4243 322 4311 quum
339 4223 387 4290 eis
404 4220 605 4303 contulimus,
624 4219 672 4288 eis
689 4217 793 4286 diuidi
809 4215 1000 4286 luceremus.
1022 4215 1092 4283 Nos
1106 4233 1185 4284 uero
1197 4214 1241 4282 ad

125 4327 239 4398 illorum
255 4329 448 4418 peticionem
466 4327 612 4394 misimus
629 4325 787 4410 quosdam
804 4323 932 4392 nobiles
948 4322 1038 4390 uiros
1050 4323 1168 4408 probos
1179 4321 1242 4388 huc

128 4437 181 4507 fide
196 4437 315 4523 dignus
332 4439 404 4506 niue
419 4435 519 4504 nostri
535 4435 578 4504 ud
594 4433 804 4502 diuidendum
824 4431 1002 4518 predictam
1020 4437 1151 4517 terrum,
1178 4429 1238 4498 sci·

123 4543 190 4616 licet
206 4545 408 4616 Dominicum
425 4545 466 4612 de
481 4545 597 4633 lyco,¹
610 4543 775 4610 llmricum
791 4539 892 4608 lilium
908 4537 1012 4628 Vgud,
1044 4536 1237 4608 Michaclcm
