3120 5148
631 968 683 1035 to.

98 1165 141 1232 dl.
170 1167 281 1232 Eudae
306 1163 418 1250 kirdly
442 1167 662 1230 vdodrrartdai
679 1167 774 1250 joqot
806 1162 988 1249 eoyeddlyez
1020 1184 1041 1226 0
1071 1163 1224 1246 topookai

232 1274 379 1360 apdtuek
396 1271 549 1336 Buobueu
566 1271 727 1355 belyreyre
742 1265 846 1334 tresue.
866 1271 960 1336 1213.
976 1269 1076 1336 borel.

201 1464 351 1533 Andreas
367 1465 429 1532 Dei
444 1465 555 1548 gracia
570 1463 739 1546 Huugarie
753 1463 823 1531 Rex
841 1471 911 1544 eta,
928 1463 1075 1530 omnibus
1086 1461 1129 1528 ad
1141 1481 1222 1546 quos

105 1594 229 1660 presens
246 1574 402 1657 seriptum
419 1571 604 1657 pervenerit
618 1572 767 1638 salutem.
783 1569 996 1638 Presentibus
1012 1577 1123 1638 notum
1140 1588 1223 1656 esse,

104 1682 255 1761 volumus,
270 1689 302 1746 et
316 1699 379 1746 non
398 1679 499 1744 latere
516 1683 675 1762 posteros,
710 1697 771 1744 nos
789 1677 998 1744 elemosinam
1014 1683 1158 1744 nostrum
1183 1677 1224 1744 de

106 1787 232 1874 Topliea
246 1787 281 1853 in
298 1786 447 1854 omuibus
474 1787 679 1869 augmentari
710 1785 887 1873 eapientes,
925 1784 1045 1851 Abbati
1077 1785 1223 1854 eiusdem

105 1895 160 1962 looi
175 1895 377 1962 concessisse
394 1901 425 1960 et
441 1893 611 1960 lieeneiam
628 1891 767 1979 dedisse,
792 1891 897 1957 iorum
922 1889 1066 1958 faciendi
1098 1892 1132 1957 in
1164 1891 1225 1959 Be·

107 2001 208 2082 ebuso,
225 2001 312 2084 quod
330 2001 443 2069 eadem
460 1999 615 2068 firmitate
645 2001 858 2082 libertateque
889 1999 1036 2065 volumus
1068 1997 1225 2084 roborari,
1361 2029 1370 2044 ·

106 2127 165 2191 qua
180 2114 289 2176 uetera
303 2108 409 2192 Regni
425 2106 527 2176 nostri
544 2106 620 2173 sora
635 2107 779 2190 gaudere
796 2105 1017 2173 dinoscuntur.
1056 2104 1141 2171 Hine
1173 2113 1224 2174 est

109 2217 186 2298 quod
201 2215 348 2285 districte
364 2215 562 2302 precipimus
580 2221 611 2281 et
643 2217 703 2283 snb
734 2235 819 2299 pena
851 2213 953 2298 Regie
984 2211 1226 2295 indignacionis

107 2323 279 2409 indicimus,
296 2345 337 2390 ne
354 2322 426 2406 quis
443 2323 593 2392 homines
609 2321 824 2406 undeounque
842 2317 1019 2388 addietum
1037 2319 1139 2386 iorum
1173 2339 1226 2386 ve-

107 2431 221 2498 nientes
237 2449 295 2498 sau
312 2429 388 2498 inde
404 2429 595 2498 recedentes
615 2427 772 2514 impedire
796 2428 849 2496 vel
875 2427 1050 2496 molestare
1083 2447 1225 2514 presum-

107 2543 176 2619 mat,
192 2536 250 2604 sed
265 2537 378 2622 poeius
395 2537 504 2620 gratie
521 2543 632 2604 nostre
648 2519 909 2620 reouueraeionis
926 2535 1061 2602 obtentu
1079 2553 1137 2602 eos
1154 2555 1227 2620 pro·

107 2649 190 2724 tegat
204 2649 236 2710 et
251 2643 419 2711 defendat.

191 2841 351 2904 (Thalesies,
370 2841 494 2893 Menum.
514 2841 579 2892 bist.
599 2841 692 2904 Epioe.
711 2839 908 2905 zagrabiensis
928 2840 951 2890 1.
971 2841 1029 2892 ket.
1052 2843 1093 2890 34.
1112 2841 1144 2902 1.)

531 3125 800 3138 *ιι-

641 3655 695 3723 81).

104 3851 155 3916 ΙΙ.
172 3851 279 3919 hadre
303 3852 411 3936 kirdly
436 3872 457 3914 α
480 3851 635 3939 tepuebui
658 3861 818 3919 monostor·
842 3855 995 3939 adpsiuek
1012 3853 1088 3939 jooi
1113 3854 1235 3922 abasse

467 3957 639 4044 bistordtju.
658 3959 755 4028 1213.
771 3961 877 4028 1000011

215 4153 364 4221 Andreas
381 4153 442 4220 Dei
459 4153 573 4238 grauia
588 4153 755 4239 Hungerie
771 4157 840 4222 Rex
857 4163 917 4224 ete.
960 4155 1109 4238 Preoipio
1134 4155 1234 4221 omni·

107 4262 171 4329 bns
188 4280 323 4346 presens
339 4259 493 4346 seriptum
521 4261 726 4346 inspecturis,
756 4263 842 4347 quod
872 4264 1063 4348 quicumque
1095 4261 1235 4344 populos

107 4367 245 4436 Abbatis
260 4367 464 4455 Γ1001100001
480 4374 588 4436 terras
604 4369 786 4456 detinuerit,
803 4371 854 4435 vel
871 4389 969 4454 super
985 4367 1125 4452 populos
1150 4366 1237 4434 iilius

108 4476 264 4562 fertonem
281 4475 438 4560 eollegire
453 4475 547 4542 nobis
564 4475 684 4564 feeerit,
701 4483 733 4543 et
748 4477 837 4564 ipsos
854 4496 926 4542 oum
942 4481 1030 4543 terra
1061 4473 1236 4540 eorundem

107 4583 258 4651 restituat
274 4581 423 4651 Abbaoie
439 4589 616 4667 prenotate.
636 4581 730 4660 Quod
746 4585 774 4651 si
791 4604 856 4650 non
866 4581 988 4660 feeerit,
998 4583 1079 4648 iram
1092 4588 1236 4650 nostram
