3208 5158
623 230 782 341 -mr-

130 429 244 521 potius
260 434 454 502 affectamus
470 435 505 503 in
520 455 579 502 sno
594 436 708 520 vigore
723 435 905 522 persistere,
920 455 984 521 qno
999 435 1114 504 ineius
1129 435 1254 506 lesione

131 543 162 610 si
179 563 248 626 qua
263 541 379 610 referri
405 543 469 610 sibi
499 543 715 630 contingeret,
745 543 857 610 durius
888 563 1107 629 gravaremur.
1136 543 1188 611 Ao
1205 545 1265 611 hee

131 652 247 740 igitur,
270 652 355 721 sicut
387 651 529 738 expedit,
552 651 697 719 animum
713 657 947 736 convertentes,
964 653 1009 740 id,
1023 653 1107 738 qnod
1123 651 1207 722 sieut
1222 654 1265 720 ad

133 767 281 828 nostrum
300 762 450 848 pervenit
465 759 622 842 auditum,
637 759 784 828 Baroues
800 769 832 828 ct
847 759 904 828 alii
916 759 1041 828 nobiles
1057 758 1134 826 dicti
1149 760 1267 848 Regni,

133 866 259 936 Divine
276 869 362 954 legis
378 869 620 938 institucionem
635 874 818 955 pervertere
833 890 898 936 non
913 875 1062 937 verentes
1077 867 1111 932 in
1127 865 1267 952 preiudi-

135 974 226 1041 cinm
240 975 406 1044 libertatis
433 975 659 1045 ecclesiastice
676 975 838 1043 duxerant
853 975 1072 1060 statuendum,
1089 973 1266 1042 videlicet:

133 1090 172 1150 ut
188 1082 318 1150 decime
348 1105 414 1152 non
447 1085 650 1153 solverentur
680 1083 836 1152 Ecclesiis
866 1084 957 1150 iuxta
971 1103 1095 1152 morem
1111 1090 1145 1151 et
1160 1082 1264 1169 ipsius

133 1193 244 1276 Regni
262 1192 531 1262 consuetudinem
546 1192 680 1279 pacifice
696 1191 818 1260 diutins
834 1193 1059 1276 observatam
1076 1197 1110 1260 et
1140 1191 1269 1258 carissi·

134 1299 182 1367 mi
200 1300 233 1366 in
266 1299 397 1368 Christo
428 1300 489 1368 filii
519 1300 620 1366 nostri
646 1300 728 1368 Bela
743 1309 775 1368 et
789 1299 985 1386 Stephanus,
1002 1298 1148 1384 Vngarie
1162 1299 1269 1383 Reges

137 1409 287 1477 illustres
313 1409 509 1476 anctoritate
539 1407 644 1494 Regia
675 1409 912 1494 confirmarant,
942 1409 1102 1496 corporali
1134 1407 1270 1493 prestito

138 1517 338 1604 iuramento,
365 1517 451 1603 quod
476 1516 559 1583 illud
576 1519 788 1584 observarent
804 1522 836 1584 et
851 1517 996 1586 facerent
1011 1539 1033 1585 a
1048 1517 1115 1584 suis
1131 1513 1270 1582 subditis

138 1623 333 1712 observari;
358 1624 489 1692 omnino
519 1624 645 1692 irritum
677 1632 709 1692 et
738 1613 859 1692 innane
891 1624 1106 1708 decernimus,
1150 1624 1271 1691 dictum

138 1733 358 1800 iuramentum
376 1731 581 1802 temerarium
607 1741 807 1821 reputantes,
825 1741 857 1801 et
872 1734 960 1820 ipsos
977 1735 1081 1818 Reges
1096 1732 1270 1801 decernen-

137 1848 191 1908 tes
207 1839 251 1906 ad
261 1841 529 1910 observacionem
544 1841 648 1928 ipsius
663 1841 870 1926 aliquatenus
885 1862 949 1910 non
965 1841 1075 1918 teneri,
1100 1839 1270 1927 Quocirca,
1331 1883 1334 1888 -

139 1955 239 2038 prout
269 1954 418 2016 nostrum
448 1969 509 2016 nos
539 1947 688 2016 hortatur
718 1947 869 2036 officinm,
900 1949 991 2016 vobis
1006 1967 1065 2035 per
1081 1946 1272 2032 Apostolica

139 2058 267 2142 scripte
281 2056 416 2123 firmiter
430 2055 642 2142 precipiendo
658 2055 861 2144 mandamus,
877 2061 1039 2140 quatenus
1054 2075 1113 2123 vos
1137 2053 1268 2122 univer·

141 2163 172 2230 si
198 2170 231 2231 ct
257 2164 380 2250 singuli
395 2165 485 2232 circa
499 2163 674 2233 tuicionem
690 2165 850 2232 libertatis
866 2163 1086 2230 ecclesiastice
1101 2183 1141 2230 ac
1158 2161 1268 2230 deten-

142 2271 271 2340 sionem
288 2271 409 2341 iurium
425 2272 717 2342 ecclesiasticorum
736 2273 876 2341 sollicite
906 2272 1094 2357 vigilantes,
1111 2272 1198 2340 latas
1213 2291 1271 2338 sen

143 2379 299 2449 serendas
331 2386 467 2467 propter
495 2379 594 2448 hoca
609 2381 702 2449 nobis
733 2381 910 2448 comuniter
925 2379 980 2448 vel
996 2380 1128 2450 divisim
1148 2400 1271 2450 excom·

144 2488 387 2558 munieecionis
402 2489 458 2558 vel
472 2489 637 2558 interdicti
653 2511 711 2558 seu
728 2511 937 2575 quascunque
961 2491 1140 2560 sententias
1171 2488 1272 2558 invio-

143 2597 291 2666 labiliter
314 2597 505 2684 observetis,
524 2605 559 2666 et
573 2599 704 2667 faciatis
719 2600 898 2666 alterutras
912 2600 1103 2688 sententias,
1119 2605 1274 2683 qnantum

142 2705 180 2772 iu
212 2704 306 2774 vobis
338 2703 442 2788 luerit,
472 2706 649 2792 observari,
681 2711 712 2773 et
726 2706 894 2774 Ecclesiae
924 2707 1019 2775 vobis
1049 2706 1225 2796 subiectas,
1242 2717 1274 2776 ct

144 2813 284 2881 elericos
318 2813 504 2881 carumdem
521 2821 617 2900 prout
640 2813 684 2881 ad
700 2819 841 2882 vestrum
855 2819 984 2900 spectat
999 2815 1141 2882 officium
1156 2815 1190 2884 in
1206 2817 1273 2884 suis

140 2922 270 2990 iuribus
287 2929 318 2990 et
333 2921 540 2990 libertatibus
556 2919 749 2990 defendatis.
780 2922 932 2990 Decimae
962 2921 1193 2990 nichilominus
1211 2925 1276 2990 eis·

141 3029 220 3098 dem
250 3030 408 3098 Eoolesiis
437 3030 531 3098 iuxta
554 3050 675 3098 morem
691 3037 724 3098 et
739 3031 1005 3100 consuetudinem
1022 3033 1126 3116 patric
1143 3030 1274 3098 debitas

142 3140 189 3206 ab
230 3137 376 3224 ipsarum
411 3139 628 3207 Ecclesiarnm
668 3138 875 3226 parochianis
914 3139 1046 3225 exigere
1084 3139 1274 3208 nullatenus

142 3247 366 3334 omittentes,
397 3241 461 3316 uon
493 3249 644 3316 obstante
667 3248 777 3334 aliquo
807 3253 929 3316 statuto
953 3247 1117 3316 contrario
1141 3247 1276 3316 alaieis

141 3373 248 3440 super
262 3353 323 3422 hec
353 3353 455 3440 edito,
486 3353 604 3424 litteris
633 3357 758 3441 Regum
790 3355 895 3440 Regni
920 3355 1066 3439 Vngarie
1090 3375 1130 3423 ac
1151 3356 1276 3440 Regum

142 3461 335 3532 eorumdem
365 3461 543 3531 iuratorum
575 3464 774 3548 prestatione
813 3464 947 3533 vallato.
975 3465 1096 3532 Preces
1127 3463 1227 3549 igitur
1243 3470 1275 3531 et

142 3568 339 3638 mandatum
355 3568 569 3656 apostolicum
584 3592 683 3658 snper
699 3571 762 3641 hiis
793 3572 902 3640 taliter
932 3571 1116 3658 adimplere
1147 3573 1277 3657 curetis,

143 3677 236 3762 quod
252 3698 312 3747 vos
322 3677 364 3745 dc
373 3678 581 3764 negligencia
595 3678 749 3764 redargui
764 3679 822 3748 sed
831 3679 873 3748 de
882 3678 1103 3749 sollicitudine
1119 3699 1279 3748 commen·

143 3788 220 3857 dari
236 3789 345 3875 potius
362 3788 514 3858 valeatis.
529 3789 593 3856 Pro
609 3795 697 3858 certo
712 3789 834 3871 scituri,
865 3787 953 3873 qnod
971 3787 1000 3857 si
1014 3807 1113 3856 secus
1143 3807 1203 3874 per
1218 3807 1278 3855 vos

142 3897 216 3965 fieri
248 3897 461 3984 contingeret,
494 3896 641 3965 defectus
657 3903 765 3966 vester
779 3901 893 3984 posset
908 3896 943 3964 in
964 3917 1083 3986 penam
1100 3903 1133 3966 et
1147 3895 1278 3980 dispen-

141 4003 237 4072 dium
267 4003 463 4074 rednndare.
478 4003 601 4073 Datum
631 4004 770 4074 Viterbii
804 4003 888 4072 VIII.
920 4003 1084 4072 kalendas
1116 4003 1278 4090 Octobris,

141 4111 364 4184 Pontificatus
380 4113 483 4182 nostri
499 4131 587 4183 anno
604 4121 730 4199 quarto.

239 4311 405 4380 (Thalcsics,
423 4311 549 4370 Monam.
567 4312 634 4368 bist.
652 4309 745 4381 Episc.
765 4311 960 4382 Zagcabiensis
978 4311 1002 4368 1.
1022 4313 1081 4368 hot
1103 4315 1163 4366 143.
1175 4311 1207 4378 l.)

585 4579 851 4598 m
