3208 5158
734 327 798 395 601

649 415 810 431 h*—

179 521 270 589 'stioi
287 521 553 604 Budensisanno
585 525 714 607 Domini
746 528 867 597 M⁰OO⁰
897 530 1147 614 septuagesimo.
1187 532 1325 601 Nioolao

195 628 348 717 Contors,
364 639 460 709 Petro
480 644 631 734 Custode,
648 648 759 717 Bedeu
774 647 919 731 Damno,
942 643 1040 711 Soela
1056 642 1234 724 saoordote,
1260 645 1326 708 Da·

196 748 309 816 miano
326 753 358 817 et
374 750 469 820 Petro
485 753 662 842 tingimus,
679 755 859 842 ceterisque
875 751 1048 822 canonius
1059 749 1281 822 existentibus.

195 945 338 1008 (Ersdstie
356 952 551 1020 bttrhtirtyan,
584 919 649 1006 abld
680 954 919 1022 salyemzsinbron
949 955 1037 1022 saggo
1064 953 1159 1020 peostt
1189 954 1282 1022 alatt5
1310 966 1328 1006 a

503 1043 590 1098 budai
608 1046 661 1098 kir.
680 1047 808 1100 kamarai
827 1045 1022 1110 levalttrban.)

625 1329 887 1350 aum-nd

726 1871 803 1944 447.

189 2071 225 2139 A
243 2073 346 2140 budoa'
362 2073 587 2161 kdptalunuok
602 2075 882 2164 Maonyaciplovole,
899 2076 982 2166 bopy
1007 2073 1215 2143 Numabezter
1240 2099 1321 2141 mem·

188 2180 356 2268 aetolipheti
371 2181 514 2248 Demeter
527 2178 645 2250 Status
660 2193 741 2250 nauli
752 2185 966 2272 pereafbldre
981 2185 1072 2251 aizos
1087 2209 1109 2250 a
1138 2183 1189 2250 Sa.
1205 2185 1323 2250 Mo'ra'a

187 2291 331 2377 uzipetes
346 2290 413 2356 leoli
429 2293 711 2377 apoczazardoool
727 2291 967 2381 bardtadpoaoa
992 2294 1194 2380 epyoabedett.
1220 2291 1318 2358 1270.

301 2597 371 2664 Nos
388 2594 575 2683 Capitulum
605 2596 767 2666 Budensis
797 2597 942 2665 Eoolesie
971 2597 1203 2684 significamus,
1233 2593 1322 2681 quod

189 2704 294 2773 fratre
310 2705 449 2774 Nioolao
465 2711 674 2790 procuratore
689 2725 831 2775 sororum
848 2706 890 2773 de
905 2707 1019 2773 Insula
1034 2706 1137 2774 Sento
1148 2707 1253 2774 Mario
1263 2726 1322 2793 pro

187 2812 306 2880 eadem
324 2812 475 2880 Ecclesia
491 2813 533 2880 ab
549 2832 615 2880 una
627 2820 731 2900 parts,
763 2817 794 2880 et
809 2813 978 2880 Demetrio
994 2813 1061 2881 filio
1078 2815 1195 2882 Bonter
1211 2812 1251 2880 do
1266 2834 1322 2899 gs-

187 2939 270 2987 nere
285 2919 493 2988 Nauabezter
509 2918 551 2988 de
566 2921 647 2987 villa
662 2919 774 3006 Berky
789 2941 830 2988 ex
846 2921 959 3009 altera,
977 2940 1086 2988 eoram
1103 2921 1197 2989 nobis
1212 2941 1322 3006 perso·

188 3029 312 3096 naliter
327 3029 517 3097 constitutis
533 3035 786 3116 proposuerunt3
811 3028 896 3111 quod
914 3027 948 3094 in
965 3049 1078 3118 eausa,
1098 3049 1197 3115 quam
1213 3028 1321 3098 dietus

186 3137 376 3205 Demetrius
393 3157 452 3222 pro
468 3137 609 3222 quadam
625 3143 712 3204 terra
727 3137 872 3204 Souskut
887 3143 1008 3204 noenta
1024 3144 1139 3204 eontra
1162 3157 1320 3205 memora·

187 3253 243 3313 tas
259 3264 391 3313 sorores
407 3244 449 3312 de
464 3243 580 3312 Insula
604 3243 722 3312 Sancte
747 3245 849 3311 Mario
879 3252 1036 3329 mouerat,
1068 3265 1167 3330 quam
1197 3249 1319 3312 terram

183 3351 310 3426 nobilis
325 3358 486 3440 matrona,
503 3353 617 3421 relieta
627 3351 779 3420 videlieet
788 3351 937 3436 Magistri
947 3352 1051 3439 Nune,
1063 3351 1325 3425 lloolesieBeate.

186 3463 294 3530 Mario
309 3460 455 3546 Virginis
471 3460 512 3528 de
528 3460 641 3528 Insula
656 3459 823 3527 antediota
853 3481 911 3547 pro
942 3460 1089 3529 remedio
1120 3463 1230 3530 anime
1261 3480 1321 3529 sue

185 3571 372 3658 legauerat,
388 3569 500 3636 taliter
515 3569 743 3638 conuenissent
758 3591 766 3633 :
784 3569 870 3653 qnod
886 3569 1065 3656 predictam
1096 3578 1215 3638 terram
1249 3591 1319 3656 pre-

184 3683 322 3744 notatus
338 3678 523 3744 Demetrius
538 3697 609 3744 oum
626 3677 692 3746 suis
709 3677 859 3744 omnibus
874 3679 1083 3767 utilitatibus,
1100 3700 1182 3765 quas
1198 3679 1238 3747 do
1248 3700 1321 3766 pro·

185 3785 272 3871 priJs
288 3784 459 3854 laboribus
475 3791 508 3852 ot
523 3785 678 3872 expensis
691 3785 724 3852 in
739 3784 814 3871 ipsa
830 3791 918 3854 terra
934 3788 1046 3872 parari
1063 3786 1195 3874 fecerat,
1216 3806 1320 3872 usque

185 3893 231 3962 ad
247 3901 397 3979 tempora
413 3899 481 3961 vite
495 3913 553 3962 sue
569 3891 758 3978 possidebit,
793 3893 948 3962 defuneto
966 3913 1045 3962 uero
1061 3894 1229 3964 Demetrio
1245 3899 1318 3965 abs·

184 4023 249 4087 que
267 4001 425 4070 heredum
441 4002 645 4071 successione
661 4003 777 4071 eadem
792 4009 880 4070 terra
895 4003 930 4070 in
955 4003 1007 4072 ius
1038 4005 1186 4074 Eoolesio
1217 4005 1320 4072 Beato

182 4111 291 4179 llario
307 4107 349 4178 de
364 4109 479 4178 Insula
496 4111 705 4197 deuoluetur3
745 4111 774 4178 si
788 4116 897 4178 autem
912 4112 1000 4179 idem
1017 4111 1202 4182 Demetrius
1218 4113 1318 4181 fillum

182 4218 397 4304 superstitem
415 4217 576 4300 habuerit,
608 4219 636 4286 si
653 4215 758 4286 sidem
773 4218 838 4286 lilio
855 4220 1024 4308 plaouerit,
1056 4228 1176 4288 terram
1192 4223 1318 4290 antedi-

182 4336 269 4396 otam
286 4347 361 4396 oum
378 4327 528 4396 omnibus
545 4347 642 4412 super
658 4325 773 4394 eadem
790 4332 876 4394 terra
888 4326 1070 4397 notificatis
1083 4331 1137 4397 uel
1149 4330 1318 4418 plantatis,

183 4443 281 4523 prout
298 4433 415 4504 eadem
432 4441 522 4504 terra
541 4435 639 4502 fuerit
654 4441 730 4502 tone
745 4435 903 4521 temporis
919 4437 1083 4526 estimato,
1099 4437 1240 4506 liberam
1257 4439 1313 4508 ba·

182 4545 237 4612 bet
253 4541 439 4611 redimendi
455 4541 657 4629 facultatem,
675 4542 779 4610 tooius
795 4551 881 4611 terro
896 4545 1007 4630 proeio
1024 4547 1215 4615 memoratis
1230 4567 1317 4617 soro·

182 4651 270 4724 ribus
288 4651 325 4720 in
342 4649 483 4722 solidum
499 4653 675 4738 persoluto.
709 4651 814 4736 Super
830 4671 894 4737 quo
911 4653 997 4724 laeto
1013 4653 1161 4742 partibus
1181 4655 1229 4725 sio
1260 4677 1316 4724 uo-
