3150 5162
771 297 926 397 jii-

283 492 474 574 quantitate,
492 510 589 573 quam
607 495 770 576 poterunt,
781 493 816 558 in
827 492 982 559 Venetiae
999 493 1200 560 conducatur
1215 491 1414 560 adcenden-

285 599 372 664 dum.
405 597 487 664 Item
519 599 606 680 quod
640 599 909 683 quandocumque
935 599 1064 666 domino
1095 599 1178 667 Duci
1196 607 1228 666 et
1244 600 1418 666 dommum

283 705 492 772 Venetiarum
529 710 721 790 oportunum
746 705 843 772 ruerit
869 727 926 790 pro
954 707 1047 774 iactis
1073 707 1258 774 Communis
1285 707 1417 775 Veneti·

283 832 374 878 arum
391 811 512 878 habere
524 817 665 895 gentem,
682 818 851 879 teneantur
864 813 926 897 ipsi
936 813 1087 895 Comites,
1098 812 1175 879 dum
1188 813 1335 898 vixerint,
1352 835 1415 898 per

284 926 524 986 sacramentum
550 919 628 984 dare
654 938 787 1001 operam
813 920 846 984 in
872 920 979 986 insula
1006 927 1039 986 et
1063 919 1140 987 aliis
1165 921 1261 986 terris
1287 921 1355 988 suis
1374 929 1415 987 nt

288 1028 496 1096 inveniantur
507 1025 548 1091 ad
561 1026 687 1093 soldum
704 1025 892 1094 Communis
908 1046 1011 1112 usque
1026 1035 1155 1094 centum
1171 1028 1225 1092 vel
1246 1028 1298 1094 CO
1314 1029 1418 1094 homi·

288 1155 347 1202 nes
365 1155 423 1221 pro
440 1133 499 1200 tali
516 1132 617 1216 coldo,
634 1135 739 1215 qualis
756 1133 887 1200 dabitur
904 1137 937 1199 in
948 1135 1101 1201 Venetiis.
1119 1135 1198 1202 Item
1216 1157 1340 1224 omnes,
1357 1137 1416 1219 qni

289 1252 384 1311 erunt
400 1241 495 1310 amici
511 1241 696 1308 Communis
714 1243 934 1327 venetiarum,
952 1241 1031 1310 dicti
1049 1243 1191 1310 Comites
1207 1251 1239 1310 et
1264 1242 1414 1312 homines

289 1352 390 1436 Veglc
405 1369 463 1418 eos
480 1369 538 1434 pro
555 1349 671 1416 amieis
687 1348 863 1436 habebunt,
880 1351 1037 1418 solvendo
1056 1351 1187 1418 ducatui
1204 1351 1414 1418 Venetiarnm

289 1458 392 1525 libras
409 1456 545 1524 DGGCG
561 1455 648 1522 omni
665 1475 764 1542 anno,
782 1457 865 1524 sicut
880 1464 980 1524 antea
1005 1459 1178 1525 solvebant
1203 1481 1260 1543 pro
1285 1461 1415 1544 regalia

288 1573 321 1633 et
346 1585 462 1644 oensu;
496 1564 537 1629 de
563 1565 683 1646 quibus
708 1563 801 1632 libris
827 1565 879 1631 OG
905 1565 1026 1632 habere
1050 1565 1146 1633 debet
1172 1566 1322 1634 dominns
1338 1569 1415 1633 Dux

288 1693 346 1758 pro
362 1692 419 1738 suo
437 1674 569 1757 salario,
588 1680 620 1738 et
636 1671 739 1738 libras
758 1673 809 1740 OG
826 1673 947 1739 nobilis
964 1674 1012 1739 vir
1037 1673 1230 1740 Laurentius
1255 1675 1415 1763 Teupnlo,

287 1782 390 1847 donee
414 1780 549 1860 vixerit3
574 1787 606 1845 et
625 1799 663 1845 eo
680 1779 858 1847 decedente
875 1781 1050 1848 deveniant
1066 1783 1100 1846 iu
1118 1779 1294 1848 Commune
1311 1782 1416 1849 Vene-

288 1887 416 1954 tiarnm.
450 1889 491 1951 Et
507 1886 548 1951 de
563 1891 707 1970 tempore
722 1887 879 1971 preterito
901 1889 1030 1955 solvere
1050 1886 1188 1956 debeant
1212 1887 1356 1956 Ducatui
1384 1898 1417 1958 et

288 1993 455 2062 Communi
472 1995 680 2060 Venetiarnm
706 2013 838 2061 censum
866 2000 898 2062 et
914 1995 1073 2079 regaliam
1098 1995 1275 2062 secundum
1291 1996 1412 2063 dietam

289 2105 448 2171 rationem
464 2103 566 2170 libras
577 2102 802 2186 noningentas,
827 2103 914 2168 omni
925 2102 1094 2170 occasione
1110 2109 1244 2170 remota.
1262 2103 1304 2169 Et
1320 2103 1416 2172 debe·

288 2207 772 2277 antconcordiumt'aotumaum
784 2208 1039 2280 nobilibusviris
1058 2209 1220 2290 debanna,
1241 2209 1416 2280 Laurentio

288 2329 321 2386 et
335 2318 458 2387 Jacobo
468 2318 661 2402 Teupoloac
673 2315 797 2383 Jacobo
808 2315 849 2384 de
860 2317 975 2384 Ganali
986 2319 1107 2385 habere
1124 2320 1247 2384 firmum
1265 2319 1416 2386 etobser-

289 2449 376 2511 varo,
395 2423 607 2492 sicutsactum
621 2433 677 2504 est,
691 2431 722 2490 et
732 2423 883 2510 sicntper
893 2427 1032 2493 arbitros
1043 2434 1092 2494 est
1108 2427 1158 2492 vei
1174 2427 1273 2494 fuerit
1289 2427 1416 2494 ordina·

289 2543 368 2601 tum.
388 2535 467 2598 Item
478 2531 562 2614 quod
575 2531 632 2616 illi,
650 2531 706 2614 qni
716 2533 875 2600 exiverint
891 2533 932 2600 de
950 2533 1051 2618 Vegla
1067 2542 1220 2621 tempore,
1237 2553 1299 2618 qno
1316 2535 1418 2601 exivit

289 2642 394 2708 dictus
410 2638 529 2704 nobilis
544 2637 749 2724 Laurentius,
776 2639 917 2708 debeant
934 2642 1070 2708 reddere
1087 2643 1174 2708 bona
1199 2651 1231 2708 et
1256 2641 1413 2726 possessi·

289 2767 368 2815 oues
395 2765 515 2829 eorum,
538 2768 600 2830 qne
618 2753 746 2832 reperta
762 2746 891 2832 suerint,
908 2749 994 2816 infra
1011 2770 1109 2815 unum
1128 2768 1285 2832 mensem,
1302 2757 1334 2814 et
1349 2770 1414 2835 que

288 2857 460 2922 devastata
486 2853 613 2939 fuerint,
641 2854 779 2922 debeant
807 2855 913 2924 facere
939 2857 1039 2924 refici.
1068 2859 1111 2924 Et
1138 2858 1180 2924 de
1207 2857 1415 2945 differentiis,

289 2983 351 3048 que
367 2963 489 3030 fuerint
505 2963 592 3028 inter
609 2982 665 3029 eos
682 2962 723 3030 de
740 2963 878 3050 damnis,
896 2984 956 3048 per
971 2965 1137 3051 predictos
1152 2965 1293 3032 arbitros
1319 2961 1417 3031 debe·

290 3079 347 3138 ant
364 3069 507 3137 diffiniri.
524 3069 594 3136 Nee
610 3067 649 3136 de
665 3068 827 3156 predictis,
845 3091 907 3154 que
923 3073 1073 3139 ordinata
1091 3079 1165 3140 sunt
1182 3072 1253 3141 dari
1269 3080 1302 3138 et
1319 3073 1415 3156 solvi,

290 3179 373 3244 sieut
400 3179 520 3244 dietum
548 3183 608 3264 est,
636 3177 777 3245 debeant
797 3177 931 3262 aliquod
948 3182 1075 3248 solvere
1092 3181 1162 3247 sive
1179 3181 1214 3247 in
1229 3180 1343 3264 aliquo
1359 3200 1417 3263 ag·

289 3285 430 3369 gravari.
449 3286 534 3352 Etsi
551 3285 669 3352 iniuria
687 3287 733 3352 eis
749 3285 802 3352 vel
819 3286 917 3353 alicui
933 3307 1041 3354 eorum
1060 3289 1113 3355 vel
1124 3287 1278 3354 damnum
1294 3289 1417 3356 factum

288 3392 394 3476 fuerit,
411 3393 496 3478 qnod
512 3399 641 3480 portare
657 3413 722 3460 non
738 3393 891 3479 debeant,
908 3395 1033 3480 possint
1049 3393 1092 3463 ad
1109 3395 1275 3463 dominum
1291 3397 1415 3464 Ducem

290 3500 460 3586 appellare
485 3500 526 3567 da
551 3501 642 3587 ipsis.
670 3501 710 3567 tat
736 3503 816 3589 ipsis
840 3503 917 3569 filiis
943 3504 1078 3571 Comitis
1093 3503 1264 3572 ‘Gnidonis
1292 3511 1326 3571 et
1350 3505 1420 3573 suis

290 3608 474 3676 hominibus
505 3609 612 3676 insule
643 3609 744 3696 Vegle
776 3612 984 3678 remittantur
1015 3631 1074 3698 per
1108 3611 1275 3678 dominum
1294 3612 1419 3679 Ducem

294 3721 326 3782 et
343 3713 521 3784 Commune
537 3717 759 3783 Venetiarium
776 3738 887 3785 omnes
898 3718 1027 3806 iniurie,
1048 3719 1155 3804 culpe,
1173 3718 1369 3786 offensiones
1387 3725 1421 3784 et

293 3823 415 3892 &mna
425 3843 482 3910 per
492 3845 549 3892 eos
559 3823 653 3891 illata
664 3825 832 3892 Communi
849 3833 881 3892 et
891 3825 1072 3894 hominibus
1090 3819 1299 3894 Venetiarum
1317 3845 1421 3910 usque

291 3931 335 3996 ad
367 3939 548 4016 presentem
582 3930 676 3998 diem.
708 3933 788 3998 Item
815 3933 1018 4000 concordium
1051 3933 1172 4000 sactum
1203 3953 1275 4001 cum
1297 3931 1422 4000 Gemite

291 4038 439 4106 Johaune
452 4039 610 4125 Terrpulo,
627 4039 710 4105 sicut
721 4040 874 4126 scriptum
887 4047 946 4124 est,
964 4047 996 4106 et
1006 4041 1202 4108 autcmienm
1215 4062 1273 4128 per
1288 4059 1422 4108 manum

292 4147 432 4214 Conradi
450 4147 575 4213 Notarii
599 4167 658 4233 per
673 4154 781 4232 partes
800 4147 901 4214 iurari
917 4155 951 4214 et
966 4147 1136 4214 observari
1161 4148 1291 4216 debeat.
1307 4147 1422 4216 Prete-

291 4273 348 4322 rea
363 4273 435 4320 cnm
452 4253 563 4320 datum
579 4253 711 4332 foretin
728 4253 857 4340 scriptis
873 4255 1037 4324 nobilibus
1054 4255 1133 4322 viris
1148 4255 1272 4324 Jacobo
1283 4255 1420 4342 Basilio,

293 4361 390 4428 Petro
422 4360 584 4430 Badoaric
617 4369 650 4429 et
680 4361 803 4432 Jacobo
834 4361 1027 4453 contareno,
1047 4363 1309 4432 Advocatoribus
1326 4363 1420 4432 Oum-

295 4467 402 4535 munis
432 4489 491 4554 per
522 4468 648 4536 nobiles
666 4471 755 4538 viros
770 4472 912 4538 Marcum
930 4472 1034 4557 Geno,
1050 4471 1208 4558 Pengrati
1223 4469 1423 4558 J'ustiniano,

295 4577 438 4644 Marcum
453 4576 573 4665 Trono,
588 4579 729 4645 Marcum
745 4579 938 4667 Taruisano,
955 4580 1117 4648 Marinum
1142 4579 1294 4669 Zoraani,
1324 4580 1424 4646 Nico·
