3208 5158
701 977 776 1046 893.

252 1175 394 1266 Spaleia
417 1182 449 1244 e'e
473 1179 614 1268 Reputo
638 1181 776 1245 cdroeolc
798 1178 885 1246 lebeti
908 1181 1098 1271 appatere.
1121 1185 1220 1256 1265.

277 1378 348 1446 Hee
379 1383 429 1445 est
459 1377 555 1462 copia
585 1377 788 1446 instrumenti
819 1383 987 1464 pactorum
1018 1387 1218 1451 ostensorum
1237 1403 1296 1468 per

170 1487 385 1574 Sparatenses
400 1505 464 1552 non
480 1482 632 1552 addendo
648 1504 708 1553 uec
723 1486 907 1572 minuendo,
925 1505 985 1554 neo
996 1488 1123 1572 aliquid
1133 1491 1298 1560 mutando.

167 1597 265 1662 Anno
290 1592 534 1684 Incarpacionis
549 1592 681 1660 Domini
712 1593 884 1660 millesimo
914 1592 1131 1664 ducentesimo
1162 1618 1299 1684 sexage-

167 1705 251 1772 simo
282 1703 407 1789 quinto,
439 1701 559 1770 mensis
574 1701 697 1787 Aprilis
712 1699 766 1768 die
780 1702 918 1786 septimo
934 1705 1087 1792 intrante,
1118 1705 1295 1774 indictione

167 1817 297 1900 octava,
314 1811 460 1896 Ragusii.
487 1809 567 1876 Cum
581 1808 708 1876 nobiles
724 1807 785 1876 viri
801 1807 910 1876 llieha
926 1810 1036 1898 Medii,
1053 1812 1194 1882 Michael
1217 1815 1299 1884 Leo·

168 1919 264 1988 nardi
279 1917 532 2004 ambariatores‚
548 1915 657 1984 nuncii
668 1915 829 2002 speciales
845 1920 944 2002 atque
960 1920 1133 2001 generales
1149 1941 1299 2005 procura-

167 2037 254 2097 tores
287 2025 475 2094 Oommunis
499 2027 624 2112 Spoleti
655 2024 708 2092 die
742 2031 856 2109 quarto
881 2032 1021 2094 exeunte
1045 2029 1164 2096 mensis
1189 2029 1299 2097 Martii

165 2155 271 2222 nuper
286 2134 444 2202 transacti
459 2133 638 2217 Ragusium
655 2133 862 2216 accesissent,
894 2141 926 2199 et
943 2152 1050 2200 coram
1081 2134 1210 2204 domino
1242 2139 1297 2205 Jo-

166 2246 279 2312 hanne
296 2241 432 2322 Qunino
456 2237 580 2308 Comite
604 2241 739 2325 Ragusii
765 2247 797 2306 et
821 2245 888 2310 suis
906 2239 1078 2310 lodicibus
1093 2247 1126 2309 et
1140 2243 1297 2318 Consilia·

166 2352 225 2420 riis
242 2371 281 2420 se
297 2355 552 2436 presentassent,
583 2355 615 2418 et
630 2351 718 2416 facta
732 2349 934 2417 salutacione
951 2355 1099 2436 exparte
1123 2351 1174 2420 sui
1204 2352 1297 2420 (lom-

166 2455 277 2530 munis
294 2459 441 2526 dicentes
458 2483 465 2524 :
482 2455 624 2524 Petimus
640 2477 680 2523 ex
696 2461 899 2543 partencetri
915 2455 1112 2547 Communis,
1145 2460 1234 2544 quod
1250 2461 1297 2528 di-

165 2567 304 2636 mittatis
319 2565 469 2635 homiues
483 2565 706 2651 spalatenses,
723 2565 778 2647 qui
793 2569 869 2632 sunt
884 2565 971 2651 capti
987 2587 1008 2632 a
1031 2566 1125 2635 vobis
1141 2588 1212 2635 cum
1228 2570 1297 2638 suis

165 2680 275 2746 rebus.
299 2675 403 2762 Super
428 2673 545 2758 quibus
571 2671 787 2758 peticionibus
812 2671 898 2739 idern
923 2671 1071 2744 dominus
1095 2674 1210 2747 Comes
1235 2679 1298 2745 lta·

167 2785 334 2872 gualensis
360 2803 431 2850 cum
447 2783 516 2850 suis
531 2780 699 2848 lodicibus
731 2785 763 2847 et
793 2779 999 2850 consiliariis
1026 2783 1138 2854 habito
1164 2786 1298 2855 consilio

165 2895 335 2978 elegerunt
360 2897 498 2976 quatuor
522 2889 648 2958 nobiles
667 2889 765 2976 uiros,
781 2889 907 2958 scilicet
937 2890 1118 2960 raedorum
1143 2895 1297 2982 Bobacie,

166 3003 301 3070 Petrum
315 2997 478 3084 Bogdani,
494 2996 698 3066 Volcassium
713 2996 873 3064 Jehannis
890 2997 1092 3065 etSerssium
1109 2997 1297 3085 clementis,

167 3129 241 3176 cum
256 3107 375 3193 quibus
391 3104 471 3174 dieti
486 3106 739 3192 ambaxiatores,
755 3104 864 3171 nrrncii
889 3111 922 3171 et
937 3113 1167 3190 procuratores
1182 3107 1298 3194 Spala-

165 3223 279 3286 tenses
313 3235 438 3302 paoem,
463 3211 669 3281 concordium
694 3220 727 3281 et
744 3221 939 3282 conventum
963 3221 1105 3282 tractare
1130 3215 1297 3305 deberent,

166 3333 199 3392 et
214 3344 278 3409 que
294 3344 367 3392 cum
383 3322 464 3391 dicti
480 3327 675 3390 tractatores
691 3322 893 3390 invenissent
908 3341 980 3389 eum
996 3322 1087 3411 ipsis,
1102 3324 1145 3394 ad
1161 3323 1297 3394 eundem

167 3433 325 3501 Comitem
352 3437 388 3500 et
412 3428 591 3500 Consilium
623 3449 716 3498 sunm
746 3430 945 3498 reducerent.
986 3431 1074 3498 Dicti
1089 3452 1165 3501 vero
1180 3439 1298 3500 tracta-

167 3548 254 3609 tores
268 3559 342 3608 cum
363 3539 445 3626 ipsis
460 3536 588 3606 nunciis
603 3555 682 3624 sepe
699 3545 732 3605 et
747 3538 855 3622 sepius
874 3545 1096 3607 convenerunt
1112 3540 1203 3608 etad
1219 3541 1299 3609 invi·

168 3670 238 3718 cem
269 3652 519 3736 pertractarunt,
551 3651 584 3712 et
614 3665 678 3730 que
707 3651 907 3731 pertractata
932 3653 964 3713 et
995 3647 1128 3714 inventa
1158 3648 1297 3736 inerant,

167 3755 381 3845 suprascripti
407 3759 602 3822 tractatores
618 3753 661 3822 ad
677 3755 933 3841 suprascriptum
954 3753 1120 3824 domiuum
1141 3755 1298 3824 Comitem

167 3873 199 3934 et
215 3885 313 3934 sunm
329 3862 507 3932 docenium
524 3861 734 3929 reduxerunt.
751 3861 855 3948 Super
871 3861 987 3945 quibus
1004 3863 1196 3932 tractatibus
1212 3864 1300 3934 idem

167 3973 318 4044 dominus
343 3971 457 4040 Oomes
473 3991 545 4039 cum
561 3969 630 4038 sais
645 3968 814 4038 dudleibus
831 3977 863 4038 et
878 3968 1083 4039 Consiliariis
1099 3969 1210 4040 habito
1226 3994 1301 4042 ocn-

166 4084 243 4153 silio
278 4078 376 4166 petiit
409 4077 668 4148 commissionem
703 4066 757 4146 vel
781 4078 1051 4164 procuracionem
1076 4079 1298 4165 predictorum

166 4185 372 4272 nunciorum,
387 4187 539 4256 videlicet
555 4213 562 4252 :
578 4192 686 4254 utrum
702 4186 751 4252 illi
768 4185 878 4254 nuncii
902 4193 1036 4269 possent
1060 4187 1169 4256 iacere
1186 4195 1219 4256 et
1243 4188 1301 4255 ad-

168 4297 305 4368 tendere
319 4317 379 4385 pro
397 4315 455 4363 suo
480 4293 648 4363 Communi
681 4315 729 4378 ea,
762 4313 823 4377 que
854 4313 926 4360 cum
956 4295 1038 4380 ipsis
1068 4296 1299 4364 tractatoribus

171 4410 384 4476 tentaverant
414 4409 471 4471 aut
501 4423 576 4473 non.
608 4401 731 4471 Prefati
763 4422 841 4471 vero
858 4403 970 4470 nuncii
985 4401 1161 4500 quamdam
1176 4409 1300 4472 cartam

165 4497 415 4601 ¹procuracionis
430 4509 541 4596 rigillo
558 4529 651 4580 cereo
678 4509 863 4579 Communis
895 4511 1099 4596 Spalatensis
1130 4510 1301 4596 pendente

165 4621 351 4709 sigillatam
367 4618 588 4707 ostenderunt,
606 4625 697 4688 tenor
714 4619 806 4688 euius
829 4621 905 4689 talis
921 4628 971 4690 est
988 4645 994 4688 :
