3208 5158
822 319 981 426 aa„

332 509 370 590 'in
386 509 685 611 nost'ra'presencia
700 521 742 589 ab
758 541 825 591 una
855 528 951 608 parts
981 517 1141 604 Mothous,
1175 518 1288 588 Abbas
1317 504 1475 590 nectale

335 633 553 720 Topliceusis,
570 637 603 700 et
620 629 722 699 frater
738 631 947 720 Gnillermus,
970 628 1198 698 cellerararins
1223 627 1367 699 eiusdem
1391 629 1470 717 loci,

336 758 394 828 pro
413 762 448 810 sc
479 749 512 810 et
541 739 696 808 tratribus
728 739 815 808 dicte
846 739 993 806 Ecclesia
1023 736 1203 822 universis3
1228 744 1261 805 et
1276 739 1319 806 ab
1350 740 1463 806 altera

337 849 494 932 Marinus,
524 849 609 918 tilius
635 847 771 916 Comitis
786 847 906 914 llirinlr
922 867 981 932 pro
997 867 1032 914 se
1049 849 1082 914 el·
1095 843 1252 914 iratribus
1269 847 1349 933 suis,
1365 847 1465 915 Petro

338 958 462 1025 scilieet
491 964 523 1024 et
553 955 712 1034 iohanne,
739 960 948 1024 asseruerunt
964 981 971 1022 :
987 955 1074 1040 qnod
1093 955 1158 1040 ipsi
1175 953 1219 1022 de
1239 955 1466 1024 controversia

336 1073 369 1134 et
399 1072 488 1134 mota
520 1065 688 1151 questione
718 1063 803 1132 inter
833 1065 932 1152 ipsos,
958 1070 990 1132 ct
1021 1063 1173 1150 dampnis
1214 1083 1253 1129 ac
1283 1061 1466 1132 lesionibns

335 1193 398 1261 quc
427 1174 609 1242 inciderunt
638 1175 672 1240 in
697 1172 813 1244 eadem
838 1191 935 1259 snper
950 1171 1107 1240 limitibus
1123 1178 1283 1240 terrarum
1310 1171 1466 1260 Jarowel‚

335 1303 399 1370 qus
429 1291 478 1351 est
509 1282 625 1350 blariui
656 1289 688 1351 et
718 1285 853 1350 fratrum
885 1300 1029 1366 suarum,
1061 1287 1093 1347 ct
1123 1279 1287 1370 Powouia,
1317 1300 1380 1366 qne
1411 1287 1466 1348 est

335 1391 485 1484 rlbbatis,
516 1397 716 1474 vocatarum,
733 1395 766 1457 ct
782 1389 823 1456 de
839 1389 915 1457 aliis
932 1389 1094 1458 universis
1110 1388 1383 1474 contenciouibns‚
1400 1409 1467 1474 quc

335 1503 419 1570 inter
462 1501 592 1570 easdem
633 1508 744 1586 partes
785 1499 932 1583 adusque
971 1505 1208 1586 precesserunt,
1246 1497 1468 1566 mediantibus

249 1609 254 1620 '
338 1610 478 1696 arbitris,
511 1609 637 1678 scilicet
668 1609 819 1677 iohanne
850 1607 974 1675 Gemite
998 1607 1065 1674 filio
1081 1607 1203 1675 lrizlaii
1220 1627 1262 1674 cx
1277 1615 1369 1693 parte
1384 1607 1469 1674 Eec-

337 1719 428 1806 lesie,
445 1722 478 1786 et
492 1717 609 1804 Egidio
641 1717 708 1785 tilio
742 1715 894 1784 Berizlaii
924 1737 965 1783 ex
995 1721 1088 1801 parte
1117 1715 1235 1782 Marini
1264 1721 1296 1782 cl
1325 1713 1465 1782 fratrum

335 1845 477 1914 snorum,
493 1828 615 1912 electis,
632 1825 741 1894 'dorda
758 1824 861 1893 eciam
878 1831 911 1892 et
926 1825 1086 1893 Poorscno
1112 1822 1309 1893 officialibus
1323 1821 1465 1891 Abbatis

337 1933 370 1998 in
401 1933 544 2019 collegas
575 1933 703 2002 arbitrii
735 1933 924 2020 assumptis,
958 1932 1001 2000 ad
1033 1931 1237 2000 concordiam
1274 1937 1465 2018 perpetuam

337 2049 415 2110 sunt
444 2042 603 2130 perducti,
635 2041 677 2110 ad
694 2062 792 2126 qnam
824 2037 1064 2108 observandam
1081 2039 1313 2108 inviolabiliter
1328 2059 1364 2108 se
1379 2039 1465 2106 obli-

338 2157 467 2242 garunt,
482 2151 612 2221 sublata
627 2157 659 2218 et
674 2155 797 2220 remota
813 2149 955 2218 cuiusvis
971 2148 1146 2234 questionis
1176 2149 1314 2216 materia
1330 2173 1338 2231 ;
1367 2155 1461 2216 tante

341 2259 433 2344 pacis
450 2259 611 2347 firmitate,
630 2259 717 2345 quod
733 2267 848 2328 neutra
862 2258 1008 2344 parcium
1029 2275 1126 2341 super
1141 2257 1308 2344 premissis
1325 2277 1366 2324 ex
1380 2275 1468 2322 nnuc

341 2367 460 2449 agendi
502 2369 623 2436 habeat
664 2368 851 2436 facultatem
902 2366 1120 2434 mediantibus
1169 2365 1264 2432 metis
1306 2369 1466 2432 terrarum

340 2473 556 2558 predictarum
589 2475 791 2564 subscriptis,
824 2475 858 2541 in
875 2493 956 2558 quas
972 2473 1112 2541 finaliter
1126 2479 1364 2542 consenserunt.
1381 2471 1470 2552 Qua·

339 2599 409 2648 rum
427 2581 542 2670 prima,
559 2583 644 2650 sient
659 2591 769 2668 partes
786 2581 881 2649 nobis
896 2581 1084 2662 retulerunt,
1103 2581 1217 2666 incipit
1233 2582 1321 2668 apud
1346 2581 1465 2667 rivum,

340 2687 470 2756 nomine
500 2690 668 2775 Pulclrina‚
700 2691 756 2758 ubi
787 2691 885 2757 babet
918 2689 1001 2758 duas
1032 2691 1166 2757 arbores
1198 2689 1254 2774 tul,
1271 2689 1466 2773 subqnibns

340 2803 416 2864 sunt
433 2798 495 2866 due
512 2806 595 2867 mete
610 2808 715 2868 terrea
732 2823 740 2886 ;
764 2800 839 2866 inde
855 2799 1000 2886 procedit
1017 2818 1130 2866 versus
1146 2798 1300 2866 orientem
1318 2803 1351 2865 et
1374 2798 1468 2865 venit

339 2903 383 2972 ad
399 2909 515 2995 lacum,
540 2907 594 2992 qni
610 2906 723 2976 Loken
739 2913 960 2994 nuncupatnr;
984 2907 1061 2975 inde
1076 2905 1225 2974 aseendit
1250 2903 1466 2974 monticulum

339 3034 436 3100 snper
452 3035 547 3100 quern
564 3023 639 3084 sunt
655 3015 720 3083 dne
736 3023 822 3085 mete
851 3023 977 3102 te1·rec;
1001 3015 1079 3083 inde
1109 3014 1289 3103 procedens
1320 3013 1470 3082 ascendit

338 3121 430 3191 iuxta
452 3125 583 3209 iontem,
616 3130 647 3191 et
663 3125 753 3192 uenit
784 3122 826 3190 ad
856 3124 993 3192 rivulum
1023 3143 1123 3190 unum
1156 3122 1189 3190 in
1220 3143 1283 3209 qno
1313 3122 1467 3192 suntdne

338 3237 420 3300 metc
436 3239 550 3318 terrec;
566 3231 600 3298 in
617 3231 730 3300 eodem
748 3231 852 3299 rivulo
869 3232 1018 3299 ascendit
1034 3230 1077 3300 ad
1093 3231 1174 3301 duas
1198 3238 1301 3300 metas
1318 3237 1464 3314 terreaa5

336 3339 412 3407 inde
439 3339 587 3410 ascendit
616 3361 773 3427 magnum
805 3347 944 3410 montem
975 3342 1031 3408 ubi
1063 3348 1113 3410 est
1143 3361 1264 3426 magna
1289 3341 1352 3428 ria,
1369 3340 1465 3407 iuxta

335 3469 430 3536 qnam
447 3453 522 3516 sunt
539 3449 601 3518 due
618 3455 702 3517 mete
718 3456 846 3534 terree3
880 3450 913 3516 in
933 3449 1047 3517 eadem
1063 3469 1186 3534 magna
1202 3451 1256 3518 via
1286 3454 1320 3518 ct
1350 3447 1467 3516 eodem

338 3563 447 3625 monte
472 3555 618 3644 procedit
635 3579 693 3644 per
709 3557 893 3644 trequentes
910 3565 1015 3626 metas
1031 3565 1164 3644 terreas,
1181 3556 1299 3642 quibus
1315 3553 1464 3624 decursis

338 3664 463 3734 cxitde
494 3665 550 3735 via
579 3675 612 3734 et
643 3667 813 3736 deseendit
845 3666 1014 3734 invallem
1046 3685 1144 3733 unam
1175 3665 1219 3733 ad
1249 3666 1333 3733 duas
1364 3671 1469 3732 metas

338 3781 481 3858 terreas;
514 3773 593 3841 inde
623 3772 771 3842 ascendit
803 3774 846 3842 ad
875 3793 1033 3842 cacumen
1063 3775 1192 3858 montis,
1222 3781 1256 3841 et
1287 3773 1321 3839 in
1353 3771 1468 3840 eodem

339 3881 506 3949 cacumine
522 3901 582 3967 per
598 3882 786 3968 frequentes
802 3887 906 3950 metas
922 3889 1050 3949 terreas
1076 3879 1223 3967 procedit
1239 3887 1272 3948 et
1303 3879 1393 3948 venit
1425 3880 1470 3948 ad
1602 3887 1603 3890 ’

337 3989 419 4056 duas
452 3991 585 4058 arbores
615 3993 671 4077 tul,
701 3991 760 4060 sub
792 3991 909 4076 quibus
940 3997 1016 4060 suut
1046 3990 1109 4056 due
1140 3995 1363 4078 metetcrrce3
1386 3989 1465 4057 inda

341 4099 486 4186 procedit
501 4099 536 4164 in
552 4097 667 4168 codem
685 4098 853 4168 cacumine
870 4117 929 4185 per
950 4099 1136 4182 frequentes
1147 4097 1291 4166 binarios
1308 4105 1468 4166 metarum

343 4213 530 4298 terreorum,
547 4209 581 4276 in
599 4229 734 4294 qnorum
760 4209 873 4276 ultimo
901 4227 997 4274 unam
1021 4205 1231 4294 superiorem,
1250 4213 1281 4276 ct
1297 4209 1467 4276 descendit
1602 4279 1603 4290 ἒ

338 4335 510 4403 parumper
525 4317 567 4384 ad
583 4317 769 4383 inferiorem
801 4315 886 4383 viam
918 4315 952 4382 in
977 4317 1078 4384 latere
1103 4315 1242 4400 montis,
1275 4321 1308 4383 et
1334 4316 1402 4384 exit
1428 4317 1470 4384 dc

340 4424 454 4490 eadem
487 4425 540 4490 via
579 4425 623 4491 ad
661 4424 826 4491 dexteram
864 4431 1004 4510 partem,
1035 4431 1068 4492 et
1099 4423 1269 4490 descendit
1296 4421 1338 4491 ad
1370 4433 1471 4510 capnt
1602 4445 1603 4526 l

339 4531 447 4608 tontis,
478 4531 533 4600 nbi
564 4538 614 4601 cst
644 4533 743 4599 arbor
772 4533 891 4617 graban
908 4539 1034 4620 vocata,
1052 4533 1113 4600 sub
1129 4552 1195 4616 qna
1210 4537 1287 4598 snnt
1304 4531 1369 4598 dne
1384 4537 1471 4598 mete
1602 4541 1603 4598 l

342 4643 465 4718 terree3
488 4637 564 4706 inde
579 4637 726 4724 procedit
742 4639 786 4706 ad
802 4639 889 4708 alias
906 4639 988 4708 duas
1005 4647 1110 4709 metas
1143 4646 1267 4708 terreas
1277 4658 1287 4725 ;
1313 4637 1389 4707 inde
1420 4637 1469 4704 di·
1602 4641 1603 4696 l
