3078 5128
716 293 877 388 Q

235 486 318 570 quod
352 486 436 554 idom
468 484 741 572 Arcbiepisoopus
774 471 897 554 iurabit
913 485 1101 552 fidelitatem
1132 485 1262 553 domino
1280 485 1363 552 Doci

234 603 265 660 et
297 595 538 660 successoribus
569 592 635 659 suis
669 597 730 660 nisi
762 613 820 677 pro
836 594 882 658 eis
899 592 1097 674 remanserit,
1116 599 1147 657 et
1164 593 1211 658 sio
1238 593 1361 660 facient

236 721 347 768 omnes
376 701 629 786 Arcbiepiseopi,
662 703 717 785 qui
748 701 982 787 imperpetuum
1015 700 1158 766 eruntiu
1190 702 1363 784 Rogusina

236 807 329 895 Sede,
363 810 519 894 Ducibus,
555 810 609 892 qui
628 829 684 892 per
717 816 860 894 tempore
877 815 979 874 erunt.
996 807 1110 874 Oleros
1127 815 1233 874 autem
1251 815 1303 873 ter
1329 809 1361 874 in

234 937 330 1003 auno,
350 919 383 982 in
400 916 580 984 Nativitate
597 917 726 983 Domini
755 920 786 982 et
803 917 835 980 in
853 915 980 982 Pascha
1006 915 1262 982 Resurrectionis
1278 922 1311 982 et
1328 914 1361 980 in

234 1027 319 1091 festo
351 1022 462 1090 Sancti
495 1021 610 1107 Blasii,
642 1023 757 1090 laudes
799 1025 977 1089 cantabunt
1008 1023 1042 1087 in
1074 1024 1190 1089 maiori
1221 1021 1362 1088 ecclesia

235 1133 456 1216 sollempniter
474 1129 603 1196 domino
620 1130 714 1215 Duci,
741 1129 870 1197 domino
887 1130 1085 1211 Patriurcbe,
1103 1129 1361 1216 Archiepisoopo

234 1257 292 1305 suo
308 1247 340 1304 et
358 1238 474 1306 Comiti
491 1239 578 1306 omni
599 1258 693 1324 anno,
712 1243 843 1323 propter
854 1237 939 1322 quod
949 1238 1205 1306 benedictionem
1222 1239 1363 1323 recipiet

234 1366 411 1433 yperperos
429 1354 505 1433 tres,
537 1367 636 1414 unum
673 1365 693 1410 c
723 1343 827 1433 nobis,
861 1345 996 1410 alterum
1028 1349 1070 1412 ab
1096 1343 1361 1432 Archiepiscopo‚

235 1455 368 1522 tercium
411 1475 432 1521 a
464 1455 598 1522 comite.
640 1453 817 1520 Habebunt
858 1472 989 1536 quoque
1028 1453 1188 1536 Bagosini
1229 1473 1361 1539 semper

234 1561 391 1631 Comitem
408 1569 440 1628 et
465 1561 606 1628 Comites
634 1560 674 1628 de
699 1559 864 1644 veneciis,
880 1579 975 1644 quom
1002 1561 1055 1625 vel
1072 1559 1188 1642 quales
1210 1559 1361 1628 dominus

232 1671 309 1738 Dux
341 1690 413 1737 cum
446 1667 560 1734 maiori
593 1671 687 1751 parte
718 1669 767 1734 sui
796 1665 943 1733 Consillii
959 1666 1005 1733 eie
1038 1665 1115 1732 dare
1131 1666 1278 1755 uoluerit,
1306 1667 1361 1752 qui

233 1776 356 1844 iurabit
379 1773 565 1843 fidelitatem
592 1774 720 1841 domino
745 1773 827 1840 Duci
843 1781 874 1840 et
890 1774 1131 1842 successoribus
1147 1775 1237 1861 suis3
1267 1779 1300 1841 et
1314 1775 1361 1842 sic

233 1885 352 1953 facient
363 1905 474 1952 omnes
488 1883 698 1972 Comites,qui
709 1890 802 1951 crunt
812 1903 870 1968 per
880 1883 1255 1971 temporo‚Duoibus‚qui
1267 1889 1363 1950 erunt

237 2014 293 2078 per
310 2002 456 2080 tempora
471 1995 719 2078 imperpetuum.
737 1991 898 2058 Jurabunt
914 1997 1021 2057 autem
1038 1997 1192 2059 etomnes
1207 1989 1358 2058 homines

237 2101 417 2168 Comitatus
434 2123 454 2168 a
470 2101 623 2168 tredecim
641 2099 737 2167 annis
753 2107 785 2164 et
804 2117 905 2183 snpra
919 2096 1109 2164 fidelitatem
1129 2097 1259 2164 domino
1276 2098 1361 2164 Duci

239 2219 271 2274 ct
288 2211 527 2276 suecessoribus
540 2208 618 2295 suis,
631 2215 662 2274 et
673 2208 745 2290 ipsa
755 2205 921 2272 fidelitatis
937 2211 1142 2271 sacramenta
1157 2207 1362 2274 renovabunt

234 2316 373 2402 singulis
398 2317 496 2384 annis
527 2317 648 2383 decem.
681 2315 840 2382 Jurabunt
869 2332 999 2397 quoque
1027 2312 1215 2392 fidelitatem
1242 2313 1358 2379 Gomiti

236 2447 359 2509 omnes,
377 2433 409 2491 et
426 2424 604 2492 comitibus
620 2425 771 2490 omnibus
781 2423 898 2489 futuris
914 2422 1158 2508 imperpetuum,
1176 2422 1270 2487 salua
1287 2421 1362 2487 tide·

237 2533 328 2600 litate
345 2533 467 2600 domini
483 2534 584 2600 Ducis
599 2533 642 2599 ad
658 2533 811 2598 bonorem
829 2530 1042 2596 Veneciarum
1060 2529 1241 2598 etsalutem
1253 2530 1361 2613 Rugu-

234 2641 283 2719 sii,
301 2662 372 2708 cum
390 2643 473 2707 bono
491 2641 652 2708 ethonore
668 2660 708 2706 ac
725 2638 908 2706 salvatione
925 2637 1148 2706 veneciarum.
1180 2639 1223 2702 Bt
1237 2637 1265 2704 si
1277 2636 1359 2703 lone

235 2745 416 2834 contigerit,
443 2745 607 2813 dominum
636 2749 756 2814 Ducem
784 2745 834 2812 uel
859 2763 1047 2812 succesores
1071 2763 1149 2812 suos
1175 2744 1359 2828 Bogusinm

235 2855 422 2942 applicare,
455 2854 610 2938 recipient
641 2875 713 2920 eum
747 2853 922 2920 honorifice
953 2871 992 2918 uo
1020 2849 1114 2918 illum
1141 2851 1360 2936 procurabunt

235 2970 267 3027 et
283 2963 416 3028 nuncios
431 2983 509 3030 suos
525 2963 684 3030 similiter.
697 2961 736 3026 Bt
747 2963 772 3028 si
791 2962 938 3027 dominus
951 2959 1026 3026 Dux
1042 2959 1180 3026 voluerit
1196 2957 1360 3045 hospitari

235 3071 270 3136 in
288 3071 382 3136 domo
398 3070 690 3155 Arcbiepiscopali,
705 3068 839 3135 habebit
855 3089 927 3134 eam
946 3067 990 3133 ad
1006 3067 1056 3134 sui
1073 3066 1357 3135 honorificentiam

233 3185 266 3244 et
280 3177 497 3262 uoluntatem
514 3179 564 3246 sin
581 3183 697 3260 autem,
715 3176 845 3242 dabitur
857 3175 887 3242 ei
904 3175 1018 3242 domus
1035 3173 1238 3242 honorabilis
1255 3195 1359 3260 usque

233 3285 309 3350 dum
326 3289 453 3352 steterit
466 3287 520 3373 ibi,
536 3293 569 3352 et
585 3287 707 3352 nuntiis
724 3285 791 3351 suis
809 3285 976 3351 decentem
993 3284 1123 3351 domum
1139 3305 1197 3370 pro
1212 3283 1359 3370 hospicio

234 3391 459 3475 assignabunt.
493 3395 533 3458 Bt
565 3393 713 3478 quotiens
745 3393 859 3460 lecerit
876 3391 1018 3458 Venecia
1049 3391 1223 3458 exercitum
1256 3411 1360 3476 usque

232 3500 429 3568 Doreobium
446 3511 479 3568 ct
496 3523 516 3568 a
541 3502 705 3568 Duracbio
731 3509 763 3569 et
778 3501 864 3567 inira
881 3506 912 3566 et
928 3519 1029 3584 usquc
1044 3500 1262 3567 Brundusium
1279 3507 1313 3567 ct
1339 3521 1361 3565 a

232 3607 413 3677 Brundusio
430 3617 461 3676 et
478 3609 573 3697 infra,
590 3611 672 3678 sicut
688 3609 831 3677 Venetia
857 3607 963 3695 faciet,
979 3607 1026 3676 sic
1050 3607 1172 3676 facient
1198 3605 1359 3691 Bogusini

232 3716 408 3784 secondum
441 3739 608 3786 numerum
633 3719 771 3786 uirorum
806 3738 946 3785 suorum.
988 3717 1021 3785 Si
1062 3738 1140 3786 vero
1182 3715 1359 3784 exercitum

231 3826 345 3894 lecerit
360 3848 380 3892 a
398 3827 530 3911 triginta
546 3828 643 3910 liguis
655 3828 790 3894 armatis
808 3835 958 3913 etsupra,
977 3847 1040 3912 que
1056 3825 1197 3894 debeant
1213 3825 1357 3894 transire

233 3935 432 4002 Durachiom
450 3943 481 4000 et
496 3936 726 4019 Brundusium,
742 3935 864 4002 facient
879 3935 956 4002 inde
981 3935 1142 4020 Ragosini
1157 3933 1357 4001 tricesimam

233 4047 368 4130 partem,
386 4048 417 4107 et
433 4043 566 4110 stabunt
585 4045 617 4110 in
636 4043 773 4112 servicio
789 4043 1002 4110 Veneciarum
1021 4063 1124 4127 usque
1140 4041 1214 4109 dum
1232 4041 1361 4109 steterit

233 4149 392 4215 exercitus
419 4147 643 4216 Veueoiarum.
668 4150 798 4218 Tollent
822 4149 979 4234 Bogusioi
997 4151 1037 4215 de
1054 4150 1202 4217 omnibus
1218 4147 1359 4217 naribus

234 4265 472 4343 extraneorum,
506 4277 568 4340 que
600 4258 678 4324 illuc
710 4255 926 4343 applicuerint
951 4257 994 4323 ad
1021 4263 1146 4343 portum
1165 4255 1360 4342 faciendum,

233 4363 326 4430 illam
342 4365 508 4446 rationem,
537 4385 632 4448 qnam
665 4365 808 4434 Venecia
839 4365 925 4432 tollit
956 4370 1181 4432 extraneorum
1209 4365 1360 4452 navibus,

232 4470 440 4554 dividentque
472 4471 561 4538 illam
589 4473 622 4538 in
656 4479 721 4542 trec
751 4477 871 4559 partos,
904 4473 944 4539 de
977 4473 1095 4556 quibus
1123 4493 1219 4540 unam
1238 4473 1361 4540 dubunt

234 4579 472 4662 robiepisoopo,
506 4577 605 4646 aliam
622 4577 740 4646 (inmiti
765 4589 798 4645 et
816 4579 924 4646 tercia
941 4579 983 4646 sit
999 4577 1185 4646 Communis
1202 4579 1350 4662 Ragusii.
