3080 5146
887 988 964 1057 259.

345 1185 367 1253 l
372 1184 406 1252 V.
424 1185 504 1250 aaa
518 1183 628 1268 kirdly
643 1180 822 1270 meyerdslte'
837 1202 859 1244 u
873 1177 1071 1266 Fruuqepde
1095 1181 1249 1246 eealcdot
1282 1177 1409 1246 Vioodol
1432 1179 1458 1240 e'a

569 1291 704 1358 Modra
720 1290 912 1374 cdrmepydlo
928 1289 1129 1354 bertolcourt.
1153 1287 1253 1354 1251.

454 1485 534 1553 Bela
564 1485 625 1551 Dei
657 1482 772 1568 gracia
802 1483 873 1548 Rex
904 1481 1081 1570 Hungarie,
1114 1481 1294 1566 Dalmacie,
1328 1479 1456 1559 Oroaoie,

344 1596 457 1680 Reme,
471 1592 595 1678 Sennis,
612 1590 761 1675 Gallicis,
779 1589 970 1656 Lodomerie
986 1589 1205 1674 Gomanleque
1233 1590 1303 1654 Rex
1327 1587 1457 1654 omnibus

346 1700 470 1768 Christi
485 1700 647 1783 fidelibus,
678 1697 722 1764 ad
738 1719 819 1784 quos
837 1717 969 1782 presens
985 1697 1143 1782 scriptum
1164 1696 1353 1781 peruenerit,
1382 1695 1455 1763 saln-

346 1814 412 1874 tem
430 1807 462 1872 iu
480 1827 518 1873 eo
535 1807 591 1890 qui
607 1806 752 1890 Regibus
769 1805 826 1870 dat
843 1807 991 1871 salntem.
1027 1805 1178 1870 Virtuosa
1192 1805 1320 1887 Regum
1342 1803 1458 1869 bonitas

348 1914 515 1984 subiectos
532 1933 608 1982 suos
624 1911 789 1997 quoslibet
814 1920 904 1978 tanto
930 1912 1064 1996 largiori
1095 1929 1229 1978 munere
1258 1913 1458 1996 prosequitur,
1511 1909 1512 1920 ’

348 2029 471 2108 quanto
488 2023 629 2090 seruicia
644 2041 754 2086 eurum
772 2021 886 2088 maiori
901 2019 1074 2088 fidelitatis
1099 2021 1292 2086 constancia
1322 2018 1459 2087 decoran-
1511 2047 1512 2050 ¹

349 2136 412 2220 tur,
431 2125 677 2218 temporumque
693 2129 857 2196 successio
873 2147 1008 2212 presens
1025 2125 1172 2212 gaudere
1187 2126 1284 2194 debet
1299 2127 1459 2210 beneficijs,
1511 2111 1512 2132 ³

349 2259 413 2324 que
430 2247 565 2324 paterne
581 2237 657 2304 fidei
672 2237 831 2303 imitatrix
848 2243 897 2302 est
912 2235 1065 2321 exempli.
1089 2233 1230 2300 Proinde
1246 2233 1289 2300 ad
1315 2237 1459 2302 uniuerso-

279 2372 282 2378 ·
319 2358 320 2361 ’
349 2367 419 2414 rum
435 2347 639 2431 presencium
657 2356 689 2412 et
704 2343 884 2410 futurorum
902 2343 1058 2410 noticiam
1075 2343 1190 2408 barum
1216 2343 1300 2410 serie
1330 2345 1459 2412 volumus
1511 2389 1512 2434 3

350 2456 546 2539 peruenire:
564 2455 651 2538 quod
667 2474 739 2520 cum
755 2452 866 2519 dilecti
883 2458 914 2517 et
929 2451 1043 2518 fideles
1060 2451 1163 2518 nostri
1180 2451 1373 2535 Frldericns,
1395 2453 1460 2517 Bur·
1511 2523 1512 2528 ἵ

350 2559 541 2643 tholomeus,
559 2560 744 2628 etSeruido
771 2559 838 2646 (ser
864 2555 987 2644 Gnido)
1019 2557 1081 2640 filij
1112 2557 1304 2626 Seruidonis
1335 2559 1460 2638 Comitis,
1511 2589 1512 2646 p

351 2663 493 2733 Comites
510 2665 552 2733 de
568 2669 693 2754 Wegla,
710 2666 822 2733 fidelia
838 2664 943 2750 patris
959 2665 1100 2750 ipsorum
1119 2664 1260 2747 uestigia
1276 2666 1392 2750 iugiter
1405 2666 1463 2732 inl·

351 2778 459 2839 lantes
475 2793 496 2840 a
510 2775 668 2859 primeius
684 2780 793 2840 nostre
809 2779 842 2839 et
859 2793 970 2840 eorum
987 2770 1133 2854 puericie
1148 2771 1242 2838 annis
1268 2775 1361 2842 nobis
1388 2775 1464 2842 inde
1511 2853 1512 2864 ἵ

350 2880 497 2947 sinentes
512 2879 715 2964 adherentes,
747 2885 842 2945 tanta
857 2877 1024 2945 fidelitatis
1041 2877 1183 2944 seruicia
1198 2880 1384 2965 impendere
1409 2891 1462 2951 stn-

351 2985 508 3074 dnissent,
524 2995 559 3053 ut
584 2995 728 3072 tempore
759 2985 1000 3070 persecucionls
1030 2987 1241 3052 Tartaromm
1272 2989 1306 3054 in
1331 2989 1464 3056 Partibus

353 3095 447 3162 nobis
464 3092 635 3160 Maritimie
651 3091 848 3178 constitutis,
864 3113 931 3159 uon
947 3093 1052 3160 solnm
1070 3093 1102 3158 in
1129 3093 1212 3159 mari
1238 3113 1310 3160 cum
1341 3097 1463 3162 nauibus

354 3203 498 3288 munitis,
515 3221 630 3268 verum
647 3199 751 3267 eciam
766 3200 799 3266 in
816 3207 906 3266 terra
928 3218 1001 3266 cnm
1032 3201 1176 3284 armatis,
1210 3209 1307 3285 prout
1328 3205 1465 3288 temporis

352 3308 530 3378 necessitas
539 3315 579 3392 ¹et
595 3308 726 3393 negocij
746 3307 889 3393 qualitas
905 3308 1069 3394 exigebat,
1086 3308 1129 3374 ad
1146 3308 1328 3376 custodiam
1344 3328 1466 3397 pareone

352 3421 473 3498 nostre,
487 3433 548 3480 nee
563 3433 628 3480 uon
643 3411 683 3478 ad
702 3411 960 3498 persequendum
978 3413 1126 3482 inimicos
1143 3421 1176 3483 et
1192 3415 1342 3486 infideles
1352 3428 1465 3488 nostros
1511 3423 1512 3512 f

353 3533 422 3592 tam
438 3519 576 3588 fideliter
591 3519 773 3589 seruierunt
789 3529 821 3588 et
837 3527 1036 3609 constanter,
1054 3522 1142 3607 quod
1158 3524 1245 3595 inter
1269 3525 1354 3593 alios
1378 3524 1467 3609 Regni

354 3631 458 3697 nostri
473 3630 588 3696 fideles
606 3649 646 3696 ox
662 3627 772 3696 debito
787 3628 864 3696 fidei
881 3639 1065 3698 meruerunt
1093 3632 1295 3718 computari;
1319 3634 1363 3701 ad
1393 3635 1468 3701 babi-

354 3737 516 3805 litandnm
533 3733 725 3804 fidelitatem
751 3757 874 3825 eorum,
905 3742 939 3802 et
969 3743 1004 3805 vt
1034 3741 1195 3807 memoria
1226 3761 1338 3810 corum
1367 3743 1467 3812 ceteris

355 3846 468 3929 vigeat
484 3847 521 3911 in
537 3843 728 3930 exemplum,
745 3843 921 3912 heredibus
937 3864 1065 3928 quoqne
1081 3847 1150 3914 guig
1176 3848 1333 3934 profice„
1362 3859 1469 3936 ,emm
1511 3827 1512 3862 r

355 3953 446 4020 ribus
462 3951 668 4037 successiuis,
685 3949 901 4020 donacionem
919 3953 1095 4022 Comitatus
1112 3953 1153 4021 de
1169 3956 1312 4042 llodrus,
1336 3958 1470 4045 progeni·

358 4061 482 4129 toribus
499 4061 568 4126 suis
594 4079 653 4146 per
676 4058 836 4127 illustrem
868 4080 967 4127 anum
999 4067 1144 4128 nostrum
1174 4064 1289 4133 Bolani
1321 4063 1470 4150 quondan
1511 4143 1512 4154 χ

356 4169 526 4252 Hungarle
541 4169 662 4252 Regem
679 4165 809 4254 factam,
825 4187 885 4235 neu
916 4188 982 4234 non
1015 4175 1048 4235 et
1077 4168 1293 4239 donacionem
1327 4171 1470 4260 Wynodol
1511 4243 1512 4246 Ἴ

356 4276 460 4366 patris
476 4275 578 4343 nostri
593 4276 677 4342 bono
692 4275 854 4360 memorie,
871 4275 990 4342 factam
1008 4278 1092 4364 patri
1110 4297 1233 4366 eorum,
1250 4281 1471 4364 prenominatis

356 4384 509 4452 fidelibus
525 4383 645 4450 nostris
662 4382 867 4472 innouantes,
883 4383 1090 4472 conserimus,
1106 4391 1139 4451 et
1154 4394 1220 4454 tum
1240 4389 1472 4457 meraliberali·
1511 4403 1512 4466 3

358 4501 426 4562 tute
440 4492 610 4574 donamus,
627 4489 712 4574 quod
728 4493 757 4559 si
773 4511 870 4574 quam
886 4490 1097 4559 donacionem
1114 4493 1155 4561 de
1171 4493 1252 4580 ipsis
1263 4491 1472 4581 eomitatibus,
1511 4527 1512 4576 ;

358 4599 484 4667 scillcet
498 4597 683 4686 Wynodoll,
701 4604 734 4665 et
749 4599 916 4686 Moddrus,
946 4607 1046 4670 antea
1062 4599 1199 4670 fecimus
1215 4602 1379 4694 cuiqnam,
1410 4605 1474 4694 qnia
