3120 5148
195 1008 241 1076 ΙΙ.
260 1007 373 1075 Eadm
390 1006 568 1090 kirdlycok
594 1029 615 1070 c
643 1004 744 1071 Gerre
770 1026 877 1090 mappa
892 1005 1000 1092 faletti
1022 1008 1339 1094 ccwccyactcecpoc

196 1118 351 1202 tdryycad
374 1113 557 1198 odoradayc
582 1137 603 1178 a
627 1113 779 1197 copertos·
805 1115 885 1197 apat
914 1119 945 1178 e'c
977 1125 1133 1180 monaster
1163 1119 1324 1180 stomaro.

648 1218 747 1284 1213.
772 1217 876 1286 baal.

303 1413 455 1482 Andreas
470 1412 534 1481 Dei
551 1413 664 1498 gracia
680 1413 928 1498 Hungaricltex
944 1418 1005 1478 etc.
1026 1412 1175 1480 omuibus
1190 1432 1338 1501 presens-

196 1521 354 1606 soriptum
382 1519 577 1607 inspecturis
603 1519 743 1586 salutem
759 1519 792 1584 in
813 1537 862 1604 eo,
890 1519 945 1602 qui
971 1525 1021 1584 est
1050 1518 1139 1586 salus
1165 1521 1316 1587 omnium.

195 1629 285 1695 Licet
316 1629 401 1694 iuter
430 1632 538 1694 cetam
567 1625 722 1692 virtutum
754 1643 854 1710 opera
887 1623 1048 1709 largiendi
1079 1625 1269 1692 beneficium
1300 1649 1337 1696 a

195 1736 358 1821 plerisque
373 1753 500 1820 semper
515 1733 757 1800 commendetur
770 1755 778 1816 ς
796 1731 842 1798 ibi
857 1737 966 1799 tamen
982 1736 1137 1801 memoria
1167 1735 1321 1818 precipue

194 1841 445 1926 commendatur,
463 1841 518 1908 ubi
534 1859 594 1924 pro
609 1839 714 1906 salute
730 1839 834 1924 ipsius
850 1839 1031 1924 largientis,
1060 1840 1205 1908 beneficii
1235 1861 1320 1911 rece·

194 1957 304 2034 ptores
321 1948 476 2016 Divinam
493 1946 752 2015 misericordiam
770 1945 823 2013 dic
838 1953 999 2031 noctuque
1014 1947 1198 2016 inemoriter
1208 1947 1333 2036 depre-¹

193 2063 317 2122 cantur.
342 2055 413 2123 Hac
428 2054 540 2138 itaque
555 2053 687 2120 racione
703 2053 880 2120 salubriter
895 2053 1083 2139 premoniti,
1100 2055 1218 2121 Domni
1234 2055 1319 2139 'lop-

192 2166 253 2229 lice
270 2165 312 2230 de
329 2161 445 2246 Gerra,
462 2171 573 2229 nostre
589 2160 742 2228 videlicet
760 2161 864 2246 prime
896 2161 1080 2227 devocionis
1106 2161 1317 2247 plantacioni,

193 2271 396 2338 concedimus
412 2269 616 2349 ctvolumus,
643 2273 677 2332 ut
704 2265 882 2333 Comitatus
915 2267 1018 2334 Gerre
1050 2286 1122 2333 cum
1155 2267 1330 2337 universis¹

192 2379 258 2445 suis
275 2375 487 2461 pertinenciis
504 2384 536 2442 ct
553 2375 683 2460 populis
701 2375 734 2439 in
752 2393 790 2440 co
809 2375 1095 2460 commorantibus,
1123 2385 1232 2460 preter
1257 2398 1316 2446 aex

194 2486 436 2570 generaciones,
452 2484 499 2549 lta
515 2482 662 2550 serviant
678 2487 709 2548 et
727 2501 767 2547 ea
793 2482 1037 2563 consuetudine,
1065 2503 1130 2567 qua
1161 2505 1219 2552 uos
1251 2489 1316 2550 ianr

192 2589 310 2656 dudum
326 2592 428 2674 Regis
442 2588 625 2656 Maiestatis
642 2588 792 2654 libertate
810 2609 881 2655 cum
899 2591 1070 2674 privilegio
1103 2598 1214 2658 nostro
1244 2612 1314 2659 eou-

191 2696 357 2764 firmantes
372 2699 406 2763 iu
421 2703 612 2782 perpetuum
629 2696 848 2762 concessimus
869 2697 1085 2764 serviendum.
1111 2696 1328 2783 Quapropter·

193 2801 275 2868 banc
292 2811 403 2869 nostre
419 2802 615 2870 donaciones
636 2801 846 2868 stabilitatem
873 2803 1074 2887 presencium
1100 2812 1316 2888 posterorum·

191 2927 252 2990 que
268 2908 390 2976 noticia
405 2909 640 2994 significantes,
655 2909 791 2975 firmiter
809 2908 923 2976 damus
954 2911 987 2975 in
1019 2911 1172 2976 mandato
1204 2919 1314 2979 nostro

148 3043 151 3050 ·
191 3016 276 3082 fideli
291 3017 391 3102 Bane,
404 3017 555 3084 videlicet
565 3036 652 3082 nanc
668 3016 820 3083 existenti
836 3023 868 3082 et
884 3015 1031 3082 omnibus
1042 3017 1314 3102 quicumqueloco

190 3121 238 3187 vel
253 3131 399 3207 tempore
415 3122 525 3206 aliquo
543 3129 616 3206 post
633 3122 738 3206 ipsum
755 3119 874 3188 fuerint
891 3121 1119 3206 constituendi,
1152 3133 1312 3204 quatenus

190 3229 349 3296 Abbatem
367 3234 400 3294 et
415 3227 592 3294 Monachus
609 3227 727 3293 Sancte
742 3227 845 3319 llario
862 3227 894 3291 in
911 3226 1047 3312 Toplica
1076 3227 1117 3292 de
1144 3229 1247 3296 Gerra
1281 3242 1313 3300 et

190 3338 342 3421 populum
358 3333 421 3402 sibi
436 3335 625 3418 subiectum,
641 3353 702 3400 nec
717 3353 774 3418 pro
791 3334 947 3400 descensu
964 3339 1077 3400 contra
1109 3337 1310 3406 voluntatem

189 3443 326 3510 Abbatis
342 3441 374 3506 iu
392 3439 511 3526 populo
527 3439 672 3508 Ecclesia
690 3440 864 3528 exigendo,
881 3461 941 3508 nec
958 3461 1016 3526 pro
1031 3442 1222 3523 gravamine
1253 3447 1312 3513 ali-

189 3554 280 3617 cuius
299 3549 482 3616 exactionis
497 3545 690 3630 inquirendo
723 3547 875 3630 deinceps
903 3547 1086 3631 inquietare
1118 3557 1312 3632 presumatis

189 3659 256 3724 sive
265 3659 459 3742 molestare,
475 3655 535 3723 sed
552 3675 590 3723 eo
608 3654 678 3722 iure
695 3660 728 3722 et
746 3655 906 3738 libertate,
924 3677 987 3739 qua
1003 3676 1062 3722 ucs
1093 3677 1151 3741 per
1184 3657 1311 3743 privile·

188 3767 277 3848 glum
294 3769 439 3830 nostrum
456 3765 503 3829 eis
518 3763 747 3847 concessimus,
764 3761 898 3846 pacifice
924 3764 1012 3847 ipsos
1045 3764 1209 3850 possidere
1240 3789 1310 3852 per·

182 3871 333 3939 mittetis.
357 3873 511 3939 Preterea
528 3871 690 3938 universis
707 3871 834 3954 populis
851 3877 884 3936 ct
909 3871 1137 3954 iobagionibus
1165 3884 1308 3944 castren-

187 3980 275 4049 sibus
295 3976 339 4044 ad
355 3977 517 4062 prelatum
534 3977 714 4046 Ecclesiam
733 3978 955 4062 spectantibus
981 3979 1171 4048 mandamus
1198 3991 1230 4049 et
1261 3983 1310 4049 fir·

187 4089 282 4154 miter
298 4083 506 4172 precipimus,
523 4091 685 4168 quatenus
702 4083 790 4150 omni
805 4092 931 4152 remota
946 4086 1062 4153 erroris
1080 4086 1220 4171 caligine
1235 4088 1311 4157 fide-

187 4195 259 4260 liter
275 4201 309 4260 et
325 4193 434 4262 debito
450 4211 538 4262 more
569 4191 735 4278 sepedicta
762 4192 909 4260 Ecclesia
940 4193 1058 4258 Abbati
1092 4201 1125 4260 ct
1155 4193 1321 4263 fratribus¹

186 4303 254 4368 suis
270 4302 396 4368 servire
412 4299 570 4368 studeatis
587 4301 619 4366 iu
638 4300 795 4386 omnibus,
811 4300 894 4366 sicut
910 4301 1003 4367 dccet
1018 4299 1157 4366 dominis
1183 4305 1321 4369 vestris..

277 4463 437 4522 (Tlralcsica
456 4463 581 4515 Menum.
601 4464 665 4513 hist.
687 4464 779 4527 Epioe.
799 4464 993 4528 Zagrabiensis
1012 4465 1033 4513 1.
1054 4461 1112 4510 kat.
1135 4467 1176 4513 33.
1196 4465 1226 4526 l.)
