3080 5146
601 252 764 354 Q

108 449 224 520 verbis
255 448 365 538 ipsam
381 445 578 534 particulam
610 452 694 514 terre
724 443 837 514 taliter
867 441 1026 532 distingui
1054 445 1246 546 reperimus7

110 557 270 626 videlicet
284 582 292 626 ι
308 555 422 622 Prinna
437 561 526 622 meta
557 552 674 640 incipit
704 553 748 622 ab
765 553 898 640 criente,
916 552 972 622 nbi
993 551 1076 621 ioret
1090 558 1179 620 terra
1193 569 1253 620 sea

110 671 204 734 meta
219 663 386 732 Johmnin
409 660 471 728 filii
487 659 658 748 Stephani,
681 660 870 750 Harbortya
885 667 1014 748 vocata,
1031 659 1087 729 ubi
1100 664 1167 728 stat
1183 658 1253 744 qui·

113 775 192 842 dam
207 791 305 840 mons
315 768 617 850 Petththavocato3
632 768 675 834 ab
686 767 749 836 hac
760 767 993 855 perquandam
1008 767 1128 836 nauem
1145 763 1251 835 eundo

110 879 267 968 persenit
297 877 343 946 ad
358 873 521 964 quendam
538 895 675 961 parsum
699 874 832 946 flauum
848 901 856 961 3
871 875 949 944 inde
965 879 999 944 iu
1015 894 1116 962 parvo
1132 874 1244 962 spacio

109 985 319 1058 cundorcnit
329 985 415 1052 circa
424 983 587 1067 quendam
596 982 718 1050 fontem
728 1003 786 1052 seu
795 981 935 1052 nnnlnm
945 981 979 1048 in
993 980 1137 1069 quadam
1147 982 1250 1068 salle,

109 1095 167 1182 qni
175 1093 272 1163 toret
284 1111 385 1180 penes
399 1098 519 1160 tortam
536 1090 667 1158 Nicolai
698 1090 746 1156 lili
778 1090 893 1177 Potri;
925 1087 1002 1158 inde
1032 1109 1093 1177 per
1107 1087 1246 1156 eandem

112 1201 238 1269 vallem
253 1199 288 1267 in
318 1198 444 1266 modico
476 1197 590 1284 spacio
606 1198 715 1266 eundo
731 1197 882 1284 pervenit
897 1197 941 1264 ad
956 1203 1099 1266 montom
1114 1194 1251 1264 brenni·

111 1309 205 1376 werlu
221 1308 343 1376 dictum
359 1329 380 1376 a
395 1309 495 1394 plaga
509 1307 670 1394 meridiei,
686 1313 719 1374 ot
734 1327 793 1393 pcr
809 1306 948 1375 eandem
973 1307 1107 1394 plagam
1138 1305 1250 1376 eundo

113 1417 148 1482 in
163 1415 296 1484 modico
327 1415 443 1502 spacio
473 1417 564 1484 veuit
595 1417 683 1484 circa
698 1421 819 1483 terram
841 1417 949 1485 Pouse
967 1435 1071 1502 penes
1086 1414 1252 1501 quandam

112 1544 272 1610 magnam
301 1524 401 1610 riam,
424 1522 518 1589 iuxta
548 1542 646 1607 quam
663 1523 751 1592 riam
783 1522 868 1589 foret
897 1521 1032 1605 quidam
1056 1520 1150 1589 lacus
1165 1521 1256 1608 wigo

113 1630 281 1719 halyschc
296 1635 515 1717 nuncupatus,
533 1649 595 1714 quo
610 1630 768 1698 videlicet
784 1629 840 1696 via
855 1628 959 1697 audit
973 1625 1059 1697 int'er
1089 1629 1254 1714 quendam
1306 1693 1313 1708 ,

114 1737 251 1805 fluvium
276 1736 468 1822 Glogonoha
483 1741 636 1804 vocatum
652 1743 685 1804 ct
700 1738 761 1805 sub
776 1738 917 1821 quodam
943 1742 1052 1804 monte
1069 1735 1256 1805 Gerobcrda

115 1845 270 1913 vocatum
286 1865 307 1912 a
323 1843 411 1910 dicta
426 1841 528 1930 plaga
551 1843 722 1931 meridiei;
753 1843 831 1912 inde
862 1844 896 1911 in
926 1844 1013 1912 bono
1045 1843 1160 1930 spacio
1190 1863 1251 1930 per

116 1952 260 2021 candem
290 1951 380 2018 riam
404 1949 571 2036 pergendo
587 1951 736 2036 pervenit
752 1949 840 2018 eirca
855 1949 1018 2034 quendam
1034 1949 1176 2017 rivulm
1192 1969 1252 2017 seu

116 2062 250 2145 iontem,
265 2057 323 2126 uhi
338 2057 443 2125 iurent
464 2065 551 2124 meto
564 2058 680 2145 Panse,
705 2057 864 2144 Stephani
881 2062 914 2124 ct
945 2057 1105 2125 dictorum
1136 2057 1248 2142 Merge

116 2188 156 2235 ac
170 2163 363 2234 hlotbkouis
380 2190 388 2251 ;
412 2163 533 2232 abinde
548 2184 663 2233 versus
680 2171 804 2252 partem
820 2165 998 2233 australem
1015 2164 1180 2249 pergendo
1198 2183 1254 2232 ve·

118 2275 167 2341 nit
182 2274 228 2342 ad
244 2271 410 2358 quandam
425 2272 566 2358 vallem;
584 2273 701 2341 deiude
717 2271 760 2338 ad
776 2280 934 2360 montem3
947 2271 1067 2339 abinde
1082 2272 1198 2339 iterum
1214 2269 1251 2336 in

118 2382 248 2448 modico
279 2379 393 2466 spacio
423 2378 562 2464 &nando
593 2381 683 2448 venit
708 2380 794 2448 circa
810 2380 976 2464 quandam
992 2379 1141 2446 arborem
1153 2379 1255 2464 javor

120 2491 257 2577 dictam,
273 2487 329 2556 uhi
346 2487 429 2554 foret
445 2495 532 2554 mela
547 2487 752 2555 dominorum
769 2487 913 2575 Capituli
943 2486 1094 2556 Ecclesie
1124 2486 1249 2575 Zagru-

118 2597 244 2666 biensis
261 2619 269 2680 ;
287 2593 405 2661 deinde
436 2613 537 2679 penes
570 2592 702 2661 casdem
733 2599 839 2661 melas
870 2595 973 2680 ipsius
990 2593 1134 2681 Capituli
1149 2593 1255 2663 tendit

118 2725 177 2791 per
195 2700 357 2786 quosdam
374 2699 565 2768 monticulos
591 2700 766 2787 Glawycze
797 2699 1029 2769 Drencucthlse
1061 2701 1176 2789 dictos,
1207 2704 1254 2770 ab

118 2810 195 2880 iude
210 2810 328 2878 iterum
351 2809 454 2876 tendit
480 2808 523 2876 ad
540 2829 637 2878 unum
655 2830 793 2895 parvum
811 2817 963 2899 montem,
981 2817 1013 2878 et
1029 2810 1070 2878 dc
1085 2818 1193 2880 monte
1209 2812 1253 2880 ad

118 2919 242 2985 vallem
257 2917 344 2984 cirea
354 2917 516 3000 quendam
527 2917 649 2985 iontem
660 2918 863 3004 Dubrannky
880 2919 1013 3004 (lictum,
1031 2940 1089 3004 per
1105 2919 1255 2988 candem·

120 3045 183 3112 que
215 3025 336 3092 sallem
366 3025 534 3110 pergendo
564 3026 717 3112 pervenit
736 3027 825 3092 circa
841 3024 1005 3111 quendam
1022 3046 1177 3109 magnum
1192 3027 1251 3092 flu·

119 3137 235 3216 rium;
266 3131 344 3197 inde
359 3131 394 3198 in
410 3133 496 3199 bono
518 3131 666 3217 etlcngo
699 3133 811 3219 spacio
845 3153 905 3220 per
934 3139 1078 3199 montem
1109 3129 1256 3222 girauda

119 3239 278 3311 videlicet
291 3261 314 3306 a
336 3240 439 3326 plaga
453 3239 616 3328 orientali,
648 3243 797 3327 pervenit
828 3241 872 3308 ad
902 3239 1066 3326 quendam
1096 3260 1251 3324 magnum

120 3356 266 3416 montem
298 3349 384 3432 wlgo
417 3347 580 3434 Garmytb
593 3357 747 3433 uocatum
764 3375 772 3436 ς
788 3351 905 3417 iterum
921 3349 962 3415 ab
979 3347 1058 3415 inde
1073 3348 1180 3415 eundo
1195 3369 1257 3434 per

121 3457 286 3544 quendam
308 3463 450 3525 montem
466 3457 618 3542 pervenit
649 3457 693 3524 ad
724 3457 888 3543 prefatum
920 3463 1062 3523 montem
1092 3457 1251 3528 Petthohe

118 3569 281 3652 vocatum,
304 3570 336 3630 et
349 3563 441 3631 vonit
457 3565 500 3632 ad
516 3563 656 3648 priorem
681 3571 800 3632 metam
817 3565 873 3632 ubi
890 3565 950 3632 fuit
965 3565 1105 3649 incepta,
1138 3563 1249 3650 ibique

123 3659 326 3742 terminatur.
343 3675 502 3742 Volumus
517 3673 661 3761 insuper,
678 3673 766 3757 quod
781 3672 900 3758 prelati
924 3675 1039 3758 Mergs
1054 3679 1088 3740 ct
1117 3672 1256 3742 hlothlso

123 3780 401 3868 posteritatesquc
431 3783 576 3866 ipsorum
608 3781 750 3850 universi
782 3780 874 3848 nullo
891 3800 1034 3866 nuquam
1050 3787 1195 3868 tempore
1210 3780 1255 3849 ad

124 3887 301 3956 exercitum
316 3887 366 3954 ire
380 3909 444 3956 non
474 3895 656 3976 teneantur,
688 3888 749 3957 sed
780 3889 921 3975 singulis
945 3890 1042 3956 annis
1058 3889 1092 3956 in
1107 3888 1251 3957 futurum

124 4016 253 4083 semper
275 3998 312 4064 in
327 3998 453 4066 colaris
469 3997 563 4066 Beati
579 3997 714 4084 Georgii
730 3998 874 4065 martiris
890 4003 968 4065 tnnc
983 3998 1135 4065 affuturis
1149 3997 1254 4082 quad·

125 4106 257 4192 noginto
287 4103 440 4172 denarios
472 4124 532 4190 pro
562 4111 708 4192 ternpore
739 4109 916 4190 currentes,
945 4103 1081 4189 quilibet
1111 4103 1254 4189 ipsorum

129 4215 222 4284 nobis
255 4221 288 4281 et
318 4213 438 4282 nostris
454 4215 698 4283 successoribus
715 4213 805 4303 dare,
822 4212 1051 4283 administrare
1067 4220 1100 4280 et
1130 4213 1253 4299 persol-

126 4345 202 4393 vere
218 4329 402 4391 teneantur.
420 4322 697 4410 Decrerimusquc
723 4323 837 4412 eciam,
856 4323 942 4409 quod
958 4321 1102 4408 quolibet
1117 4341 1204 4388 anno
1219 4323 1253 4389 in

128 4437 319 4520 perpetuum
344 4431 431 4498 circa
447 4429 565 4498 iestuur
580 4431 675 4499 Beati
691 4429 862 4500 Michaelis
878 4429 1075 4513 Archangeli
1094 4431 1254 4516 prenomi-

127 4541 196 4607 nati
211 4540 325 4625 llergo
341 4545 373 4606 et
388 4537 525 4606 hlothlso
555 4539 830 4626 posteritatcsque
860 4538 1006 4626 ipsorum
1032 4535 1173 4605 universi
1190 4557 1257 4604 nnc·
