3150 5162
573 297 733 395 ffl-

84 494 146 578 qui
164 492 268 560 eidem
283 491 378 558 fratri
395 490 574 558 Remboldo
590 489 783 556 immediate
798 491 954 558 successit
969 509 1010 556 cx
1024 509 1089 556 rna
1114 495 1217 574 parte,

91 607 123 667 et
139 599 239 666 Panlo
256 597 384 682 prelato
399 595 467 664 filio
484 597 614 681 Borych
630 595 714 662 Bani
730 616 840 664 coram
856 597 948 663 nobis
965 595 1151 663 constitutis
1176 616 1217 662 ex

92 705 205 792 altera,
222 725 295 771 cum
310 705 352 772 de
368 704 492 771 meritis
510 723 606 770 cause
622 703 726 788 ipsius
743 703 954 789 presentibus
980 703 1096 771 moenis
1121 705 1219 772 Baro-

92 813 187 880 nibrs
202 831 478 898 cognosceremus,
495 812 529 877 iu
544 812 618 897 ipsa
633 811 798 880 instancia
812 811 933 895 Judicij
952 810 1117 896 predictus
1134 812 1216 878 Pau·

93 921 145 986 lus
160 919 379 1004 deprehensus
395 925 444 986 est
475 917 606 985 nostras
638 919 760 1008 Regias
790 919 919 986 litteras
949 917 1097 986 falsa-
1114 961 1157 971 -
1175 957 1218 967 -

94 1029 167 1094 isse.
189 1024 268 1093 Cum
285 1027 397 1114 igitur,
413 1035 445 1095 et
462 1030 491 1094 si
509 1027 633 1112 aliquid
650 1028 730 1096 iuris
745 1029 780 1094 iu
811 1026 959 1115 predicta
988 1035 1074 1096 terra
1106 1025 1218 1094 Sancti

94 1132 223 1200 Martini
239 1132 385 1219 prefatus
412 1135 535 1202 Paulus
568 1135 712 1220 haberet,
745 1141 877 1221 propter
907 1136 1025 1202 vicium
1057 1142 1218 1220 comperte

97 1238 248 1308 salsitatis
264 1241 338 1325 ipsa
354 1249 440 1308 terra
455 1241 568 1308 Sancti
585 1242 725 1328 Martini,
741 1245 825 1310 sicut
841 1250 873 1309 et
895 1242 961 1308 alia
977 1243 1063 1310 bona
1088 1261 1149 1309 sna
1174 1241 1217 1308 ad

97 1355 220 1414 nostras
236 1369 353 1415 manus
373 1356 482 1416 esseut
498 1349 613 1418 merito
629 1350 790 1435 deuolute,
808 1371 867 1418 nos
883 1349 1062 1417 deliberato
1078 1349 1219 1415 omnium

98 1453 254 1520 Beronum
271 1465 464 1541 nostrorum,
491 1458 547 1539 qui
573 1464 650 1522 tunc
681 1456 828 1539 aderant,
862 1457 1008 1541 consiliu·
1037 1456 1218 1543 predictum

98 1559 345 1644 ¹Zegrabiensem
361 1563 558 1650 Episcopum
575 1584 675 1649 super
689 1564 763 1647 ipsa
779 1571 866 1631 terra
881 1566 993 1632 Sancti
1019 1565 1150 1632 Martini
1177 1565 1218 1632 ab

100 1666 301 1751 inpeticione
326 1671 428 1756 ipsius
452 1669 558 1758 Pauli,
586 1679 618 1736 et
643 1673 785 1738 omnium
810 1672 864 1756 qui
890 1673 1030 1759 nomine,
1062 1673 1131 1739 iure
1160 1692 1219 1740 seu

101 1775 264 1844 occasione
286 1775 388 1862 ipsius
412 1779 507 1844 Pauli
532 1779 638 1863 ipsum
664 1781 859 1864 impeterent
882 1781 936 1846 rel
960 1780 1116 1866 impetere
1148 1799 1220 1864 pos·

104 1889 180 1963 sent,
215 1884 457 1950 sentencialiter
498 1883 649 1952 duximus
689 1885 949 1967 absolueudum3
996 1886 1220 1956 adiudicantes

106 1985 201 2054 eidem
216 1991 377 2082 Episcopo
393 2013 451 2076 per
466 1993 603 2060 eandem
619 1999 819 2061 sentenciam
836 1995 995 2079 preditam
1010 2001 1129 2062 terram
1140 1997 1219 2064 San-

106 2095 145 2158 cti
159 2096 283 2162 Martini
299 2107 457 2183 perpetuo
476 2107 509 2166 et
523 2099 658 2185 pacifice
675 2101 915 2186 possidendam.
942 2105 980 2168 In
997 2103 1088 2170 cuius
1105 2103 1153 2170 rei
1168 2103 1219 2168 fir·

109 2203 238 2268 mitatem
255 2209 288 2270 et
302 2207 401 2272 robur
418 2215 584 2290 presentes
599 2207 727 2276 litteras
743 2217 873 2276 nostras
891 2209 1108 2278 concessimus
1119 2211 1221 2295 sigilli

110 2310 198 2374 nostri
214 2310 385 2378 munimine
416 2315 599 2382 roboratas.
637 2317 758 2382 Datum
790 2325 823 2385 et
853 2325 960 2384 actum
991 2318 1074 2386 Albe
1106 2320 1220 2402 quinta

109 2412 185 2478 feria
198 2425 270 2500 post
282 2422 401 2485 festum
417 2421 540 2508 {Sancti
566 2423 735 2490 Michaelis
766 2445 853 2490 anno
885 2424 1016 2492 Domini
1048 2425 1220 2493 millesimo

108 2529 316 2600 ducentesimo
333 2532 597 2616 quinquagesimo
615 2553 708 2600 nono.

108 2727 160 2786 (IV.
179 2728 275 2778 Laszlo
296 2729 447 2792 kiralynak
469 2732 579 2780 rare-kt
608 2733 773 2797 magereslllt
804 2735 1058 2799 privilegiumabffl,
1091 2752 1107 2786 a
1137 2737 1222 2788 budei

240 2825 293 2874 kir.
314 2824 439 2874 kanrarai
460 2823 634 2873 leveltairnak
654 2823 820 2887 zagreibban
840 2825 903 2874 leve
926 2826 1077 2890 re'szeben.)

527 3107 795 3117 *ιη-.-

627 3645 701 3715 318.

110 3835 162 3900 IV.
186 3841 266 3906 Belo
284 3842 394 3928 leircily
411 3846 893 3934 azoutorceuylcezesc'iiqybcn,
923 3849 1008 3933 moly
1039 3870 1059 3910 α
1091 3847 1227 3934 euprobi

108 3941 253 4028 lclptulau
270 3951 302 4014 aa
328 3945 455 4037 Zdyrcib
479 3956 574 4018 coiroo
599 3954 671 4016 leoco
692 3953 794 4038 folyt,
827 3953 877 4018 ccc
908 3957 1011 4019 ultani
1041 3955 1172 4020 malmot
1204 3977 1227 4018 a

183 4056 360 4120 cislercitdk
376 4058 511 4143 euprobi
526 4060 775 4124 ruouoslordualc
791 4060 928 4124 holdroz
944 4061 1017 4127 ocio.
1041 4061 1136 4126 1259.

194 4247 354 4315 (lllzalcsics²
372 4252 497 4302 Monum.
518 4254 583 4304 hist.
603 4253 696 4318 Episc.
716 4255 911 4321 nagrauicnris
929 4257 951 4306 I.
971 4259 1029 4309 ket.
1052 4263 1111 4308 121.
1124 4258 1154 4322 1.)

532 4541 799 4551 ..Ἦ-..-
