3208 5158
843 279 910 355 tls

793 363 953 389 ----⁴l

309 483 390 556 toko
405 504 506 571 usquc
521 485 643 554 uellem
660 483 812 556 Solumus
828 485 964 571 potokn,
981 489 1014 552 et
1027 483 1075 552 ibi
1091 483 1346 554 conterminam
1363 503 1438 555 cnm

313 593 432 683 Verob,
448 601 481 662 ct
496 592 698 681 postmodum
716 593 840 662 directe
855 591 947 661 uenit
962 591 1007 659 ad
1023 592 1178 680 zogywa,
1209 597 1242 660 et
1256 591 1303 660 ibi
1315 595 1350 660 in
1365 593 1437 664 loco

311 701 446 790 Kuveys
461 711 580 772 uocato
595 701 715 772 transit
731 698 1000 772 conterminando
1014 719 1088 768 cnm
1102 700 1205 787 Botyn
1234 696 1381 788 Gomito;
1405 708 1443 770 ct
1576 671 1577 732 3

310 807 386 876 hino
402 808 493 878 uadit
508 831 565 897 por
596 811 718 879 uallem
750 829 813 894 quc
845 807 963 877 dicitur
992 807 1292 896 Worroonowelgln,
1324 811 1442 879 nonsit

310 917 539 1006 monticulum,
553 917 642 986 uenit
664 919 708 986 nd
724 915 996 1004 chdcnporlogn
1011 923 1160 1002 exparte
1176 917 1383 1004 occidentali,
1410 923 1443 985 ct

311 1027 457 1112 iungitur
472 1026 517 1095 sd
533 1028 638 1095 listro
653 1046 767 1096 uersos
787 1031 931 1093 castrum
961 1025 1075 1122 Agacl
1097 1033 1130 1093 et
1160 1026 1208 1094 sio
1237 1027 1442 1095 terminetur.
1576 1069 1577 1084 2

311 1133 394 1200 Item
417 1141 625 1220 patronatum
663 1131 853 1217 Monostsrij
887 1131 929 1199 <lo
959 1131 1085 1201 Postuln
1119 1133 1164 1200 at
1195 1153 1258 1202 nos
1292 1131 1445 1203 similitor
1576 1135 1577 1194 1

312 1241 526 1325 pertinentem
537 1241 643 1310 eidem
654 1241 811 1328 Magistro
826 1239 995 1325 Stephano
1011 1249 1044 1308 et
1057 1241 1125 1310 suis
1140 1240 1316 1312 heredibus
1332 1248 1443 1312 contu·

310 1349 410 1418 limus
425 1349 522 1435 pleno
537 1351 617 1419 iuro.
640 1353 685 1418 vt
706 1350 805 1434 igitur
821 1353 930 1416 nostre
945 1346 1136 1416 collacionis
1161 1367 1219 1417 sen
1249 1349 1444 1422 donacionis

312 1463 411 1529 series
427 1457 527 1528 robur
545 1458 692 1526 obtineat
708 1461 865 1544 perpetue
881 1455 1052 1542 firmitatis,
1069 1457 1181 1524 necin
1208 1457 1321 1541 aliquo
1347 1478 1444 1531 cursu

310 1573 490 1656 temporum
505 1587 565 1654 per
580 1567 769 1652 quempiam
783 1564 889 1652 possit
903 1565 1076 1632 retractari
1092 1567 1147 1632 uel
1162 1565 1197 1632 in
1214 1567 1339 1634 irritum
1354 1589 1444 1640 rouo-

288 1737 291 1752 .
312 1678 391 1762 curi,
415 1683 584 1763 presentes
599 1674 726 1742 littores
743 1672 962 1742 concessimus
980 1671 1120 1760 duplicis
1138 1672 1240 1760 sigilli
1254 1677 1359 1746 nostri
1375 1699 1440 1746 mu·

312 1785 435 1854 nimine
450 1783 631 1852 roboratus.
654 1783 775 1850 Datum
788 1799 847 1866 per
862 1799 977 1848 munus
993 1781 1144 1866 Magistri
1166 1781 1352 1852 Lodomsrii
1368 1785 1443 1854 culo
1576 1777 1577 1832 ἶ

309 1897 422 1960 nostre
437 1889 716 1977 vicecancellarij
734 1888 845 1956 dilecti
863 1895 896 1956 et
921 1887 1026 1958 idelis
1058 1891 1162 1958 nostri
1194 1903 1281 1961 anno
1313 1892 1444 1962 Domini

313 2001 486 2071 millesimo
499 1997 725 2067 ¹(lucentesimo
748 1996 825 2062 va
848 1996 970 2081 quinto.

315 2199 360 2262 (V.
397 2199 495 2252 Istvin
525 2199 587 2252 mir
617 2197 769 2263 kirtlynuk
799 2197 910 2248 roro-kt
940 2195 1108 2263 msgsrltslto
1140 2197 1398 2266 privilegiumtbol,
1427 2217 1444 2257 n
1576 2221 1577 2232 κ

314 2291 400 2343 budsi
418 2293 473 2343 kir.
492 2292 619 2343 kamerci
643 2289 825 2341 levslttrbun.
846 2288 903 2350 Solu
932 2288 1050 2340 hihulvnl
1079 2289 1186 2345 kiadvo
1215 2291 1347 2356 chcrncll
1378 2293 1442 2346 coo.

676 2381 734 2446 Dip
755 2380 804 2433 IV.
825 2380 884 2432 tot
905 2384 928 2430 3.
950 2394 972 2433 r.
993 2384 1055 2436 289.
1074 2381 1104 2446 1.)

744 2668 1012 2684 b-n—n—-n-—n———u

843 3229 918 3301 389.

315 3426 336 3495 1
342 3423 375 3496 V.
398 3425 546 3495 Kolonos
565 3430 659 3516 popa
684 3427 866 3496 Kolcmbcio
889 3431 997 3496 trau-i
1017 3427 1178 3520 ponpotot
1199 3429 1273 3512 inti,
1311 3433 1398 3523 lnopy
1420 3457 1442 3502 o

315 3537 462 3624 spclutci
484 3535 791 3603 dominilonuoolcat
815 3563 835 3602 a
869 3539 966 3603 notit
1004 3537 1171 3606 llam-bon
1203 3539 1442 3631 hapyomduyo-

361 3653 423 3710 nott
444 3643 654 3731 topotnunat
677 3645 813 3732 kepycri
829 3645 980 3731 ιγὀράῦαη
1002 3667 1041 3711 uo
1064 3647 1274 3736 lcdborqossa.
1299 3649 1396 3718 1265.

427 3841 576 3908 Clemens
593 3839 773 3925 Episcopus
790 3857 905 3908 seruus
921 3859 1087 3908 seruorum
1101 3841 1164 3909 Dei
1181 3843 1362 3913 venerabili
1379 3844 1443 3914 lra-

317 3949 358 4019 tri
376 3999 384 4017 .
402 3999 410 4018 .
427 3998 436 4016 .
452 3949 616 4036 Episcopo
631 3947 842 4033 Traguriensi
858 3949 997 4017 salntem
1015 3956 1047 4016 ct
1063 3950 1288 4035 Apostolicsm
1311 3951 1443 4022 bencdi-

318 4057 468 4126 otionem.
493 4055 541 4122 Ex
557 4060 650 4141 purtc
666 4053 857 4123 dilectorum
872 4056 1010 4124 tiliorum
1024 4106 1033 4125 .
1049 4107 1057 4125 .
1076 4056 1224 4142 ..Prioris
1240 4065 1273 4126 ct
1303 4057 1442 4131 fratrum

317 4163 449 4232 Ordinis
466 4162 687 4231 Prodictorum
702 4161 946 4250 Spalatcnsium
962 4165 1023 4232 fnit
1038 4165 1242 4254 propositum
1259 4187 1369 4236 coram
1386 4192 1442 4240 no·
1576 4163 1577 4246 ᾖ

316 4272 378 4360 bis,
396 4270 482 4356 quod
496 4271 654 4338 Nicotaus
669 4271 830 4340 Albertini
846 4273 927 4341 cinis
944 4273 1098 4359 Tragurii
1113 4274 1280 4360 qnondam
1304 4275 1444 4348 fundum

319 4399 412 4447 sunm
428 4379 525 4446 situm
542 4377 575 4446 in
594 4379 726 4446 civitate
742 4381 906 4468 Tragurii,
939 4388 971 4448 et
982 4379 1038 4466 jus
1054 4386 1254 4470 potronatus,
1285 4387 1373 4472 quod
1388 4385 1445 4453 hn-

317 4487 417 4554 bcbct
431 4485 466 4553 iu
482 4487 608 4572 capella
619 4489 802 4587 ‘constituto
817 4488 851 4556 in
867 4487 981 4559 codem
997 4489 1109 4575 londo,
1142 4509 1205 4575 quc
1221 4491 1304 4561 nulli
1332 4494 1445 4563 fuerat

318 4591 353 4662 in
368 4594 561 4664 beneficium
579 4595 761 4684 assignata,
785 4617 911 4686 quoquc
926 4597 1032 4668 nullos
1047 4596 1190 4672 habebnt
1205 4598 1364 4694 redditos,
1397 4601 1445 4674 cis
