3120 5148
848 268 1008 364 *mo—

349 462 564 530 ‘tradiocione
580 461 684 528 eidem
702 460 846 529 Ecclesie
862 465 1068 528 restauretur.
1108 455 1190 522 Sunt
1221 464 1328 523 autem
1360 458 1484 525 nomina

363 573 604 657 piscaturarum
620 570 704 636 hec:
734 569 901 652 Ilionenie,
917 566 1198 652 Bratnchouyoha,
1222 567 1350 653 Lubyn,
1382 568 1481 635 Vnsti-

360 677 490 766 loygne‚
507 676 676 761 (lherneth,
692 676 867 761 Terdeche,
886 676 1046 743 Bukouia.
1086 675 1127 739 Et
1143 673 1219 757 quia
1246 681 1379 758 propter
1404 697 1479 759 qua-

361 786 501 854 rundam
518 786 654 852 aliarum
680 793 838 851 terrarum
864 784 1140 850 intermixtionem
1172 803 1238 847 non
1270 783 1341 848 sine
1371 804 1482 869 magno

362 893 535 978 dispendio
551 899 686 979 possent
702 911 813 958 omues
828 899 912 957 mete
940 901 1099 958 terrarum
1129 887 1267 976 predicti
1299 895 1481 958 monasterii

361 1000 523 1068 distinctis
539 998 695 1067 limitibus
711 997 950 1086 comprehendi,
968 1019 1026 1065 nos
1043 1019 1101 1086 pro
1119 996 1213 1064 metis
1239 997 1372 1062 nomina
1403 998 1481 1082 prin-

361 1108 516 1192 cipalium
532 1106 675 1174 eiusdem
686 1105 864 1174 Comitatus
881 1106 1025 1191 parcium
1043 1106 1086 1171 ad
1103 1105 1189 1172 idem
1205 1106 1437 1172 monasterium
1447 1108 1481 1172 de

346 1212 499 1300 ‘'l'oplica
515 1212 752 1300 pertinencium
769 1215 915 1298 presenti
931 1214 1052 1299 scripto
1069 1213 1205 1280 fecimus
1220 1214 1383 1278 annotari.
1418 1215 1481 1292 Que

360 1330 434 1391 sunt
450 1320 510 1389 heo
527 1346 534 1386 :
551 1321 688 1407 Toplioa
703 1342 776 1388 cum
792 1322 887 1388 metis
916 1322 995 1408 suis,
1026 1321 1148 1388 Golina
1179 1341 1252 1387 cum
1282 1321 1376 1388 metis
1408 1325 1479 1410 suis,

360 1427 504 1496 Bouioha
518 1429 664 1495 similiter
680 1436 712 1496 et
728 1429 879 1512 Podegas
895 1434 983 1496 terra
998 1432 1084 1496 ultra
1098 1428 1231 1497 fluvium
1257 1429 1416 1514 (luppsm,
1441 1431 1479 1495 ab

361 1558 398 1604 eo
415 1538 486 1602 loco
504 1533 572 1623 (ubi
589 1535 719 1623 fluvius)
738 1537 792 1621 qui
809 1538 927 1604 dicitur
953 1537 1121 1604 Orauazoa
1152 1534 1240 1602 eadit
1270 1535 1303 1601 in
1337 1533 1480 1622 cuppam

359 1643 522 1727 usquead
539 1644 691 1709 terminos
707 1650 740 1711 et
756 1651 860 1711 metas
878 1643 1072 1730 Pescenyce,
1089 1664 1151 1726 que
1168 1651 1218 1711 est
1242 1643 1322 1708 villa
1347 1644 1479 1710 fratrum

360 1750 547 1836 Hospitalis,
565 1748 720 1837 Hoythna
735 1771 808 1816 oum
826 1751 919 1817 metis
936 1751 1014 1837 suis,
1032 1750 1176 1834 Strymo,
1195 1749 1330 1817 Dossioe
1345 1755 1378 1814 et
1399 1757 1481 1815 terra

359 1857 527 1927 Malodeee
543 1868 575 1923 et
591 1864 679 1924 terra
696 1860 830 1941 Brestet,
848 1860 1045 1946 Crasteuyne
1062 1878 1158 1943 super
1174 1857 1297 1924 Sanam
1313 1878 1385 1924 cum
1410 1878 1478 1942 per·

345 1950 508 2033 ¹‘tinenci‘io
525 1969 556 2032 et
572 1966 744 2051 piscaturis
762 1967 838 2052 suis,
856 1966 1071 2051 Moschenyoe
1088 1973 1121 2032 et
1137 1974 1224 2033 terra
1249 1965 1386 2051 Strepyz
1412 1985 1479 2032 cum

342 2075 562 2158 idemptitate
579 2081 735 2140 metarum
752 2093 894 2158 suarum,
921 2073 1048 2140 Baohus
1074 2093 1202 2158 quoqne
1234 2073 1349 2140 eodem
1382 2075 1481 2156 modo,

301 2210 306 2215 ·
358 2181 464 2247 Peche
481 2190 513 2246 et
528 2189 613 2246 terra
630 2179 764 2266 Stanko,
781 2186 813 2246 et
829 2187 917 2246 terra
934 2181 1059 2265 Berkis,
1092 2188 1126 2247 et
1151 2187 1239 2247 terra
1264 2180 1391 2270 Bodilo,
1425 2201 1483 2265 que

358 2297 407 2356 est
423 2309 519 2372 super
535 2288 679 2371 Glinam,
696 2286 801 2354 Obeth
819 2309 889 2355 oum
908 2291 1002 2355 metis
1019 2287 1098 2375 suis,
1117 2297 1204 2353 terra
1220 2308 1343 2373 quoque
1360 2287 1481 2371 Mogos,

357 2395 527 2480 Chvltych,
544 2394 719 2480 Melinoga,
738 2395 918 2481 Stresyohe,
938 2396 1113 2482 Wyaocha,
1132 2403 1218 2461 terra
1233 2395 1357 2460 scilicet
1376 2395 1481 2462 Rados

358 2509 389 2567 et
406 2501 579 2568 Graduner
595 2521 735 2568 necnon
752 2501 970 2588 Yslseunyaa,
989 2507 1076 2569 terra
1091 2502 1196 2567 Murta
1214 2521 1285 2567 cum
1302 2503 1482 2570 metissnis

357 2611 525 2694 Similique
542 2609 635 2676 modo
654 2635 661 2676 :
678 2610 875 2694 Brebroujza
893 2617 925 2676 et
957 2610 1092 2678 Ozelsoo
1124 2629 1194 2676 oum
1226 2610 1376 2676 terminis
1408 2614 1483 2690 suis,

289 2713 291 2719 ’
340 2718 515 2784 Gradissa
531 2718 681 2782 similiter
698 2724 729 2782 et
745 2726 831 2783 terra
847 2719 1022 2805 Prouygna
1049 2727 1080 2784 et
1105 2716 1258 2784 Chauolre
1284 2739 1356 2784 cum
1391 2720 1484 2786 metis

356 2824 431 2892 suis.
456 2826 494 2891 In
510 2826 671 2911 Vernyoia
687 2835 717 2890 et
735 2823 908 2909 Ohemyha
924 2836 956 2893 et
972 2833 1059 2892 terra
1075 2826 1284 2909 Solavoygna
1316 2833 1348 2890 et
1381 2825 1481 2911 (lopa

356 2935 516 2999 chisoum
534 2932 628 2999 metis
646 2953 765 2998 earum.
791 2935 901 2998 Insula
933 2932 1069 3016 Bogdan
1102 2939 1134 2997 et
1166 2940 1254 2998 terra
1284 2932 1424 3000 Holdice
1453 2940 1487 2999 et

354 3040 510 3108 Zolobeth
527 3047 559 3104 et
576 3040 692 3124 Delym
709 3059 781 3105 cnm
798 3039 988 3122 integritate
1014 3048 1173 3105 metarum
1198 3059 1343 3126 suarum,
1371 3040 1485 3107 Gozna

355 3148 546 3216 etOhavwa
577 3168 648 3212 oum
675 3148 824 3213 omuibus
861 3148 1067 3232 pertinenciis
1098 3151 1178 3215 suis.
1220 3149 1323 3213 Terra
1355 3168 1487 3231 qnoque

353 3257 476 3323 Ruiske
494 3263 525 3320 et
540 3253 667 3321 (ludina
684 3262 716 3318 et
733 3261 819 3320 terra
835 3256 929 3321 Crete
945 3274 1015 3320 cum
1034 3255 1181 3321 omnibus
1197 3275 1310 3320 earum
1321 3258 1485 3340 pertinen-

353 3364 422 3430 ciis.
446 3365 549 3428 Terra
565 3361 695 3444 Slauen,
713 3368 799 3427 terra
815 3364 921 3428 Raten
938 3380 1036 3446 super
1050 3361 1184 3427 fluvium
1211 3361 1364 3450 Glinyza,
1391 3371 1485 3429 terra

337 3470 519 3536 Godimesi
535 3474 566 3533 et
581 3467 766 3533 Stebericha
780 3488 852 3535 oum
870 3469 964 3534 metis
982 3469 1060 3553 suis,
1077 3475 1165 3534 terra
1179 3488 1309 3552 quoque
1327 3471 1490 3537 Gostowe

353 3586 385 3645 et
398 3577 532 3644 fratrum
548 3595 678 3642 suorum
695 3581 726 3640 et
742 3575 913 3660 Ryvkowa
930 3583 960 3640 et
978 3575 1132 3643 Lescowa
1147 3584 1180 3641 et
1194 3576 1399 3662 Werkouyla
1409 3597 1489 3643 oum

353 3704 462 3751 earum
480 3681 583 3749 metis.
606 3684 707 3748 'I'ersa
723 3682 943 3768 Veyohenych
962 3691 994 3749 et
1010 3691 1095 3749 terra
1122 3682 1265 3767 Gaygna
1290 3705 1363 3750 cum
1389 3684 1492 3750 metis

351 3793 429 3873 suis,
445 3798 532 3855 terra
546 3789 763 3875 Myzeloygna
780 3797 812 3855 et
828 3795 916 3855 terra
933 3791 1059 3857 Vulcan
1084 3811 1181 3877 super
1213 3792 1418 3878 Wustimaye
1453 3800 1492 3857 et

356 3896 557 3964 Graoheniza
572 3903 658 3961 terra
673 3895 796 3963 scilicet
812 3897 985 3982 Boylenic,
1002 3906 1088 3965 terra
1106 3883 1290 3982 quoquede
1316 3900 1494 3965 Brochina

352 4024 422 4069 cum
438 4003 642 4087 appendiciis
660 4004 727 4071 suis
743 4004 798 4071 ubi
814 4005 880 4070 sita
899 4014 949 4072 est
967 4007 1071 4090 prima
1096 4008 1234 4090 grangia
1266 4007 1306 4072 de
1333 4007 1491 4094 Toplica.

349 4110 485 4197 Insuper
502 4111 741 4196 etSlatygnioh
759 4117 893 4177 etterre
927 4114 1042 4197 Terea,
1076 4115 1246 4199 Stresigna
1278 4134 1350 4181 oum
1383 4115 1494 4179 metis

350 4220 429 4306 suis,
446 4226 531 4285 terra
548 4218 677 4284 Oranko
694 4217 751 4284 filii
770 4221 969 4307 Hlapoygna
985 4227 1016 4288 et
1033 4221 1231 4307 Lohovicha,
1247 4229 1335 4287 terra
1352 4223 1494 4288 scilicet

348 4326 530 4393 lluschonis
548 4348 619 4392 cum
636 4326 784 4393 omuibus
802 4328 992 4405 molismis,
1010 4335 1097 4394 terra
1114 4349 1241 4413 quoque
1267 4329 1421 4395 Waletha
1451 4340 1495 4395 et

349 4433 458 4500 Bucha
475 4455 547 4500 cum
564 4455 675 4501 earum
693 4435 786 4504 metis
803 4443 834 4500 et
852 4436 1069 4521 pertinenciis,
1087 4437 1218 4522 insuper
1233 4443 1266 4500 et
1298 4443 1385 4502 terra
1417 4456 1500 4518 que

330 4547 481 4607 wcoeatur
499 4540 678 4626 Chernech‚
698 4562 759 4623 qua
776 4542 837 4608 fnit
855 4550 941 4610 terra
971 4543 1124 4610 Lesconis
1151 4565 1221 4611 oum
1253 4551 1350 4630 portu
1382 4565 1501 4628 snper
