3150 5162
825 266 984 367 -sro-

344 457 497 538 Qoirinus
529 459 740 528 Consiliarius
772 481 814 530 m.
831 483 873 528 nr.
891 483 918 530 s.
936 464 1006 548 ago
1022 463 1149 531 Thoma
1162 463 1275 533 Zanne
1291 467 1334 534 de
1354 467 1466 536 Maiori

339 566 479 635 Consilio
513 569 617 636 testis.
651 570 720 652 Ego
751 570 920 638 Johannes
952 570 1104 656 Belligno
1130 572 1172 639 de
1187 574 1305 641 Maiori
1322 576 1468 644 Consilio

339 675 444 743 testis.
460 675 531 762 Ego
545 675 733 744 Leonardns
748 677 888 746 Venerio
905 678 946 746 de
961 679 1078 748 Maiori
1094 680 1240 748 Consilio
1254 683 1362 750 testis.

445 784 516 870 Ego
547 781 717 853 Corradus
748 787 884 856 Dnealis
912 789 996 856 huie
1012 787 1228 858 Veneeiarum
1243 789 1467 858 Genoellarins

337 893 401 960 hiis
418 893 566 963 omnibns
581 893 711 963 interini
728 902 761 963 et
775 897 817 964 de
832 897 988 967 mandato
1008 897 1111 982 ipsius
1121 897 1252 964 domini
1267 899 1370 968 Dnois
1386 920 1466 967 eorn-

337 1001 427 1088 pleri
441 1006 475 1069 et
490 1003 651 1072 roboravi.

460 1202 593 1266 (hjnbies
614 1201 739 1254 Menum.
760 1217 800 1267 sp.
819 1203 886 1254 hist.
907 1203 982 1256 fllav.
1001 1203 1101 1255 Merid.
1121 1205 1143 1254 1.
1163 1205 1222 1254 hot.
1242 1209 1287 1255 as.
1310 1207 1343 1270 1.)

765 1491 1033 1504 ——ss-——n

862 2029 939 2098 856.

336 2229 470 2297 Roleed
485 2227 667 2294 szlavoaiai
683 2226 813 2293 teneat
828 2229 1016 2312 iteletlavele,
1031 2229 1174 2315 melylyel
1190 2229 1342 2315 Bloqosa
1349 2231 1461 2319 fo'ldet

335 2339 464 2406 Mctrtoo
489 2336 737 2424 adqrdbmspyei
766 2337 1032 2423 vdrjobbctqyoak
1062 2339 1126 2404 oda
1155 2341 1336 2406 haereseo,
1362 2339 1458 2406 1261.

438 2533 604 2602 Rolandns
643 2533 753 2600 Banus
793 2533 896 2600 toeins
926 2532 1102 2600 Solanonie
1132 2533 1283 2600 omnibns
1316 2553 1457 2620 presens

332 2642 486 2726 seriptum
496 2642 691 2726 inspeetnris
708 2641 847 2709 salntem
862 2641 897 2707 in
912 2641 1053 2708 omnium
1070 2641 1244 2708 salvatore.
1260 2640 1314 2706 Ad
1329 2642 1456 2712 nniver-

331 2769 439 2815 sorum
464 2755 537 2838 „tan
568 2749 770 2836 presenoium
803 2769 900 2833 qnam
932 2755 1134 2833 posterorum
1166 2747 1320 2816 noticiam
1338 2749 1456 2816 harum

331 2858 415 2927 serie
447 2861 594 2926 volumus
626 2857 818 2944 pervenire:
852 2857 936 2940 quod
980 2856 1112 2942 qnidam
1146 2857 1276 2924 nomine
1307 2855 1459 2922 Barialan

330 2965 469 3055 Vulohh,
501 2967 633 3052 Stepan,
667 2967 789 3053 Vytko,
814 2964 963 3052 anehyk
996 2965 1083 3034 filins
1099 2967 1193 3052 Rese,
1208 2964 1356 3050 anehey
1371 2965 1459 3032 filins

330 3076 451 3162 Draus,
468 3081 500 3142 et
515 3073 711 3158 Dragozlau,
743 3095 800 3160 pro
831 3093 868 3141 se
900 3079 932 3140 et
963 3072 1111 3141 omnihus
1142 3094 1252 3141 eorum
1285 3074 1454 3158 proximis,

328 3185 568 3253 reambnlantes
597 3201 669 3248 oum
685 3179 814 3248 homine
842 3187 954 3248 nostro
986 3182 1148 3264 quandam
1174 3189 1294 3249 terram
1319 3181 1455 3248 nornine

329 3295 484 3377 Blagnse,
508 3290 550 3356 de
566 3289 705 3356 Martino
721 3293 875 3357 ventroso
890 3287 1063 3372 iobagione
1082 3287 1189 3356 Castri
1208 3289 1455 3373 Zagrabiensis

329 3407 362 3467 et
376 3399 513 3466 eundem
530 3397 574 3465 ad
589 3401 734 3465 nostram
751 3395 889 3464 citantes
916 3397 1121 3482 presentiam
1152 3397 1261 3464 taliter
1291 3417 1453 3483 propone·

328 3513 408 3576 bant
423 3531 431 3574 ε
449 3505 535 3590 quod
551 3506 626 3589 ipsa
648 3512 733 3572 esset
764 3503 964 3571 hereditoria
998 3511 1086 3572 terra
1116 3503 1270 3588 ipsorum,
1304 3511 1336 3570 et
1366 3504 1454 3572 idern

327 3615 486 3684 Martinus
501 3611 636 3682 eandem
654 3627 827 3699 ooenpans,
845 3611 1050 3699 deposuisset
1066 3611 1156 3698 ipsos
1183 3612 1353 3679 violenter.
1372 3611 1454 3678 Gon·

327 3732 377 3791 tra
407 3741 488 3808 quos
519 3719 607 3787 idem
639 3718 798 3788 Martinus
829 3719 1047 3804 respondebat
1065 3745 1071 3784 :
1088 3717 1174 3803 quod
1199 3720 1274 3805 ipsa
1289 3727 1378 3788 terra
1392 3739 1453 3787 sna

328 3837 414 3900 esset
444 3827 641 3902 hereditaria
672 3833 705 3895 et
719 3827 837 3896 fnisset
853 3828 895 3894 ab
911 3827 1046 3911 antiqno
1062 3827 1132 3913 per'
1145 3834 1272 3914 patrem
1287 3835 1321 3893 et
1336 3827 1451 3912 prede-

325 3959 471 4008 eessores
503 3957 578 4004 snos
611 3935 747 4022 paeifioe
778 3954 933 4020 possessa
965 3942 998 4002 et
1028 3934 1091 4002 sihi
1123 3935 1245 4004 relicta.
1277 3935 1319 4000 ht
1349 3933 1451 4002 iidem

325 4048 486 4132 Berirlau,
504 4041 630 4110 Vulohk
642 4049 674 4111 et
690 4041 770 4110 sooii
789 4041 840 4108 sni
856 4041 1006 4126 primitus
1021 4041 1188 4130 nominati,
1205 4041 1453 4127 requisivissent
1570 4067 1571 4122 p

325 4156 464 4241 abipso,
480 4160 513 4218 et
528 4150 737 4220 iustitieasset
750 4149 793 4217 ab
809 4149 892 4234 ipsis
907 4147 1056 4216 iudiciali
1079 4149 1245 4218 senteneia
1276 4149 1450 4238 mediante,

324 4263 480 4329 exhibens
511 4259 554 4325 ad
584 4259 646 4326 hoe
670 4259 820 4344 protinus
838 4259 966 4325 litteras
985 4257 1163 4326 Alexandri
1178 4256 1340 4341 qnondam
1357 4259 1450 4325 Viee·

323 4369 401 4438 bani
417 4375 449 4437 et
465 4368 599 4435 Comitis
624 4367 865 4454 Zagrahiensis,
898 4372 931 4432 et
961 4365 1132 4453 privilagio
1158 4365 1262 4433 felitis
1292 4365 1445 4432 rnennorie

323 4476 480 4562 Stephani
498 4477 579 4542 Bani
594 4475 767 4561 inscriptas
784 4473 825 4541 de
842 4476 940 4542 verbo
956 4475 999 4541 ad
1016 4475 1149 4542 verbnm
1165 4481 1196 4540 et
1227 4471 1449 4560 eoniirrnataa,

322 4590 566 4667 autentioesque
584 4584 727 4652 eiusdem
746 4583 909 4668 Stephani
926 4583 1009 4650 Boni
1027 4583 1200 4669 privilegio
1216 4580 1315 4648 talem
1331 4583 1449 4649 seriem
