3120 5148
527 271 689 386 ji...

50 481 192 550 Ducatus
207 479 314 548 nostri
344 479 467 549 servire
489 481 671 568 tenebatur,
704 500 776 548 cum
809 477 957 550 omnibus
982 472 1176 568 hominibus,

52 594 150 659 seruis
167 597 199 657 et
213 587 327 657 liberis
341 590 415 656 Deo
440 593 473 656 et
491 587 593 657 Beate
608 589 711 657 Maris
726 591 918 658 contulimus
933 589 977 657 ad
993 588 1174 658 Abbaciam

53 698 308 782 construendam,
325 695 366 765 de
381 697 486 764 Domo
503 695 751 783 Olareuallensi,
768 696 899 766 Ordinis
931 697 1174 782 cysterciensis.

50 806 256 894 Quapropter
272 804 465 873 mandamus
491 811 524 874 et
554 806 739 874 hominibus
770 805 895 892 prefate
914 811 998 872 terre
1028 805 1176 874 districte

51 915 252 1002 precipimus,
284 920 444 999 quatenus
477 911 607 982 dilectis
632 915 789 983 fratribus
819 915 949 1003 nostris,
972 915 1175 1002 presencium

48 1023 208 1112 latoribus,
225 1031 258 1093 et
274 1024 422 1092 Ecclesie
438 1021 500 1090 Dei
518 1021 633 1091 devote
650 1021 819 1114 obediant,
836 1031 868 1092 et
883 1027 1019 1109 negocia
1030 1025 1174 1110 ipsorum

49 1129 181 1200 fideliter
196 1137 419 1218 promoveant,
437 1137 469 1197 et
485 1151 523 1200 co
550 1131 618 1199 iure
643 1129 765 1200 eisdem
797 1132 951 1218 serviant,
984 1153 1048 1218 quo
1078 1132 1174 1200 nobis

50 1246 285 1310 consueverant.
318 1237 413 1319 Quod
429 1239 457 1306 si
473 1259 538 1306 non
569 1239 706 1306 iecerint
730 1241 813 1308 iram
844 1248 877 1307 ct
906 1239 1172 1324 indignacionem

50 1355 187 1414 nostram
217 1346 410 1433 gravissime
441 1346 616 1415 incurrent
653 1347 773 1416 Datum
806 1369 892 1416 annu
931 1345 1035 1432 Regni
1074 1349 1175 1416 nostri

50 1473 161 1538 prmo.

186 1653 351 1720 (Tisicsics,
372 1653 497 1708 Monam.
518 1653 585 1706 hist.
604 1655 695 1720 Epiro.
714 1655 911 1722 Zsprabisnsis
936 1659 978 1707 17.
998 1656 1028 1722 l.)

474 1947 741 1959 ι--ι--ι--ι--ιιι

584 2486 637 2553 58.

53 2683 95 2750 ΙΙ.
112 2685 221 2752 Endos
240 2681 403 2771 Caroezsep
421 2686 572 2772 hclpsc'pet
597 2688 750 2772 tdrpyard
774 2686 956 2772 adomcioyct
988 2709 1008 2750 a
1033 2685 1173 2773 ferstebb,

141 2799 195 2862 56.
211 2818 254 2860 cs.
273 2819 306 2858 a.
325 2795 454 2860 cmiitctt
470 2793 632 2860 „Iomanes
649 2795 784 2860 Latinus
800 2798 958 2862 ardarico.
977 2795 1073 2862 1206.

149 2995 192 3061 In
231 2991 363 3059 nominc
401 2991 522 3058 Sancte
554 2990 725 3058 Trinitatis
756 2997 788 3058 et
817 2989 989 3060 Indiuiduc
1021 2991 1174 3062 Unitatis.

55 3099 194 3170 Andreas
225 3099 288 3167 Dei
319 3099 433 3186 gracia
462 3099 641 3187 Hungaric,
673 3099 856 3186 Dalmucie,
888 3099 1031 3189 Oroacic,
1062 3101 1174 3186 Ramc,

53 3209 165 3299 Scrcie,
183 3209 334 3296 Gallicis,
350 3206 608 3292 Lodomerieque
623 3210 694 3274 Rex
711 3209 745 3274 in
761 3215 963 3294 perpetuum.
996 3207 1100 3292 Regis
1116 3207 1173 3274 Se-

51 3317 190 3384 renitatis
205 3315 377 3383 denocioni
395 3315 567 3400 plurimum
582 3315 723 3403 expedit,
742 3315 827 3400 quod
843 3336 883 3382 ex
909 3314 996 3383 fonte
1028 3318 1173 3384 nascitur

52 3426 184 3512 pietatis,
200 3430 235 3492 ut
250 3423 397 3509 hospites
414 3443 526 3492 omnes
543 3423 586 3490 ad
603 3425 709 3491 sinum
726 3443 783 3491 sue
798 3423 1008 3508 benignitatis
1025 3425 1170 3512 confugi-

53 3541 132 3600 entes
148 3531 309 3619 suscipiat
325 3539 357 3600 ct
373 3531 501 3617 foueat3
529 3529 587 3598 sed
604 3532 691 3598 racio
708 3531 894 3620 persuadet,
911 3539 946 3599 ut
962 3553 1018 3601 cos
1035 3556 1171 3622 propen-

52 3643 109 3708 sius
123 3649 277 3729 protegat
293 3647 326 3707 et
342 3647 543 3728 promoucat,
561 3659 643 3724 quos
660 3637 703 3708 ad
719 3639 874 3708 honorem
891 3638 1016 3710 Corone
1027 3649 1058 3708 et
1067 3641 1173 3728 Regni

52 3749 212 3818 utilitatem
228 3749 410 3835 inspexerit
434 3749 597 3817 efficacius
624 3747 808 3833 inuigilare.
850 3749 954 3816 Huius
984 3749 1083 3836 igitur
1113 3771 1172 3836 rey

52 3857 267 3942 speculacione
282 3857 456 3925 salubriter
488 3857 655 3925 ammoniti
686 3863 719 3924 et
748 3857 855 3925 Johan
887 3857 997 3925 Latini
1029 3857 1170 3944 hospitis

51 3963 142 4032 idelis
158 3965 260 4032 nostri
275 3963 387 4034 militis
401 3965 607 4033 seruiciorum
624 3969 740 4032 merita
766 3965 903 4032 fideliter
929 3971 961 4032 et
993 3963 1172 4032 efficaciter·

53 4071 135 4139 nobis
150 4073 300 4163 impensa
316 4073 572 4163 considerantes,
588 4081 709 4141 terram
726 4073 891 4159 quandam
907 4073 1036 4141 nomine
1063 4074 1172 4142 Owen·

53 4178 97 4266 icy
112 4181 272 4266 pristaldu
290 4181 414 4248 infideli
431 4180 516 4270 (tgy)
534 4188 643 4250 nostro
659 4181 790 4251 Andrea
806 4181 873 4250 filio
889 4179 1059 4249 Teutonici
1085 4181 1170 4248 Mar·

54 4287 103 4354 tini
117 4287 251 4356 devilia
266 4291 431 4377 Vratotus,
448 4289 645 4358 hereditario
663 4289 733 4358 iure
749 4289 783 4356 in
800 4297 993 4378 perpetuum
1011 4291 1042 4358 ei
1059 4298 1170 4357 contu·

55 4392 138 4464 limus
154 4399 398 4484 possidendam.
438 4397 508 4478 Qve
524 4407 611 4468 terra
628 4397 679 4467 his
696 4399 789 4468 metis
806 4404 839 4466 et
864 4397 1012 4468 terminis
1038 4399 1171 4466 circum-

52 4503 185 4592 gingitur
200 4512 233 4574 et
250 4505 460 4574 concluditur.
500 4507 623 4596 Incipit
638 4507 748 4594 itaque
764 4507 870 4594 primu
886 4514 972 4576 meta
988 4506 1030 4574 de
1045 4507 1171 4572 Baran-

55 4611 128 4700 cuth,
146 4620 179 4683 et
196 4613 407 4704 progrediens
423 4617 613 4686 terminatur
629 4613 705 4688 ville
721 4615 921 4706 Lewencch3
944 4611 1028 4684 uode
1055 4613 1169 4682 esicus

1022 4719 1062 4796 60
