3078 5128
525 275 685 373 Q

23 519 24 530 ,
73 466 173 554 Omnes,
193 469 247 553 qni
266 473 360 535 erunt
371 468 468 535 amici
479 469 699 554 Veneriorum,
717 467 874 552 Rugusini
892 467 966 536 illos
983 488 1041 554 pro
1057 465 1168 535 amicis

23 595 24 598 ¹
71 575 217 658 habebunt,
233 581 266 640 et
292 595 403 642 omncs
428 579 594 659 quierunt
618 574 740 641 inimici
764 574 988 658 Veneciarum,
1011 575 1167 659 Regusini

72 681 125 748 illos
156 702 212 766 pro
243 683 383 750 inimicis
414 683 586 750 habebunt.
618 681 660 748 Et
690 702 753 748 non
770 683 926 769 recipient
953 683 1120 750 Cecicbics
1137 691 1170 748 ct

72 790 275 857 llnlmesanios
291 791 345 858 vel
360 792 444 858 alios
461 792 641 876 grossarios
659 799 691 857 et
707 789 900 876 predatores
916 792 985 858 sive
1001 793 1169 858 iubatores

70 900 90 962 iu
101 897 232 967 Ciuitate
247 900 382 984 Ragusii
399 901 451 967 uel
468 900 537 966 eius
554 899 721 984 Districlu,
733 920 836 983 neque
853 900 900 966 eis
917 898 1040 965 dabunt
1057 899 1168 982 eliqua

70 1005 208 1074 rictualia.
234 1007 320 1074 Etsi
336 1008 478 1074 venecia
495 1007 616 1075 miserit
632 1013 745 1074 eontra
771 1007 938 1075 Cacicbios
955 1013 987 1074 et
1002 1007 1168 1073 Dalruesa-

70 1115 120 1179 rios
130 1115 253 1199 galleas
263 1113 305 1182 ad
317 1115 543 1183 offendendum
556 1117 785 1200 eos,Ragusini
795 1115 944 1184 similiter
954 1125 1030 1182 tuna
1040 1115 1168 1180 mittent

70 1222 97 1286 ul
109 1223 327 1289 offendendum
345 1242 401 1290 eos
416 1224 542 1308 lignum
573 1225 812 1308 quinquaginta
827 1223 991 1290 hominurn
1017 1223 1168 1290 decenter

73 1335 198 1396 armatos.
230 1329 272 1395 Et
305 1331 455 1398 omnibus
485 1331 560 1397 aliis
593 1329 764 1414 grossariis
796 1337 828 1397 et
843 1331 1070 1416 predatoribus
1096 1329 1167 1398 sire

70 1437 270 1504 turbatoribus
288 1439 388 1504 maris
404 1437 524 1503 sacient
541 1459 677 1507 werram
694 1445 726 1505 et
742 1458 797 1505 eos
815 1438 978 1505 offendent
993 1439 1081 1504 bona
1105 1435 1167 1504 lide

69 1543 119 1609 sine
147 1543 257 1613 fraude
288 1566 309 1612 a
339 1545 505 1613 Durachio
537 1554 569 1613 et
599 1547 684 1613 infra
714 1567 815 1632 usque
840 1545 1010 1614 Venecias.
1035 1546 1170 1612 Dabunt

23 1715 24 1718 ,
67 1671 172 1738 quoque
202 1653 361 1738 Ragusini
393 1655 481 1722 omni
511 1674 595 1722 anno
627 1655 661 1720 in
693 1654 777 1722 leste
809 1653 959 1722 Omnium
975 1653 1166 1721 Sanctorum

68 1759 176 1827 domiuo
203 1761 289 1828 Duci
320 1781 379 1846 pro
406 1762 531 1847 regalia
546 1781 724 1850 yperperos
740 1762 921 1846 duodecim,
940 1770 972 1829 et
998 1760 1167 1830 Communi

70 1869 253 1936 leneciurum
278 1891 457 1956 yperperos
488 1893 603 1941 aurcos
618 1878 745 1940 veteros
761 1871 841 1939 recti
856 1869 1007 1958 ponderis
1030 1879 1166 1959 centum,

69 1981 90 2040 et
111 1976 218 2043 Comiti
250 1997 310 2044 suo
341 1980 376 2045 in
407 1979 521 2046 eodem
553 1980 690 2046 termino
721 1999 897 2068 yperperos
917 1977 1021 2046 CCCC
1052 1978 1092 2045 de
1108 1998 1167 2045 suo

69 2083 220 2174 Communi,
239 2093 272 2152 et
287 2105 399 2154 omnes
415 2087 499 2154 alios
509 2087 656 2156 introitus
672 2093 705 2154 et
714 2087 974 2154 honorificentias
987 2087 1167 2153 Comitatus

23 2205 24 2218 ¹
68 2199 227 2278 consuetas,
259 2201 394 2282 excepto
426 2195 559 2263 introitu
590 2197 681 2264 salis.
736 2195 873 2262 Obsides
906 2201 1012 2260 autem
1041 2193 1166 2259 dabunt

23 2293 24 2296 '
69 2299 202 2383 Ragusini
231 2301 401 2369 duodecim
433 2303 473 2370 de
505 2303 675 2370 duodecim
707 2305 930 2388 parentatibuu
971 2301 1165 2371 nobiliorum

23 2407 24 2414 ’
66 2406 135 2476 illius
163 2417 256 2497 terre,
289 2415 468 2478 moraturos
497 2431 626 2496 semper
657 2431 714 2477 sex
745 2409 872 2478 obsides
904 2411 938 2476 in
966 2409 1167 2477 Venecioad

66 2516 235 2598 expendium
250 2517 485 2602 Ragusinorum
502 2519 536 2583 in
552 2519 657 2586 medio
668 2540 764 2605 anno,
782 2527 812 2586 et
831 2519 915 2586 alios
933 2537 991 2584 sex
1007 2517 1041 2583 in
1061 2515 1168 2584 medio

23 2639 24 2642 ’
66 2644 134 2690 enno
163 2625 196 2690 iu
226 2625 363 2692 cambio.
382 2627 422 2692 Et
438 2627 466 2693 si
493 2647 601 2694 eorum
625 2627 744 2710 aliquis
762 2631 941 2694 moreretur
956 2627 1010 2692 vel
1036 2625 1166 2711 fugerit,

66 2731 286 2799 dabuntalium
317 2733 350 2800 in
381 2735 451 2801 loco
484 2734 564 2801 eius.
586 2734 749 2802 Jurabunt
766 2741 874 2801 autem
892 2734 1007 2800 Comes
1031 2733 1167 2817 Ragusii

66 2845 88 2903 et
119 2841 286 2928 antepositi
327 2843 360 2907 in
401 2841 510 2926 aliquo
550 2841 658 2909 officio
691 2841 848 2924 Civitatis,
882 2848 914 2908 et
945 2842 1166 2926 unusquisque

23 2953 24 3040 ὲ
67 2945 443 3034 insuperproauocapite,
462 2971 497 3016 se
509 2950 554 3016 sic
566 2949 674 3016 omnia
689 2957 884 3034 servaturos,
902 2949 965 3016 nisi
975 2948 1167 3016 remanserit

65 3075 109 3138 per
135 3056 297 3124 dominum
329 3057 451 3123 Ducem
484 3067 515 3122 et
546 3057 702 3124 maiorem
737 3067 861 3144 partem
887 3059 937 3123 sui
956 3055 1098 3124 Consilii.
1126 3056 1166 3119 Et

23 3149 24 3154 ’
66 3160 159 3232 fideles
173 3173 266 3232 erunt
281 3165 413 3232 domino
430 3165 711 3251 JacoboTeupulo
722 3166 834 3232 inclito
852 3164 1065 3230 Veneciarum
1082 3161 1166 3228 Duci

67 3289 147 3352 utque
162 3273 236 3339 dum
255 3274 374 3339 vixerit
390 3273 424 3337 in
441 3275 581 3338 Ducatu.
610 3275 649 3338 Et
666 3273 725 3338 hcc
741 3278 946 3339 sacramenta
964 3269 1166 3336 renovabunt

66 3375 199 3460 Ragusini
230 3380 369 3464 quisque
400 3400 460 3464 pro
490 3400 548 3446 suo
579 3382 685 3465 capite
717 3380 915 3446 inomnibus
940 3377 1167 3463 suprascriptis

23 3495 25 3550 ζ
67 3485 179 3569 singulis
195 3491 290 3556 annis
308 3488 429 3556 decem.
445 3489 578 3556 Pretera
607 3489 764 3574 Ragusini
782 3487 823 3553 dc
839 3488 997 3554 mercibus
1012 3486 1167 3553 Romaule

65 3611 128 3672 quas
142 3597 297 3664 Venecias
318 3596 573 3683 apportaverint,
586 3597 709 3664 dabunt
720 3597 754 3662 iu
766 3595 914 3664 Veucciis
927 3585 1095 3662 Communi
1107 3595 1166 3660 Ve-

23 3683 25 3696 ’
65 3703 206 3770 neniarum
223 3705 430 3790 quinquepro
441 3705 648 3789 centenuri03
665 3712 697 3771 et
714 3705 754 3771 dc
766 3704 926 3771 mercibus
944 3703 1166 3770 ultramarinis

23 3795 24 3878 s
66 3812 174 3878 etterrc
204 3813 335 3897 Egypti,
352 3813 481 3878 Tonissi
514 3819 546 3880 et
562 3813 716 3880 Barbarie
747 3813 873 3879 solvent
890 3813 1055 3896 quintum;
1080 3811 1167 3876 etde

23 3933 24 3988 j
67 3919 200 3987 mercibus
214 3921 318 4004 Regni
331 3919 441 3986 Sicilie
452 3920 578 3987 solvent
589 3919 872 4005 quadragesimum
885 3917 1053 3984 Communi
1064 3915 1166 3984 Vene-

23 4015 24 4018 '
68 4021 179 4108 ciarum,
208 4034 240 4093 et
271 4027 311 4092 de
343 4027 503 4095 mercibus
535 4047 609 4094 vcro
641 4028 812 4095 Setavonte
843 4027 876 4092 in
894 4025 1042 4093 Veneriis
1067 4024 1168 4092 nichil

68 4131 171 4198 soluere
196 4134 324 4203 debent.
355 4136 396 4202 Et
423 4137 646 4203 tantummodo
680 4158 750 4203 cunr
778 4143 914 4219 quatuor
941 4134 1114 4219 nauigiolis
1145 4156 1166 4200 a

71 4242 251 4324 suptuaginta
267 4244 416 4311 miliariis
433 4245 519 4312 infra
536 4247 676 4313 debeant
702 4245 857 4328 Ragusini
874 4242 1034 4310 Veuecias
1052 4243 1163 4308 uenire

71 4360 115 4420 per
128 4351 245 4417 anuum.
273 4353 313 4418 tu
330 4352 358 4419 si
375 4353 473 4420 aliter
499 4354 658 4439 Ragusini
685 4355 846 4421 Veuecies
863 4351 1018 4432 renarint,
1035 4351 1164 4416 solvent

75 4449 196 4526 quintum
225 4459 264 4526 de
293 4460 442 4527 omnibus
489 4461 649 4529 mercibus
681 4461 848 4538 Romanis,
881 4479 960 4544 qrras
1006 4456 1164 4524 venecias

72 4564 270 4639 apportabunt.
288 4569 329 4635 ut
344 4575 412 4634 tam
428 4588 486 4653 per
502 4589 637 4636 werram
654 4587 749 4652 quam
768 4587 826 4654 per
843 4585 956 4653 paoem
971 4566 1097 4636 licitum
1108 4576 1158 4632 est
1207 4581 1210 4586 ·
