3150 5162
757 223 916 322 „33²-

274 413 445 500 paruulam
462 413 506 481 ad
536 420 704 500 pasturam
734 415 861 501 locum3
885 415 1020 499 Regalis
1051 413 1237 484 Prislaldns
1267 437 1407 502 quorum

270 519 370 586 iudex
385 519 493 588 Peder
508 520 638 588 Caluus.
663 519 793 590 Nouum
809 521 954 608 predium
987 527 1038 590 est
1069 521 1155 606 qnod
1188 523 1280 590 dedit
1309 522 1408 590 Gurlr

274 625 406 694 licentia
421 627 538 712 Regis3
557 635 589 696 et
604 637 732 712 partem
747 631 847 718 prati,
863 629 949 714 quod
965 633 1017 696 est
1031 630 1118 696 intra
1133 631 1308 698 terminum
1324 633 1408 700 alte-

275 735 343 803 rius
358 733 438 802 uille
453 733 605 818 Regalis;
628 735 811 804 Pristaldus
827 755 962 820 quorum
979 743 1115 805 uocatur
1146 736 1269 806 Grata
1307 738 1406 809 Deci·

272 863 359 910 mum
376 839 521 927 predium
537 849 597 926 est,
613 841 700 927 qued
715 851 851 910 uocatur
866 843 998 928 Fuaeglr
1014 863 1112 930 super
1126 842 1231 929 ripam
1257 845 1404 930 Danubij

270 949 308 1017 in
323 946 542 1016 condesceuau
558 947 661 1036 ipsius
677 949 828 1034 fluminis,
851 969 873 1014 a
888 970 953 1034 quc
969 951 1031 1018 sibi
1048 951 1139 1020 locus
1153 950 1295 1035 sumpsit
1310 973 1405 1020 suum

278 1057 491 1142 uocabulnm;
515 1057 607 1123 iuxta
625 1057 711 1140 quod
726 1057 874 1143 predium
890 1057 1000 1124 insula
1014 1077 1081 1126 una
1106 1065 1139 1125 et
1168 1059 1330 1144 unicaule,
1362 1058 1406 1126 de

274 1185 339 1250 quc
355 1164 495 1234 usionali
513 1166 613 1232 tertia
627 1183 705 1250 pars
721 1165 879 1249 contingit
894 1166 1074 1232 Ecclesiam
1100 1164 1288 1232 Beatissimi
1319 1167 1406 1232 llar-

270 1271 345 1357 tini,
362 1271 424 1338 due
440 1289 516 1338 uero
533 1286 643 1356 partes
657 1269 867 1338 ooniemntur
882 1273 924 1338 ad
950 1271 1181 1341 llouasterium
1212 1271 1404 1342 Beatissimi

272 1381 369 1446 Petri.
395 1375 609 1447 Undecimum
625 1377 772 1463 predium
792 1377 945 1462 estquod
961 1385 1099 1446 uocatur
1113 1377 1238 1446 dimas.
1276 1376 1406 1447 Duode-

271 1485 389 1553 cimum
407 1484 555 1570 predium
571 1489 632 1571 est,
648 1482 735 1568 quod
749 1484 896 1552 acolono
907 1484 1407 1570 nomensibiaccepitTemerdi.

270 1592 498 1661 Tredccimum
514 1591 661 1678 predium
680 1599 730 1658 est
747 1593 833 1676 quod
848 1599 983 1660 uocatur
998 1591 1130 1679 Dynna.
1172 1590 1332 1670 Quartum
1346 1591 1405 1660 de·

270 1701 392 1770 cimnm
409 1699 556 1786 predium
575 1705 625 1766 est
640 1718 740 1785 supra
754 1699 891 1784 'lyciam
906 1699 940 1764 iu
957 1697 1089 1766 introitu
1105 1698 1237 1766 Kenesa
1253 1701 1287 1766 in
1302 1719 1407 1784 supra

273 1808 394 1876 dictum
410 1807 540 1892 flumen,
558 1805 617 1874 ad
632 1806 801 1898 qnodest
832 1807 934 1894 lacus,
965 1806 1021 1890 qui
1050 1805 1241 1883 nominatur,
1263 1806 1406 1893 llyrnht,

277 1935 374 2002 quem
391 1913 483 1982 dedit
506 1914 577 1980 Rex
608 1913 779 1994 Salomon3
803 1914 937 1997 Regalis
967 1911 1150 1980 Pristaldus
1181 1913 1242 1979 luit
1271 1913 1405 1982 Zaloca.

272 2024 431 2104 Quintum
449 2022 611 2090 decimum
627 2030 677 2088 est
692 2021 777 2088 inira
794 2022 912 2088 siluam
929 2021 1031 2106 Solea,
1046 2020 1133 2105 quod
1148 2017 1240 2086 dedit
1253 2022 1325 2088 Rex
1341 2022 1403 2087 La-

273 2132 400 2200 dislaus
417 2131 459 2199 ad
476 2137 641 2218 pasturam
658 2147 828 2214 porcorum
845 2148 917 2194 eum
934 2127 1073 2212 triginta
1103 2127 1330 2194 mansionibus·
1353 2147 1404 2194 sn·

275 2241 441 2308 bulcorum
473 2244 507 2308 et
522 2234 675 2305 trecentis
692 2236 808 2322 porcis.
842 2237 881 2302 Iu
897 2233 959 2321 hys
974 2253 1052 2301 uere
1067 2233 1265 2320 supradictis
1280 2233 1407 2320 prediis

275 2347 386 2416 nullus
400 2347 564 2414 homiuum
581 2345 681 2412 habet
696 2348 890 2430 potestatem
908 2349 1015 2429 preter
1029 2339 1190 2408 Abbatam
1206 2340 1311 2426 ipsius
1321 2341 1405 2408 San·

276 2461 326 2522 otc
341 2455 497 2522 Ecclesia.
521 2453 637 2519 Cetera
653 2457 761 2518 autem
777 2453 850 2519 loca
866 2469 928 2536 que
952 2449 1074 2516 habent
1099 2446 1297 2516 commixtim
1330 2468 1406 2516 cum

275 2561 405 2648 populis
419 2561 484 2626 ista
500 2565 579 2624 sunt
596 2583 603 2624 :
621 2559 682 2624 list
698 2579 780 2625 unus
796 2559 898 2644 locus,
916 2557 972 2623 ubi
1003 2555 1094 2623 dedit
1124 2557 1194 2620 Rex
1225 2553 1405 2622 ladizlaus

275 2670 427 2734 ductores
444 2666 578 2733 nauium
596 2666 708 2732 decem
726 2665 930 2748 mansiones;
955 2663 1089 2749 Regalis
1114 2661 1300 2729 Pristaldus
1326 2681 1405 2746 qua·

201 2766 207 2779 ’
274 2797 345 2844 rum
363 2777 466 2841 linea.
483 2773 579 2841 Alius
596 2773 687 2840 locus
703 2794 799 2858 quem
815 2772 906 2841 dedit
914 2773 1048 2858 Ruozty.
1065 2772 1200 2837 'Parcius
1216 2769 1352 2856 Budrig,
1369 2771 1404 2834 in

272 2904 338 2970 quo
353 2886 424 2950 Rex
440 2881 616 2950 Ladizlaus
626 2882 717 2948 dedit
725 2881 831 2949 laeum
843 2901 915 2948 cum
926 2887 1052 2966 septem
1064 2878 1284 2944 mansionibus
1296 2877 1404 2960 pisca-

274 3005 392 3074 torum,
421 2998 453 3056 et
468 2989 644 3057 thelonium
659 2988 763 3075 ipsius
781 2989 927 3056 mercati.
952 2985 1096 3064 Quartus
1123 2981 1240 3052 Bothe.
1265 2982 1407 3061 Quintus

273 3098 423 3186 Fuuoldi,
440 3099 586 3184 Thepey,
601 3095 745 3183 Thordy,
763 3095 946 3180 Kerushyg,
963 3094 1059 3179 cleti,
1072 3091 1274 3179 Hygmogos,
1286 3088 1406 3175 depel-

272 3210 350 3297 chy.
375 3210 413 3274 Iu
430 3208 494 3294 hijs
512 3207 638 3273 duobus
655 3205 736 3298 locis
752 3206 823 3270 Rex
837 3204 1009 3271 Ladizlaus
1025 3201 1117 3269 dedit
1133 3199 1248 3284 uiginti
1266 3197 1405 3266 mansio-

274 3339 333 3386 nes
349 3335 525 3384 seruorum.
558 3311 709 3398 Thurias,
725 3311 884 3379 Balnauis
900 3331 959 3378 seu
975 3310 1091 3394 Bagag
1110 3316 1142 3373 et
1158 3307 1263 3390 an;
1287 3305 1321 3371 in
1337 3327 1404 3391 quo

272 3425 345 3492 loco
361 3424 498 3492 habetur
513 3421 691 3508 pomerium
706 3419 804 3487 ualde
819 3418 948 3503 bonum,
979 3416 1044 3483 dno
1075 3415 1167 3481 laone
1183 3419 1216 3480 ct
1232 3413 1317 3480 silua
1342 3413 1401 3482 de·

271 3533 456 3600 terminata.
474 3528 607 3614 (inpelle
622 3548 698 3595 uero
715 3525 863 3594 eiusdem
878 3525 942 3592 loci
958 3521 1157 3591 sanctissimi
1169 3525 1292 3606 septem
1302 3525 1400 3605 sunt;

274 3637 459 3706 molendina
474 3637 577 3723 ipsius
593 3635 656 3702 looi
671 3641 746 3702 suut
762 3641 896 3720 septem.
935 3633 1017 3698 Item
1035 3635 1163 3698 centurn
1178 3629 1312 3712 triginta
1336 3649 1407 3697 una

274 3746 459 3813 mansiones
475 3744 694 3810 ministrorum
711 3742 754 3808 ad
771 3741 881 3809 omnia
893 3757 1154 3824 generaoperum
1166 3735 1284 3820 debite,
1295 3743 1407 3821 preter

274 3860 391 3924 uineas
409 3860 440 3920 et
456 3859 578 3934 aratra,
595 3857 723 3918 centum
741 3848 963 3935 quadraginta
978 3847 1103 3914 familie
1129 3863 1308 3911 seruorum.
1331 3843 1406 3911 Τή-

275 3965 367 4049 ginta
383 3963 568 4029 mansiones
583 3959 793 4045 piscatorum.
818 3955 990 4040 Octoginta
1007 3959 1080 4020 octo
1105 3952 1292 4020 mansiones
1322 3951 1406 4019 uini·

274 4079 391 4144 torum,
415 4070 550 4137 Centum
576 4067 800 4151 trigintaocto
817 4083 978 4144 cocorum,
995 4063 1163 4148 pistorum,
1190 4065 1405 4147 toruatcrum,

274 4177 442 4260 artificum,
460 4173 638 4260 aurificum,
655 4175 831 4256 labrorum,
859 4179 1036 4257 pastorum,
1050 4168 1202 4249 lotorum,
1217 4165 1406 4251 pellipario-

273 4306 354 4370 rum,
373 4291 405 4352 et
419 4281 462 4350 ad
478 4284 589 4350 omnia
604 4281 673 4349 alia
689 4301 812 4364 genera
828 4279 1017 4345 ciliciorum.
1050 4277 1131 4342 Item
1156 4273 1258 4340 ceiam
1291 4272 1409 4340 confir·

275 4413 402 4461 mamus
418 4391 524 4476 Regia
556 4389 761 4468 auctoritate,
792 4385 968 4455 secundum
1000 4381 1086 4467 qnod
1117 4380 1338 4468 inspecximus
1371 4379 1407 4444 in

274 4507 389 4568 tenore
404 4499 567 4585 priuilegij
586 4496 849 4584 predecessorum
867 4501 1050 4561 nostrorum
1067 4489 1182 4558 Sancti
1197 4484 1354 4572 Stephani
1372 4493 1404 4552 et
1508 4499 1514 4507 ·
