3208 5158
699 311 862 415 Q

202 505 289 574 dans
323 505 445 570 iontem
477 503 657 571 Chorniobe
688 511 857 586 voeatum;
881 503 922 572 do
938 524 1000 588 quo
1018 523 1131 572 oursus
1146 501 1190 567 ad
1206 500 1344 568 eandem

213 615 347 698 plagam
362 617 534 699 pergentes
558 611 724 680 venissent
740 612 785 679 ad
801 611 959 698 quasdam
975 631 1092 696 uepres
1107 607 1343 677 ueresbarazth

213 725 429 806 nuncupatas,
446 717 501 784 ubi
516 723 625 785 essent
641 717 706 786 dno
721 725 806 788 mete
836 726 941 787 terreo
972 717 1122 802 antiqne3
1146 714 1188 781 de
1219 715 1340 798 quibus

214 827 257 896 ad
273 824 455 913 prodictam
486 825 620 912 plagam
652 825 686 891 in
719 825 843 892 eisdem
875 825 1027 912 vepribus
1043 841 1102 910 per
1121 823 1250 906 largum
1266 841 1345 910 spa·

214 937 298 1004 oium
313 942 428 1003 euntes
445 934 632 1019 attigissent
648 954 744 1001 vnum
770 930 916 1018 lapidem
947 935 1091 1020 planum,
1123 931 1216 1000 iuxta
1248 949 1346 1014 quem

214 1063 308 1110 essen
337 1041 487 1109 similiter
518 1039 582 1107 due
611 1045 697 1108 mete
728 1048 848 1124 terree3
872 1062 894 1107 a
923 1041 1040 1126 quibus
1070 1040 1163 1106 iuxta
1177 1037 1341 1122 quandam

217 1151 335 1219 vallem
354 1149 625 1235 Kamanyavelge
649 1156 798 1216 vocatam
815 1155 948 1234 aparte
979 1148 1096 1215 dextra
1127 1167 1184 1232 per
1216 1147 1345 1230 largum

215 1257 362 1343 spadium
380 1265 504 1343 euntes,
530 1264 563 1323 et
578 1255 611 1322 in
629 1256 749 1324 dietam
765 1257 887 1323 vallem
903 1255 1160 1342 deseendissent,
1175 1254 1344 1341 peruenis-

214 1373 287 1432 sent
312 1364 356 1432 ad
373 1371 439 1431 tres
455 1369 558 1430 metas
575 1365 750 1447 angulares
766 1366 800 1430 in
815 1363 904 1431 diota
934 1363 1023 1430 valle
1053 1362 1147 1430 iuxta
1179 1357 1343 1444 quoddam

216 1471 372 1538 aluueum
404 1471 530 1556 positas
561 1478 594 1538 et
610 1477 747 1558 erectas,
779 1470 940 1554 dictisque
970 1467 1230 1555 possessionibus
1247 1468 1344 1553 Korn,

217 1577 423 1644 Ztamatolua
439 1578 595 1664 etlapsa
610 1578 734 1644 uooatis
749 1577 975 1665 distingentes‚
992 1584 1024 1643 et
1039 1574 1161 1644 abinde
1176 1576 1210 1642 in
1228 1575 1345 1642 eadem

215 1687 304 1752 ualle
334 1685 442 1754 adhue
472 1686 515 1752 ad
546 1683 665 1754 dietam
697 1687 832 1770 plagam
856 1683 1046 1752 orientalem
1078 1685 1249 1768 porgentes
1265 1683 1340 1750 atti·

214 1795 341 1878 gisseni
357 1795 439 1860 duas
456 1799 559 1862 metas
575 1801 698 1862 terreas
714 1793 748 1860 iu
780 1791 1010 1860 ooniunooione
1041 1790 1176 1858 duarum
1207 1790 1343 1856 vallium

217 1900 397 1986 Vrasvelge
421 1908 454 1967 et
470 1901 634 1984 Vasvelge
665 1907 853 1967 vocatarum
870 1899 1066 1983 adiacentes,
1084 1897 1254 1982 eidemque
1268 1899 1344 1965 Kun

217 2015 250 2076 et
265 2006 467 2074 Ztamteleke
484 2013 599 2074 vocate
614 2012 828 2092 separantes;
852 2007 893 2075 de
925 2006 1042 2090 quibus
1074 2005 1108 2072 in
1140 2003 1228 2071 diota
1258 2005 1344 2072 valle

216 2115 397 2199 Vrasuelge
437 2111 598 2180 modinum
640 2113 832 2181 declinando
862 2134 884 2179 a
914 2119 1009 2200 parte
1039 2111 1153 2179 dextra
1185 2113 1283 2198 alnay
1309 2111 1344 2178 in

217 2223 307 2289 diota
322 2221 409 2289 vallo
426 2220 529 2287 babiti
545 2221 700 2288 currendo
719 2219 947 2307 peruenissent
964 2218 1007 2286 ad
1023 2219 1106 2286 alias
1131 2218 1211 2285 duas
1237 2225 1342 2286 metas

217 2333 254 2398 in
269 2328 382 2398 eadem
398 2329 486 2395 vallo
500 2329 645 2415 positas;
668 2331 755 2398 vnde
772 2327 877 2396 eundo
893 2329 928 2394 in
945 2328 1032 2396 diota
1062 2327 1151 2394 valle
1177 2334 1343 2410 pertrans-

218 2437 326 2506 eundo
343 2435 512 2504 uenissent
528 2436 572 2501 ad
588 2434 670 2503 duas
687 2443 792 2504 metas
823 2443 948 2503 terreas
978 2435 1012 2502 in
1044 2436 1144 2530 latere
1174 2433 1343 2502 cuiusdam

220 2545 320 2613 berob
352 2544 495 2630 positas;
520 2542 561 2611 de
586 2543 701 2629 quibus
732 2544 853 2612 dietum
885 2543 984 2611 beroh
1014 2541 1229 2630 ascendendo,
1261 2549 1293 2608 et
1309 2541 1343 2609 in

217 2653 331 2721 eodem
363 2651 525 2719 modioum
565 2653 710 2737 spaoium
755 2649 911 2718 ourrondo
951 2650 1177 2735 peruenissent
1208 2649 1250 2717 ad
1280 2659 1348 2719 tres

217 2768 323 2828 metas
339 2765 462 2826 terreas
479 2760 512 2825 iu
531 2759 643 2825 eodem
655 2757 752 2826 berob
768 2760 906 2845 positas,
921 2757 1015 2823 iuxta
1030 2760 1247 2825 assertionem
1266 2759 1345 2826 dieti

216 2865 371 2936 Corrardi
389 2866 650 2952 possessionibus
665 2865 777 2951 Kwn;
810 2861 1031 2932 Ztamatoleke
1057 2873 1091 2931 et
1120 2865 1249 2948 Zagrab
1265 2887 1344 2936 nun·

218 2975 347 3062 eupatis
363 2973 593 3058 distingentes.
625 2973 689 3039 Ubi
705 2973 821 3040 Petrus
837 2971 922 3038 tilius
937 2971 1067 3038 Nioolai
1091 2968 1168 3038 dieti
1200 2970 1346 3060 Somogy

218 3084 260 3150 de
277 3082 368 3148 ana
386 3080 602 3166 comparando
618 3080 699 3165 ipsis
717 3085 863 3148 curasset
879 3078 1055 3164 notificare,
1070 3077 1157 3161 quod
1173 3079 1252 3146 lieet
1283 3079 1347 3147 dne

219 3187 491 3276 dictarumtrinm
517 3195 674 3256 metarum
707 3189 960 3273 prescriptarum
990 3187 1232 3272 possessionum
1263 3187 1349 3256 Kwn

218 3308 252 3366 et
267 3296 496 3365 Ztamateleke
512 3303 699 3363 vooatarum
716 3295 931 3380 haberentur3
955 3301 1063 3361 tamen
1079 3293 1180 3362 loreia
1205 3297 1349 3379 ipsarum

218 3427 285 3474 non
301 3403 479 3491 prescripto
504 3403 705 3488 possessioni
720 3403 884 3491 Zabragh,
901 3401 959 3471 sed
975 3402 1116 3470 eiusdem
1133 3401 1350 3488 possessionis

220 3511 564 3595 Zubafevextitisset;
587 3513 701 3596 inquo
731 3509 861 3596 quidem
887 3510 987 3578 beroh
1019 3510 1177 3594 regiraret
1208 3507 1250 3578 ad
1279 3509 1350 3596 pla·

219 3640 297 3706 gam
314 3617 557 3704 occidentalem,
579 3627 612 3684 et
627 3621 660 3685 in
678 3619 794 3686 eadem
810 3641 866 3707 per
882 3619 1054 3688 oontinuas
1069 3625 1172 3686 motas
1190 3617 1347 3687 currendo

219 3726 362 3796 venisset
379 3724 423 3792 ad
438 3723 520 3793 duas
536 3733 640 3794 metas
656 3734 791 3816 terreas,
823 3729 930 3794 eidem
961 3727 1047 3792 Korn
1062 3745 1084 3792 a
1100 3733 1191 3812 parte
1221 3725 1348 3810 dextra,

220 3841 255 3904 et
270 3832 467 3919 possessioni
499 3833 617 3902 Habon
649 3841 765 3904 vooate
780 3858 801 3903 a
817 3843 910 3920 parte
932 3835 1065 3903 sinistra
1080 3841 1284 3920 separantes.
1313 3835 1350 3901 ln

219 3942 339 4028 quibus
358 3940 533 4026 Gregorius
549 3942 633 4010 lilius
647 3943 809 4011 Dominioi
827 3943 868 4010 de
884 3943 974 4011 diota
989 3944 1108 4010 Habon
1134 3943 1350 4028 personaliter

211 4048 438 4134 eomparendo
469 4068 528 4133 per
558 4050 689 4117 modum
722 4050 972 4138 protestaoionis
988 4049 1071 4136 ipsis
1088 4057 1231 4118 curasset
1246 4047 1348 4134 signi·

215 4157 334 4241 beari,
365 4154 449 4238 quod
482 4155 561 4224 lioet
592 4157 715 4225 dietum
747 4159 953 4244 priuilegium
985 4157 1087 4243 ipsius
1120 4157 1240 4225 domini
1272 4157 1351 4224 Belo

214 4264 318 4348 Regis
350 4262 421 4349 boo,
454 4263 539 4346 quod
560 4285 580 4331 a
605 4271 698 4350 parte
724 4267 841 4335 dextra
867 4264 1002 4334 oondam
1019 4267 1123 4350 Bolug
1138 4265 1348 4350 predeoessor

214 4370 376 4440 antedicti
391 4371 552 4440 Johannis
578 4373 727 4442 Litterati
763 4375 929 4462 donatiua,
947 4395 967 4440 a
985 4381 1076 4460 parte
1108 4393 1184 4441 voro
1217 4373 1350 4442 sinistra

215 4477 406 4546 extitissent
435 4479 643 4566 hereditaria,
677 4491 711 4550 vt
729 4481 857 4572 dieitur,
889 4483 923 4549 in
939 4501 974 4550 se
1000 4483 1222 4550 declarasset:
1240 4488 1348 4550 tamon

208 4587 308 4654 diota
338 4586 485 4672 possesio
515 4587 680 4657 Habona
712 4596 805 4677 parte
835 4591 971 4660 sinistra
1002 4590 1158 4658 diotarum
1189 4595 1350 4658 metarum
