3098 5132
650 223 712 288 159

596 311 756 320 ...ι-*-

129 417 298 485 Venerabili
315 417 465 484 Jobanne
482 416 708 504 strigoniensi,
720 415 910 484 Reuerendo
921 415 1055 499 Wgrino
1067 413 1240 484 Colocensi

127 527 374 612 Archiepiscopis
391 526 624 610 existentibus3
640 525 778 592 Roberto
796 525 1055 609 Wesprimicnsi,
1067 523 1240 591 Guillelmo

130 634 341 718 Transilnano,
374 633 547 702 Desiderio
564 631 795 716 Chanadiensi,
826 634 948 700 Jacobo
965 631 1140 714 Waciensi‚
1172 631 1240 698 Ste-

130 740 221 822 phano
257 739 490 825 Zagrabiensi‚
531 740 721 806 Alexandro
760 739 976 825 Waradiensi,
1017 739 1241 806 Bartholomeo

128 845 464 932 Quinqneecclcsienri,
496 847 621 912 Thema
645 847 808 931 Agr-lensi,
842 847 960 912 Corma
978 845 1149 914 Genriensi
1166 847 1240 930 Epi-

131 954 224 1038 scopis
239 955 454 1022 existentibus
471 961 503 1020 et
522 955 687 1020 Ecclesiae
714 955 775 1018 Dei
802 953 942 1020 feliciter
973 955 1239 1037 gubernantibus.

130 1062 253 1128 ilicolao
269 1062 421 1129 Palatino
439 1069 471 1128 ct
487 1063 612 1129 Gemite
628 1062 851 1147 supruniensi,
870 1061 980 1130 Oclruz
997 1061 1098 1146 Bane,
1123 1061 1242 1128 Neulra

129 1169 317 1256 Wojauoda‚
334 1169 485 1237 Dionisio
502 1171 660 1254 Magistro
679 1169 908 1255 Dapiferornm
926 1174 959 1233 ct
975 1167 1098 1234 comite
1118 1167 1240 1235 Vosne·

130 1279 224 1364 densi,
240 1277 389 1343 Batbizio
406 1278 616 1361 blusuniensi,
633 1277 707 1344 Jula
725 1275 953 1361 budrugiensi,
975 1275 1243 1360 Ladinlaoblagi-

131 1395 186 1451 stro
199 1388 382 1470 agasonum
400 1393 432 1452 et
449 1385 574 1453 Comite
590 1387 632 1452 dc
659 1389 795 1472 Posoga,
828 1384 1004 1451 Benedicto
1030 1384 1096 1450 filio
1122 1385 1243 1452 Samnd

132 1492 241 1560 Comite
256 1493 295 1558 de
311 1495 431 1560 Castro
448 1493 553 1580 Nouo,
572 1503 603 1561 et
619 1493 733 1560 ceteris
750 1493 930 1560 (inmitibus
942 1493 1121 1560 Comitatus
1131 1500 1242 1558 tenen·

134 1601 213 1685 libus,
229 1601 331 1684 Regni
348 1601 451 1669 nostri
468 1622 554 1668 anno
576 1601 652 1666 XII.

133 1799 202 1863 (Regi
218 1799 337 1850 masclat
356 1814 373 1848 a
393 1800 480 1849 budai
501 1801 552 1850 kir.
575 1799 701 1848 kamarai
720 1797 913 1860 leveltdrhan3
943 1799 1007 1862 igen
1026 1797 1183 1860 hibnyosan
1203 1798 1245 1848 kl·

387 1889 460 1938 adua
479 1889 608 1953 Eejerndl
626 1890 677 1939 111.
698 1889 756 1938 ket.
779 1893 800 1937 1.
822 1903 843 1938 r.
865 1891 925 1937 300.
945 1889 974 1948 l.)

564 2175 818 2182 Μ

652 2706 725 2772 loc.

135 2904 253 2968 Meletos
269 2905 431 2970 corbaor'ai
442 2905 635 2990 pllspdlrnolc
650 2903 923 2992 bizooyrdplceele,
950 2905 1032 2990 hepy
1058 2929 1076 2970 o
1099 2907 1249 2991 topnelcor‘

134 3017 203 3098 opdt
216 3014 345 3077 cmbcrei
361 3013 471 3077 annot
510 3011 697 3078 Vernicebere
713 3013 780 3078 leod
795 3023 879 3079 accat
894 3015 1004 3078 Ictodo
1038 3016 1248 3099 templomdra

304 3121 480 3185 ooaatkoad
494 3119 629 3206 lrcqyari
637 3120 732 3206 jopctr
749 3122 934 3186 cliamcrtclc.
968 3122 1063 3186 1220.

228 3317 298 3398 Ego
315 3315 474 3382 Martinus
485 3315 545 3380 Dei
564 3316 675 3398 gracia
692 3312 910 3382 Corbabensis
927 3313 1122 3400 Episcopus,
1138 3321 1248 3380 notum

132 3420 209 3488 facio
224 3430 291 3490 lam
318 3421 523 3507 presentibus
549 3442 647 3504 quam
676 3422 811 3488 futuris:
830 3422 914 3505 quod
933 3442 1005 3488 curn
1023 3440 1248 3488 consecrarem

22 3615 23 3624 ἵ
131 3529 304 3598 Ecclesiam
338 3530 449 3596 Sancti
482 3523 641 3614 Stephani
674 3530 707 3594 in
739 3531 886 3616 Vernice,
920 3530 1121 3613 recognitum
1150 3532 1249 3598 estin

130 3639 291 3722 presencia
318 3659 391 3705 mea
418 3637 458 3704 de
484 3638 668 3705 hominibus
694 3639 832 3705 Abbotis
859 3639 1004 3724 Toplice‚
1031 3639 1087 3722 qui
1105 3639 1245 3706 eandem

130 3745 303 3813 Ecclesiam
319 3765 377 3832 per
392 3747 635 3812 concessionem
651 3746 719 3813 eius
735 3751 991 3826 construxerunt,
1020 3747 1108 3832 quod
1126 3748 1248 3832 predio-

130 3859 175 3919 tne
193 3853 303 3920 Abbas
321 3859 352 3920 ct
368 3853 519 3920 blonacbi
535 3853 671 3938 Toplice
688 3856 810 3922 habent
826 3855 963 3920 eandem
980 3854 1242 3924 iurisdiccionem

132 3961 160 4024 in
175 3961 323 4047 predicta
339 3962 490 4028 Ecclesia
506 3963 620 4029 Sancti
638 3963 794 4049 Stephani
813 3963 846 4028 in
873 3963 1022 4047 Vernice,
1037 3983 1134 4045 quam
1153 3965 1252 4033 debet

133 4067 244 4135 babere
261 4066 410 4134 dominns
428 4069 481 4135 vel
497 4076 656 4154 patronus
674 4071 707 4135 in
722 4070 862 4136 ecelesia
879 4069 1015 4136 fundata
1026 4072 1061 4136 in
1077 4079 1164 4138 terra
1182 4091 1251 4139 sna.

132 4175 168 4238 Et
190 4173 273 4258 qnod
299 4175 447 4241 occasine
472 4177 596 4261 prelato
625 4179 771 4244 Ecclesie
795 4177 908 4245 Sancti
935 4177 1093 4264 Stephani
1124 4179 1249 4244 nullum

132 4281 181 4348 fiet
193 4283 406 4366 preiudicium
433 4283 580 4352 Ecclesia
596 4285 732 4370 'Poplice
759 4287 791 4351 in
810 4281 1003 4370 postelrum)
1020 4282 1060 4353 dc
1085 4292 1183 4370 terra,
1200 4286 1252 4351 vel

134 4388 171 4455 de
185 4389 363 4457 redditibus
379 4390 457 4476 suis,
473 4409 530 4475 per
546 4392 746 4460 sacerdotem
757 4392 902 4459 eiusdem
913 4393 1058 4476 ecclesie,
1075 4411 1179 4476 neque
1196 4412 1254 4478 per

136 4497 268 4580 aliquam
284 4492 384 4564 aliam
402 4518 583 4584 porsonam,
600 4500 659 4570 sed
675 4506 761 4566 terra
778 4506 809 4568 et
820 4499 996 4568 elemosina
1013 4499 1137 4568 domini
1152 4499 1253 4584 Regis
