3098 5132
792 223 951 326 Q—

303 419 380 490 fano
422 417 648 505 Zagrsbisnsi,
686 418 915 488 Bartholomeo
953 418 1311 504 Quinquseuelesisnsi,
1354 423 1433 508 Rep-

305 527 404 596 naldo
443 527 682 613 Transylnano,
721 525 846 594 Bulohu
878 525 1084 612 bononiensi,
1127 525 1305 596 Benedioto
1338 529 1437 596 Vars-

306 635 412 714 diensi
435 635 609 720 Episeopis
633 633 797 702 Eeulesiss
822 633 886 700 Dei
910 631 1048 702 feliciter
1070 633 1336 718 gubernantibus.
1360 637 1433 703 Dio·

310 741 395 810 nisio
412 743 534 812 comite
549 741 711 825 Palatino,
743 742 922 812 Benedioto
938 741 1023 810 Aule
1035 746 1143 810 nostm
1159 741 1283 810 curiali
1300 743 1431 824 Gemite,

310 849 447 917 Nioolao
463 849 622 936 Magistro
638 849 904 932 Tsusrnicorum‚
926 847 1020 916 Phila
1030 849 1187 934 Magistro
1197 851 1431 938 Dapiferorum,

307 959 479 1044 Myohsele
495 959 652 1043 Magistro
669 964 870 1040 Agszonum,
903 957 1041 1026 Statano
1074 957 1231 1042 Magistro
1262 959 1430 1027 Pinoerns·
1540 1019 1541 1048 p

309 1086 390 1154 rum,
405 1073 438 1131 et
454 1065 530 1150 alijs
546 1085 642 1151 quem
659 1065 807 1150 pluribus
826 1064 1007 1134 Comitatus
1022 1072 1055 1132 et
1071 1066 1283 1148 Magistratus
1299 1069 1430 1134 tenenti·

308 1172 376 1241 bns.
400 1173 505 1256 Regni
521 1171 620 1240 nostri
637 1191 724 1239 enno
739 1171 893 1240 vicesimo
909 1177 1035 1239 oetauo.

307 1369 343 1432 (A
372 1373 454 1436 gybri
483 1371 679 1435 ksptslannak
710 1373 785 1420 1397.
817 1374 933 1421 ›oetauo
965 1371 1010 1420 dis
1042 1372 1106 1420 festi
1135 1373 1217 1423 Beati
1236 1373 1353 1422 Martini
1372 1387 1432 1422 oon·
1540 1363 1541 1412 ἶ

307 1460 436 1512 sessoris«
458 1459 575 1510 »domes
593 1459 687 1510 Temsl
705 1461 734 1508 et
752 1459 853 1508 Petrus
872 1457 923 1524 fllij
943 1459 1028 1521 Petri,
1043 1475 1075 1510 ao
1095 1461 1217 1511 Thomas
1237 1461 1312 1511 filius
1331 1461 1433 1512 doban-
1540 1451 1541 1464 ¹

307 1550 351 1599 nis
364 1547 609 1616 dsZenthgynrg;
629 1549 697 1599 item
716 1548 853 1613 Georgius
872 1551 902 1600 et
919 1548 1052 1600 Nicolaum
1070 1549 1120 1614 dlij
1140 1549 1253 1602 Nieolei
1271 1551 1305 1600 ds
1323 1551 1432 1613 Bouynr
1540 1537 1541 1620 i

343 1637 471 1687 animaru
490 1637 824 1703 kisdstuttdtiratdb613
843 1652 861 1688 s
879 1637 964 1689 budai
983 1639 1037 1690 kir.
1056 1640 1185 1690 ksmsrsi
1204 1639 1399 1702 leveltdrbnn.)
1540 1635 1541 1668 ³

740 1924 1005 1933 Ἥ..-

840 2382 912 2449 163.

308 2582 392 2649 Bata
410 2580 517 2668 ifjato
541 2579 650 2666 kirdlp
675 2584 861 2666 meporbao‘tt'
891 2583 986 2667 etpja
1017 2581 1062 2646 II.
1096 2582 1209 2647 Euodus
1238 2585 1438 2672 edonsdaapdt

437 2689 552 2754 Tamais
568 2689 678 2758 Comes
694 2688 816 2754 Makris
831 2689 964 2754 deuouit
975 2691 1020 2769 fia
1036 2695 1193 2756 emanere.
1216 2692 1315 2757 1231.

415 2885 497 2952 Bels
513 2885 575 2951 Dei
600 2883 716 2967 grauia
742 2885 822 2967 Rex,
856 2883 1094 2968 primogenitus
1123 2887 1222 2970 Regis
1256 2885 1438 2976 Hungarie,
1540 2859 1541 2928 3

307 2992 458 3062 omnibus
475 2998 659 3078 presentem
676 2991 832 3076 peginam
848 2987 1042 3076 inspueturis
1059 2991 1196 3060 salntem
1213 2994 1440 3062 in'uerosslu·
1540 3013 1541 3030 ³

310 3099 381 3167 tari.
399 3101 478 3166 (ium
495 3119 554 3186 per·
570 3097 690 3163 Diuine
704 3098 933 3182 inspirationis
950 3099 1094 3181 grauiam
1106 3100 1273 3169 uoluntate
1286 3110 1319 3166 et
1329 3108 1442 3169 auoto-
1540 3159 1541 3172 ,

307 3209 403 3278 ritate
418 3206 648 3298 petrianostri,
666 3213 699 3272 et
717 3213 843 3272 maturo
859 3205 1057 3292 Principium
1075 3215 1161 3274 terre
1172 3213 1281 3276 nostre
1292 3209 1440 3293 oonsilio,
1540 3207 1541 3242 ³

307 3321 457 3403 presente
472 3314 573 3381 fratre
590 3322 700 3380 nostro
717 3313 895 3380 Colomano
911 3314 1002 3399 Rege
1019 3323 1051 3382 et
1068 3317 1158 3382 Duae
1175 3316 1276 3382 tocius
1305 3315 1438 3383 Seiano·

306 3421 361 3492 nie
376 3442 507 3490 oensem
524 3422 780 3506 perpetuitatem
798 3419 1040 3507 discuteremus,
1057 3422 1090 3488 in
1118 3420 1346 3490 detrimentum
1376 3423 1438 3489 Re·
1540 3477 1541 3480 η

307 3531 361 3614 gie
377 3528 504 3597 Corone
520 3529 716 3596 donationes
731 3537 891 3597 terrerum
923 3530 1026 3597 saetas
1060 3537 1265 3614 1·euouantes;
1290 3527 1438 3596 Thomas
1540 3583 1541 3588 ,

307 3637 470 3722 qnondam
487 3636 598 3702 Banna
615 3635 778 3723 Meebarej
799 3635 934 3705 Comitis
950 3636 1048 3723 filius,
1066 3645 1222 3721 tanquam
1239 3638 1289 3704 vir
1309 3636 1436 3706 desere·
1540 3715 1541 3724 χ

313 3753 367 3810 tus
383 3749 416 3810 et
432 3743 464 3809 in
481 3749 646 3834 posterum
664 3763 854 3832 preaesens,
871 3765 969 3832 super
984 3745 1217 3813 hereditatibus
1233 3745 1380 3831 paternis
1405 3755 1441 3811 et

308 3849 542 3918 donationibus
558 3849 738 3936 Regalibus
754 3860 786 3918 et
802 3851 897 3920 terris
924 3853 1030 3938 tytulo
1062 3853 1241 3938 emptionis
1273 3853 1438 3936 possessis

307 3967 364 4026 aut
379 3979 437 4046 per
453 3958 650 4026 sententiam
668 3959 786 4026 iustam
803 3979 957 4044 proeessu
985 3959 1112 4027 ordinis
1139 3959 1295 4044 judiearij
1330 3957 1436 4028 eidem

306 4063 513 4154 adiudicatis,
531 4066 624 4133 nobis
642 4065 814 4152 priuilegia
831 4067 991 4154 exhibuit,
1007 4069 1186 4153 inquorum
1198 4069 1440 4135 tenoremerita

306 4190 439 4238 suarum
456 4171 620 4261 uirtutum,
635 4173 763 4242 soilioet
780 4174 946 4242 fidelitatis
964 4175 1131 4260 obsequia,
1157 4174 1279 4242 laboris
1297 4181 1329 4240 et
1345 4173 1440 4242 dolo·

307 4279 352 4344 ris
368 4279 580 4366 sustinentia,
597 4281 767 4348 uulnerum
784 4283 817 4348 iu
833 4281 945 4350 hostili
962 4282 1101 4351 oonflioti
1117 4282 1267 4367 reeepoio
1283 4281 1318 4349 in
1343 4283 1437 4349 testi-

309 4387 451 4454 monium
467 4387 644 4467 fidebtotis,
661 4390 813 4474 saguinis
829 4389 956 4478 effusio,
973 4403 1005 4458 et
1031 4393 1096 4458 etia
1127 4395 1203 4457 ueta
1235 4390 1436 4473 probitatum
1540 4457 1541 4462 ,

305 4513 437 4560 suarum
453 4494 601 4580 plenarie
616 4497 877 4566 continebantur.
917 4499 985 4566 Nos
1003 4518 1081 4584 ergo
1096 4497 1334 4566 eommunioato
1365 4495 1432 4563 fra·
