3164 5154
672 917 703 983 d.

141 1119 233 1184 Acuzo
247 1103 443 1202 coapostoli
458 1117 529 1182 ondit
545 1117 652 1180 ltdocts
669 1115 904 1202 olopttodoydl
920 1114 1166 1202 adomdrtyozott
1177 1117 1255 1180 dizo·

142 1247 208 1312 opos
229 1225 383 1310 helyadpet
407 1225 566 1308 tdrpyozo'
596 1222 710 1300 t’tddete,
736 1245 758 1286 a
790 1220 884 1286 Sient
915 1219 1109 1310 Chryaoqoo
1132 1222 1258 1306 jadrat'

463 1339 626 1394 moooator
640 1333 798 1395 azdmdro.
815 1330 915 1394 1059.
1158 1337 1162 1346 '

233 1527 272 1590 In
287 1524 427 1590 Nomine
445 1523 506 1588 Dei
521 1523 641 1588 Etcrni.
675 1521 804 1587 Eutnre
828 1520 1069 1588 reeordationis
1101 1523 1256 1588 memorie

139 1631 242 1698 litteris
262 1629 426 1698 notificare
442 1629 636 1712 satagimus,
652 1634 688 1694 ut
704 1629 844 1712 posteris
860 1635 987 1714 pateat,
1024 1627 1156 1712 quodsi
1182 1631 1256 1712 quis

139 1739 310 1806 averitatis
325 1739 458 1804 tramite
476 1738 662 1804 exorbitare
687 1735 837 1820 volucrit,
868 1735 942 1820 ipsa
973 1735 1087 1801 littera
1119 1737 1256 1803 eundem

139 1855 257 1927 arguat.
282 1847 400 1911 Notum
417 1843 462 1912 sit
477 1845 638 1930 omnibus,
656 1842 744 1926 qnod
769 1841 886 1908 Petrus
912 1841 1114 1909 venerabulis
1145 1844 1257 1910 Abbas

138 1951 317 2020 hlonasterii
335 1953 449 2020 Sancti
467 1950 681 2036 Chrysogoni,
699 1956 814 2016 astans
832 1957 910 2014 ante
926 1954 1136 2032 conspectum
1159 1951 1256 2016 dorni-

139 2057 168 2122 ni
181 2043 547 2144 heuzonisripostolice
563 2057 657 2124 Sedis
672 2055 885 2141 Apocrisarii,
903 2054 994 2121 missi
1012 2076 1032 2119 a
1050 2055 1182 2122 domino
1199 2059 1255 2124 Ni-

137 2165 222 2230 colao
238 2169 386 2232 Romano
401 2166 568 2249 Pontifice,
582 2169 778 2246 conquestus
794 2170 844 2228 est
861 2161 902 2226 de
930 2161 1074 2244 quadarn
1105 2164 1192 2228 cella
1222 2167 1257 2232 in

138 2272 280 2340 honorem
299 2273 410 2338 Sancti
427 2273 567 2339 loannis
582 2270 762 2355 fundatam,
780 2289 819 2336 ac
833 2270 945 2354 posita
976 2269 1012 2334 in
1043 2271 1161 2354 insula,
1193 2291 1258 2355 qne

138 2379 245 2446 dicitur
261 2381 405 2467 Silagus,
422 2399 518 2465 qnam
535 2379 703 2463 Eprohina
718 2378 836 2444 obtulit
852 2378 1000 2446 Ecclesie
1016 2379 1128 2446 Sancti
1157 2379 1256 2465 Chry-

136 2489 251 2570 sogoni.
278 2488 372 2553 Nunc
387 2491 497 2554 autem
514 2486 681 2566 infligente
698 2485 829 2552 diabolo
854 2485 924 2551 vult
959 2505 1031 2552 eam
1063 2488 1257 2556 subtrahere

137 2594 274 2661 Cenohio
292 2595 407 2662 Sancti
424 2595 640 2679 Chrysogoni,
658 2592 701 2659 ad
718 2593 804 2676 quod
822 2595 912 2676 prins
927 2594 1046 2660 devota
1062 2602 1170 2660 mente
1196 2599 1257 2662 sua

135 2711 243 2784 sponte
261 2705 458 2770 contulerat.
482 2703 575 2768 'Pano
591 2701 820 2786 Apocrisarius
836 2701 981 2766 Romane
997 2700 1093 2767 Sedis
1121 2701 1256 2768 interro-

135 2807 221 2888 gavit
235 2809 373 2875 clericos
390 2817 423 2874 et
437 2811 539 2876 honos
556 2809 676 2896 laicos,
687 2808 715 2874 si
731 2829 784 2876 res
802 2809 849 2874 ita
865 2827 900 2874 se
926 2806 1070 2891 haberet,
1104 2807 1256 2890 quemad-

135 2915 258 2980 modum
275 2915 388 2983 Ahbas
413 2919 576 2986 retulerat.
616 2914 729 2982 Cuncti
762 2925 881 3002 autem,
913 2915 970 2998 qui
1001 2915 1148 3000 aderant,
1180 2937 1257 2984 vcra

133 3026 310 3090 assertione
327 3023 510 3110 perhibent,
527 3025 686 3092 Abbatem
705 3045 814 3090 rernm
840 3023 979 3106 desisse,
1011 3029 1045 3088 et
1077 3023 1256 3089 secundom

134 3126 337 3196 donationem
355 3129 499 3198 Gorbine
515 3132 654 3198 Sanctus
670 3130 921 3215 Chrysognonus
938 3131 1024 3196 omni
1043 3151 1115 3196 oum
1131 3131 1258 3198 iustitia

133 3235 224 3303 debet
241 3239 361 3304 habere
377 3245 409 3305 et
426 3239 458 3305 in
484 3248 675 3325 perpetuum
702 3239 832 3305 habere.
872 3239 967 3306 Unde
998 3241 1076 3322 quia
1108 3238 1258 3306 dominus

131 3340 358 3426 Apoc'risarius
374 3367 432 3432 per
448 3348 614 3414 ministros
631 3347 703 3426 Dei,
721 3347 849 3414 scilicet
864 3345 1063 3433 sacerdotes,
1097 3352 1130 3412 et
1163 3347 1257 3412 cleri-

131 3468 193 3534 cos,
213 3459 245 3518 st
262 3454 427 3521 veridicos
444 3455 555 3538 laicos,
573 3455 728 3538 cognovit
753 3455 816 3520 hoo
847 3452 920 3520 fore
952 3473 1082 3538 rerum;
1108 3457 1257 3540 protinus

130 3575 187 3640 per
202 3561 343 3647 virgam,
360 3581 458 3646 quarn
476 3563 509 3628 in
526 3581 701 3632 manustra
718 3562 861 3640 tenebat,
893 3561 1061 3628 investivit
1093 3567 1257 3647 prefatum

130 3667 289 3734 Abbatsm
306 3667 348 3734 de
364 3669 437 3754 ipsa
453 3669 612 3754 Ecclesia,
629 3689 669 3735 ae
685 3667 727 3735 de
743 3667 890 3736 omnibns
906 3669 950 3734 ad
981 3690 1054 3736 earn
1089 3671 1258 3757 pertinen·

129 3771 234 3860 tibus,
258 3775 318 3840 tali
336 3796 412 3843 vero
428 3777 533 3864 modo,
551 3777 639 3862 quod
656 3777 744 3844 absit
759 3783 792 3841 et
807 3777 955 3844 advertat
981 3779 1083 3862 Deus,
1108 3780 1195 3863 qnod
1227 3781 1255 3848 si

128 3881 200 3959 quis
216 3903 259 3948 ex
276 3883 405 3968 prelato
420 3885 616 3952 Monasterio
634 3875 816 3952 Ecclesiam
833 3884 924 3951 illam
941 3885 1134 3952 abstrahere
1165 3886 1257 3952 volu·

126 3989 194 4074 erit,
212 3985 476 4055 maledictionem
492 3992 552 4057 Dei
571 3997 604 4058 et
619 3989 729 4056 Sancti
746 3988 835 4057 Petri
851 3991 1079 4078 Apostolorum
1095 3991 1257 4075 Principis

127 4100 158 4158 et
182 4103 333 4162 nostram
352 4095 481 4183 habeat,
499 4105 620 4163 etcum
637 4095 724 4164 Juda
738 4096 897 4164 traditore
914 4098 1043 4164 Domini
1060 4100 1159 4164 nostri
1176 4099 1257 4166 Jesu

125 4197 247 4268 Christi
266 4200 449 4290 damnetur,
466 4209 586 4272 etcum
603 4203 733 4272 diabolo
756 4209 790 4269 et
805 4206 902 4272 sociis
930 4208 1000 4274 suis
1026 4213 1256 4272 concremetur.

233 4310 309 4376 Hoc
324 4317 433 4378 actum
449 4319 500 4378 est
515 4311 549 4378 in
565 4312 733 4397 presentia
759 4313 923 4381 Laurentii
954 4312 1149 4378 Absarensis
1182 4314 1256 4398 Epi·
1316 4389 1319 4396 Δ

122 4417 224 4502 scopi,
242 4437 266 4484 a
282 4417 464 4502 Spalatinis
480 4425 512 4486 et
527 4441 548 4487 a
566 4428 682 4489 cuncto
699 4421 844 4489 Concilio
859 4418 1108 4504 Archiepiscrpi
1141 4420 1255 4507 Electi,

121 4532 153 4590 et
167 4524 306 4593 Andree
322 4513 484 4610 qnondam
500 4529 664 4617 Episcopi,
686 4549 727 4597 ac
756 4532 931 4599 multorum
962 4530 1119 4597 bonorum
1152 4527 1253 4595 horni-

228 4659 338 4700 nomn.
354 4659 437 4701 nune.
453 4663 524 4704 ΠΜ.
539 4673 584 4687 ···
599 4666 671 4705 nu’b.
689 4665 732 4706 n.
1125 4643 1146 4703 2
