3150 5162
589 385 750 488 ,se-1-

100 585 192 656 estis
221 585 256 652 in
285 585 445 671 Botinem,
477 583 523 651 ibi
555 603 614 670 per
629 581 748 650 Oiimin
768 579 934 668 egreditur
949 581 1099 666 superins
1117 597 1235 646 verene

102 695 288 779 seqnssonem
305 711 363 778 per
388 697 491 760 metas
523 690 580 758 nbi
596 698 835 758 commetaneus
852 694 902 756 est
933 685 1079 771 Bratile;
1111 685 1233 755 deinde

112 821 165 887 per
193 799 315 868 Olimin
342 797 446 866 eundo
472 797 561 865 eadit
586 796 631 865 ad
646 797 777 883 vimine,
794 815 857 881 qne
872 799 1030 862 voeentnr
1051 793 1236 878 Zelenehs;

113 906 225 975 deinde
256 904 422 990 egreditur
437 905 481 973 ed
499 905 656 974 orientem
673 905 707 971 in
723 901 815 971 bireh
833 908 866 968 et
881 901 929 970 ibi
945 907 994 970 est
1014 907 1101 969 mete
1116 907 1239 982 terrm,

102 1013 222 1084 deinde
237 1011 406 1081 deseendit
422 1011 639 1080 adorientem
655 1030 714 1098 per
730 1015 832 1078 metes
847 1009 883 1076 in
896 1007 1089 1078 Seelnueem
1115 1006 1172 1078 ubi
1188 1027 1230 1076 ex

112 1121 244 1192 adverso
276 1120 411 1190 veniens
441 1119 574 1207 rirnine,
589 1117 720 1186 nomine
736 1116 877 1200 seiteina,
894 1122 928 1184 et
943 1151 1229 1168 -----

103 1249 132 1296 -e
145 1229 277 1298 iiiinize
306 1226 400 1298 redit
431 1245 544 1296 verens
575 1225 751 1312 orientem,
776 1221 896 1294 deinde
926 1243 986 1311 per
1018 1229 1128 1294 metes
1145 1223 1237 1293 veslit

113 1355 220 1404 verens
243 1334 404 1406 orientem
418 1333 474 1404 nbi
489 1341 727 1402 eommeteneus
744 1339 794 1401 est
809 1331 974 1420 Stephane
991 1331 1154 1422 Volpoth3
1177 1331 1236 1401 de·

114 1439 212 1531 (inde)
228 1441 298 1511 exit
312 1439 357 1511 ed
370 1448 513 1510 montem
533 1440 578 1508 sd
608 1441 696 1508 viem
728 1439 898 1526 exereitus,
929 1447 962 1509 et
992 1439 1086 1509 redit
1114 1457 1233 1510 verens

102 1551 262 1621 orientem
290 1549 332 1619 de
361 1557 450 1619 mets
480 1549 525 1622 ed
541 1555 656 1635 metas,
683 1549 726 1618 de
741 1551 795 1619 rie
808 1558 917 1619 sutem
931 1549 993 1618 ille
1007 1549 1075 1617 exit
1090 1549 1135 1618 ed
1149 1549 1229 1620 dex·

110 1664 188 1725 trem
202 1677 345 1739 menum,
357 1656 445 1725 etibi
455 1657 612 1728 eetsrbor
627 1657 701 1743 piri,
720 1658 781 1726 snb
797 1677 862 1742 qne
877 1665 928 1726 eet
942 1663 1030 1725 mets
1047 1691 1087 1732 -‚·
1105 1689 1221 1734 -÷,-·,
1242 1735 1249 1750 ι

105 1764 223 1833 ¹deinde
238 1764 410 1834 deseendit
424 1764 458 1831 in
474 1765 594 1832 sellem
611 1773 644 1834 et
660 1763 700 1833 de
716 1763 806 1832 velle
822 1763 972 1833 elevetur
986 1763 1032 1832 sd
1046 1763 1139 1833 bireh
1163 1785 1221 1860 ver
1243 1779 1250 1843 ζ

114 1891 164 1940 sus
178 1871 348 1960 orientem,
364 1879 398 1939 et
413 1871 461 1939 ibi
477 1879 526 1962 est
541 1877 629 1940 mets
647 1877 764 1957 terres,
774 1876 806 1938 et
814 1891 921 1958 snper,
928 1871 1068 1946 eundem
1083 1871 1175 1942 bireh
1195 1871 1255 1956 de„

112 1985 193 2046 mete
221 1979 268 2046 ed
282 1985 403 2046 metam
419 1978 510 2046 vadit
525 1997 639 2048 verens
655 1976 832 2061 meridiem,
848 1977 943 2046 stibi
960 1997 1001 2048 ex
1017 1987 1112 2064 perte
1126 1983 1233 2050 orien-

107 2086 164 2152 teli
179 2093 418 2154 nommetenens
434 2091 484 2154 eet
498 2085 628 2154 Dursen
643 2085 730 2152 filine
744 2083 849 2172 Reek,
867 2091 900 2154 et
914 2085 960 2154 ibi
975 2085 1174 2154 ambulando
1189 2087 1225 2154 in

116 2191 199 2260 bireh
229 2193 380 2281 pervenit
411 2192 455 2260 ed
485 2193 589 2260 locum
621 2191 676 2260 nbi
709 2193 810 2260 oritur
840 2211 924 2260 nnue
955 2192 1081 2262 rivulus
1104 2195 1236 2262 nomine

105 2299 235 2388 -Jeronz,
253 2319 426 2386 perquem
446 2299 584 2366 rivnlnm
601 2299 693 2367 redit
722 2300 860 2368 inferius
890 2319 948 2386 per
978 2305 1084 2370 metes
1115 2319 1233 2368 sensns

115 2407 264 2476 orientem
296 2413 328 2475 et
343 2405 430 2474 eadit
444 2406 478 2472 in
495 2409 600 2492 ipsum
616 2406 760 2491 fluvium,
776 2408 811 2474 in
827 2407 960 2476 fluvium
977 2408 1121 2494 Crepine
1135 2407 1229 2476 iuxta

114 2513 302 2582 Comitatnm
317 2515 466 2596 Hrosna;
491 2514 607 2582 deinde
624 2535 682 2599 per
697 2515 842 2601 Orspine
857 2515 950 2582 vadit
965 2514 1102 2584 inferius
1118 2535 1233 2584 versus

114 2621 286 2708 meridiem,
318 2622 375 2690 ubi
405 2624 492 2690 nitra
524 2619 667 2707 Crepine
696 2625 739 2690 ab
769 2621 893 2690 oriente
923 2630 1165 2693 eommetenens
1181 2636 1233 2692 eet

107 2726 287 2798 firmitates
304 2727 344 2797 de
360 2729 507 2810 Hrosns;
531 2728 650 2796 deinde
665 2749 725 2814 per
750 2728 925 2816 Orapinsm
955 2730 1094 2800 interius
1126 2731 1235 2800 enndo

114 2837 253 2922 iungitur
284 2835 328 2904 nd
360 2835 555 2904 comitatum
586 2837 626 2902 de
651 2835 804 2906 Moroehs
828 2843 860 2904 et
876 2857 993 2924 per-
1009 2870 1054 2882 -
1071 2873 1109 2885 —
1129 2841 1237 2908 -ed

114 2943 212 3010 tonum
228 2945 287 3012 nbi
302 2945 391 3011 siee'e
404 2944 521 3012 Botine
537 2942 623 3012 eadit
639 2945 672 3010 in
689 2945 864 3030 Crepinsm
880 2947 1042 3032 nbiprime
1056 2954 1144 3013 mets
1160 2959 1232 3018 eret

113 3051 271 3138 inchoate,
303 3059 336 3121 et
351 3051 397 3119 ibi
412 3051 615 3122 terminatur.
648 3053 691 3120 Ut
708 3057 812 3119 antem
828 3051 924 3120 huius
942 3055 990 3120 rei
1004 3055 1106 3122 series
1137 3057 1234 3124 selva

112 3177 233 3244 semper
249 3160 416 3240 oonsistst,
432 3179 494 3226 nee
517 3160 658 3246 emplius
675 3158 771 3227 iidem
787 3160 846 3226 iiiii
862 3159 941 3228 Jaoo
957 3181 1126 3247 perquem
1143 3163 1232 3248 piem

112 3285 164 3348 pro
179 3267 262 3350 ipsis
276 3267 370 3334 terris
385 3267 607 3354 molestentur,
624 3268 737 3336 literas
752 3277 879 3336 nostrae
896 3270 1116 3338 ooneessimns
1133 3270 1236 3356 sigilli,

112 3374 208 3438 nostri
222 3373 402 3442 munimine
417 3377 597 3443 roboratas.
622 3379 717 3441 Anno
748 3375 880 3442 Domini
900 3377 1073 3444 millesimo
1118 3379 1238 3447 dueen-

109 3481 220 3548 tesimo
246 3479 515 3566 quinquagesimo
556 3492 681 3551 ootevo.
712 3483 896 3552 Pristeidns
912 3493 962 3552 est
981 3487 1072 3554 Eiex.

107 3675 269 3743 (theleneo,
288 3679 472 3734 Monumente
485 3681 552 3732 hist.
565 3683 753 3749 Episcopatus
778 3683 976 3749 Zegrebiensis
1000 3685 1023 3736 1.
1048 3687 1108 3738 ket.
1123 3691 1182 3738 11⁷.
1205 3689 1237 3752 L)

538 3969 806 3981 ---——-—..
