3098 5132
862 893 932 960 110.

331 1093 362 1158 Α
378 1097 554 1180 υεειρνέηιί
569 1093 797 1179 loa'ptolaonak
812 1093 1088 1179 bitempodplooole
1104 1093 1187 1180 impp
1205 1089 1322 1155 Hoholt
1346 1111 1461 1158 eomes-

428 1205 487 1268 ποῖα
502 1202 632 1288 otodjoi
646 1203 717 1266 nost
733 1201 882 1288 bizooyos
899 1201 1095 1268 birtokooere
1112 1201 1236 1267 tentent.
1254 1198 1352 1262 1222.
1477 1291 1482 1298 Ι

438 1397 633 1464 Vniuersum
650 1396 799 1463 Eoolesie
815 1393 1070 1481 Vesprimieusis
1096 1393 1280 1479 Capitulum
1308 1395 1462 1461 omnihus

331 1525 466 1591 presens
483 1505 638 1589 seriptum
655 1505 849 1590 inspecturis
866 1505 1015 1572 salutem.
1042 1503 1250 1571 Vniuersitati
1267 1510 1375 1570 uestro
1393 1504 1461 1570 elu-

176 1673 183 1686 ,
304 1691 307 1696 ,
330 1618 449 1697 oesout,
467 1613 552 1696 quod
568 1612 705 1681 Mieheei
721 1611 806 1680 iilius
822 1613 945 1680 Hohoit
962 1611 1094 1678 Comitis
1120 1631 1160 1677 ex
1193 1631 1258 1677 uuo
1290 1618 1393 1696 parte,
1426 1619 1463 1678 et

331 1719 447 1788 iratres
463 1723 513 1788 sui
530 1723 617 1790 Aous
634 1729 665 1788 et
682 1721 861 1788 Nioholuus
878 1741 917 1787 ex
934 1721 1048 1806 ultera,
1076 1719 1153 1787 lieet
1184 1727 1272 1788 etate
1303 1719 1461 1803 minores,

331 1849 402 1896 oum
418 1828 575 1914 pristaldo
593 1849 660 1914 suo,
677 1827 798 1898 soilioet
814 1829 903 1896 Bene
919 1828 984 1894 filio
1002 1825 1138 1913 Gregori
1165 1829 1206 1895 de
1233 1827 1311 1894 vilia
1344 1823 1461 1910 Ozeag

330 1935 375 2006 od
390 1943 534 2002 nostrum
551 1937 742 2004 aecedentes
758 1936 972 2022 presenciam,
990 1934 1153 2018 dixerunt,
1178 1955 1213 2001 se
1233 1955 1341 2002 eorem
1360 1935 1460 2002 uobis

330 2047 362 2110 et
378 2063 473 2127 quum
492 2043 640 2128 pluribus
655 2043 730 2110 eliis
746 2043 843 2109 talem
869 2043 953 2108 inter
978 2062 1013 2109 se
1044 2041 1164 2109 senisse
1196 2041 1461 2124 conuentionem,

331 2150 417 2234 qnod
435 2150 560 2218 soilioet
576 2148 653 2216 dieti
670 2149 762 2236 pueri
779 2150 971 2216 dimiserunt
994 2149 1147 2216 Mioheeii
1180 2149 1337 2236 predium,
1369 2150 1461 2233 quod

333 2260 430 2343 uulgo
445 2259 589 2325 Zemens
606 2265 749 2344 uocetur,
769 2278 839 2326 oum
868 2257 1017 2326 omnibus
1043 2258 1254 2344 pertinenciis
1286 2257 1373 2342 suis;
1399 2255 1461 2321 Mi-

334 2365 429 2432 ohoel
446 2373 555 2431 eutem
572 2387 590 2432 e
607 2385 764 2434 conuerso
781 2365 906 2432 dimisit
923 2365 969 2433 eis
985 2365 1107 2450 villum,
1123 2386 1185 2450 que
1202 2364 1302 2448 uulgo
1322 2363 1460 2431 Foroos-

336 2474 426 2540 solua
440 2479 595 2560 uooatur3
613 2475 689 2541 item
701 2472 812 2541 villum
830 2475 960 2541 Fulousi
974 2497 981 2558 ;
997 2474 1074 2541 item
1085 2473 1242 2560 Peleske3
1259 2479 1335 2541 item
1345 2471 1461 2558 Oneog

330 2589 363 2648 et
377 2579 479 2648 Pana.
505 2581 555 2648 Ne
573 2587 681 2649 autem
697 2583 786 2650 diota
802 2582 978 2651 oouuenoio
997 2601 1055 2669 per
1079 2582 1217 2650 alieuius
1243 2581 1460 2668 calumpniam

335 2691 534 2775 inposterum
551 2699 660 2775 posset
676 2691 809 2777 irritari,
828 2698 962 2776 utraque
986 2710 1063 2778 pers
1088 2690 1186 2777 peciit
1216 2690 1320 2776 ipsum
1354 2691 1461 2776 sigilli

333 2796 434 2866 nostri
450 2799 625 2866 munimine
638 2800 792 2868 roborari.
817 2799 883 2867 Nos
900 2805 1007 2866 eutem
1025 2799 1067 2868 ud
1082 2799 1253 2885 petioionis
1271 2819 1381 2866 eorum
1409 2799 1460 2864 in·

334 2905 491 2972 stonoium
508 2905 552 2972 od
568 2906 799 2974 eliminandum
817 2908 922 2975 tocius
939 2907 1118 2990 questionis
1135 2909 1318 2992 scrupulum
1335 2904 1460 2974 dietam

276 3077 283 3098 ‚
331 3013 578 3080 oonuenoionem
595 3013 773 3080 litterarum
789 3015 994 3099 presencium
1010 3013 1141 3099 indioijs
1158 3021 1190 3082 et
1206 3013 1313 3100 sigillo
1344 3023 1462 3081 nostro

332 3122 609 3190 communiuimus.
651 3121 769 3188 Datum
786 3140 843 3206 per
860 3141 976 3190 monuo
991 3123 1022 3190 J.
1040 3123 1287 3209 Vesprimiensis
1301 3125 1459 3210 Lentonis,

337 3247 423 3294 anuo
439 3229 547 3311 grecie
561 3227 814 3296 M0000xx011⁰
830 3229 864 3295 in
881 3228 994 3314 vigilie
1011 3231 1161 3299 Omnium
1177 3233 1378 3300 Sanctorum.
1394 3235 1461 3302 Ro·

330 3335 427 3402 berto
443 3335 615 3422 Episcopo,
648 3337 876 3403 Bartholomeo
901 3335 1081 3424 Proposito,
1114 3337 1160 3404 Se
1174 3359 1288 3406 omone
1304 3337 1463 3428 Centone,

298 3441 301 3450 ⁴
331 3443 457 3511 Mathia
473 3443 614 3511 Custode
631 3445 854 3512 existentibus.

332 3639 475 3699 (Eredetie
497 3641 679 3708 bttrhsirtye'su,
700 3645 855 3709 melyrols
880 3637 1015 3710 lioptelan
1044 3647 1159 3699 visszba
1186 3651 1317 3712 nyomott
1344 3651 1464 3714 poeseos

435 3729 673 3800 hertyezsinegen
692 3734 769 3801 sugg,
789 3749 806 3786 e
825 3735 912 3786 budui
931 3736 984 3787 kir.
1008 3737 1135 3788 kamerai
1150 3737 1346 3802 leuelttrbun.)
