3080 5146
560 305 717 408 „aa

57 499 193 570 litteras
211 503 330 589 prelati
347 502 495 570 Ladialai
512 503 654 572 Palatini
674 508 706 570 et
724 499 858 570 Comitis
875 501 1092 586 Symigiensia
1108 503 1202 571 nobie

61 609 227 696 constitit,
257 611 320 677 hoo
335 609 449 678 ordine
466 609 689 695 distinguntur
718 637 725 675 :
759 611 866 694 prima
898 616 986 680 meta
1016 610 1129 697 incipit
1159 611 1202 680 ab

56 717 200 786 oriente
217 719 259 784 ab
275 737 363 802 aqna
377 717 517 786 Ribinac
532 717 621 804 apud
638 717 720 785 duas
736 718 878 802 arbores,
895 737 1031 802 quarum
1047 738 1114 786 una
1127 737 1201 803 gnr-

54 825 150 892 tania
176 822 299 892 dicitur
324 831 358 893 et
389 825 496 893 altera
528 823 693 908 avellana,
725 823 803 892 inde
834 823 941 892 tendit
973 845 1032 910 per
1063 825 1200 894 eandem

54 951 179 1018 aquam
199 931 342 1000 Ribinac
357 953 472 1004 versus
487 931 655 1002 meridiem
672 933 864 1020 perveniens
875 930 918 1002 ad
928 951 1049 1017 aquam
1059 932 1199 1018 Ratoba,

57 1047 89 1107 et
104 1040 229 1128 incipit
245 1047 359 1110 tenere
375 1049 480 1108 metas
498 1061 572 1109 cum
589 1041 715 1128 Alexio,
732 1041 801 1109 lilio
815 1041 918 1126 Moys,
953 1039 1008 1109 ubi
1033 1047 1110 1110 sunt
1135 1041 1201 1112 dne
1302 1077 1311 1107 r

58 1155 144 1217 mete
160 1155 271 1218 terreo
287 1149 349 1217 sub
365 1149 546 1237 arboribus,
563 1149 689 1218 seilicet
721 1151 784 1218 sub
800 1167 880 1216 orno
905 1155 938 1217 et
964 1147 1047 1235 piro,
1080 1149 1200 1219 deinde

57 1275 115 1341 per
130 1255 275 1326 eandem
292 1277 411 1342 aquam
430 1257 556 1327 Rctclra
571 1258 678 1327 tendit
703 1277 761 1343 per
793 1264 920 1344 partem
952 1256 1198 1327 meridionalem

61 1371 94 1431 et
108 1363 155 1430 ibi
172 1371 227 1434 est
241 1371 329 1433 meta
344 1369 451 1434 terrea
467 1369 527 1436 sub
544 1367 662 1435 arbore
671 1363 838 1450 gurtcnia,
854 1371 886 1432 et
895 1363 974 1433 inde
982 1361 1196 1452 progrediens

63 1491 119 1556 per
133 1472 277 1542 eandem
293 1471 384 1542 cadit
398 1475 432 1542 in
449 1493 566 1559 aquam
582 1471 734 1559 Ohmma,
751 1471 807 1540 nbi
824 1477 874 1540 eet
889 1478 978 1540 meta
1002 1477 1110 1540 terrea
1133 1475 1194 1542 sub

66 1578 184 1648 arbore
200 1579 299 1667 talla,
315 1588 348 1648 et
364 1581 480 1666 incipit
494 1589 605 1650 tenere
627 1587 730 1649 metas
753 1599 834 1647 ,cum
864 1579 977 1666 populi
1009 1578 1051 1646 de
1082 1579 1195 1668 Garig.

65 1685 138 1756 inde
154 1708 236 1756 vero
252 1707 313 1773 per
328 1686 505 1758 Chaoniam
522 1687 660 1756 tendens
675 1687 812 1755 inferius
827 1687 870 1754 ad
897 1686 1097 1756 decidentem
1123 1708 1194 1775 per·

64 1797 148 1863 venit
163 1795 211 1862 ad
229 1802 373 1884 pontem,
389 1797 444 1864 ubi
462 1803 512 1864 eet
528 1815 652 1880 magna
668 1795 733 1882 via,
750 1794 806 1860 nbi
822 1793 927 1860 eciam
944 1799 1020 1862 sunt
1035 1793 1097 1862 due
1108 1801 1193 1866 mete
1258 1883 1261 1890 y

66 1909 163 1970 terreo
178 1905 244 1972 snb
261 1903 444 1987 arboribus,
460 1921 596 1986 quarum
611 1922 677 1971 una
694 1901 776 1969 tulla
793 1901 908 1969 dicitur
926 1903 1077 1972 etaltera
1103 1903 1193 1974 reke-

68 2013 123 2098 cia,
140 2011 302 2098 iucipiens
319 2009 440 2078 ibidem
457 2017 568 2080 tenere
584 2015 688 2078 metas
704 2029 777 2077 cum
793 2010 955 2096 Episcopo
970 2009 1191 2094 Zagrabiecsi

68 2117 178 2186 deinde
195 2139 274 2188 vero
290 2119 428 2186 tendens
445 2139 502 2204 per
519 2119 655 2187 eandem
674 2137 794 2202 aquam
813 2115 954 2186 chasma
970 2121 1120 2204 pervenit
1144 2123 1188 2188 ad

69 2227 206 2294 arborem
222 2227 323 2314 pomi,
339 2227 399 2293 sub
416 2245 480 2310 qua
495 2235 546 2294 est
561 2234 650 2294 meta
665 2231 780 2313 terrea,
798 2224 874 2292 inde
892 2241 968 2291 vero
985 2225 1190 2309 protenditur

70 2333 107 2400 ud
121 2335 237 2422 locum,
254 2335 311 2402 ubi
329 2344 378 2402 est
395 2335 661 2420 aqua'Gburnuc,
679 2341 710 2402 et
728 2355 815 2418 aqua
832 2335 890 2401 illa
906 2331 1119 2418 progrediens
1136 2355 1189 2404 eu-

72 2444 171 2525 porius
187 2444 231 2512 ad
266 2445 373 2512 locum
397 2443 452 2510 nbi
485 2449 615 2529 propter
647 2443 883 2511 inundaciones
916 2460 1073 2526 aquarum
1105 2454 1192 2516 meta

72 2557 169 2617 terrea
183 2551 254 2620 lieri
271 2571 336 2618 non
353 2557 472 2637 potest,
489 2551 546 2618 sed
563 2559 612 2618 est
629 2551 724 2618 arbor
740 2569 837 2618 cruce
853 2551 997 2638 signata,
1015 2569 1079 2634 que
1094 2553 1191 2623 arbor

73 2656 143 2726 tntis
158 2659 288 2742 dicitnr,
304 2666 337 2725 et
352 2657 397 2724 ibi
414 2657 531 2744 incipit
546 2663 656 2727 tenere
672 2665 776 2725 metas
787 2677 858 2724 cum
870 2659 998 2744 populis
1010 2657 1189 2748 Obesmioe,

75 2765 190 2834 demum
207 2785 337 2852 qnoque
361 2767 454 2833 iuxta
482 2765 619 2834 candem
650 2786 769 2850 aquam
803 2763 954 2834 Ghurnuc
986 2769 1191 2853 progreditur

75 2873 212 2958 superius
228 2892 341 2942 uersus
357 2875 633 2959 septemtrionem,
650 2873 705 2940 ubi
722 2880 772 2941 est
789 2879 876 2941 meta
891 2879 998 2941 terrea
1014 2874 1075 2940 sub
1091 2877 1188 2965 ulmo,

78 2987 104 3045 et
116 2980 203 3049 iuxta
219 2981 357 3050 eandem
374 3001 494 3064 aquam
511 2981 615 3049 tendit
631 2981 674 3049 cd
692 2983 851 3068 arborem,
887 3001 949 3066 qne
965 2981 1082 3049 dicitur
1113 3005 1189 3071 gur·

77 3089 165 3172 mula,
181 3090 244 3157 sub
258 3094 390 3174 quaeat
405 3095 493 3157 meta
509 3096 624 3175 terrea,
638 3095 670 3157 et
686 3089 731 3155 ibi
747 3088 862 3174 incipit
878 3097 981 3156 metas
995 3094 1106 3158 tenere
1116 3112 1187 3160 cnm

80 3196 223 3280 dyonisio
239 3195 340 3265 Bano.
365 3195 493 3265 Deinde
509 3217 585 3266 uero
603 3195 736 3266 vertitur
751 3196 794 3263 ad
811 3197 966 3265 orientem
983 3199 1188 3281 pereandem

79 3323 182 3387 conam
197 3301 360 3388 Obnrnuc,
392 3305 433 3374 de
450 3326 514 3392 qna
530 3306 634 3374 tendit
650 3325 753 3390 usquo
770 3305 812 3374 ad
827 3324 947 3389 aquam
976 3303 1115 3394 Musica,
1148 3308 1189 3378 de

81 3430 134 3492 qna
148 3413 247 3482 eciam
270 3414 437 3508 transiens
452 3413 599 3501 pervenit
615 3412 658 3482 ad
675 3433 824 3499 eampum
841 3413 897 3480 ubi
913 3417 962 3481 est
979 3416 1064 3480 meta
1082 3421 1189 3483 terrea

81 3523 130 3588 sub
143 3521 254 3592 arbore
271 3521 433 3609 gnrtania,
450 3520 528 3589 inde
543 3541 619 3589 vero
636 3520 742 3589 tendit
757 3539 869 3589 versus
887 3519 1053 3590 meridiem
1070 3521 1113 3588 ad
1123 3543 1188 3593 ma·

81 3643 164 3708 gnam
178 3629 276 3715 dam,
308 3649 373 3715 que
388 3627 479 3698 vadit
495 3647 553 3715 per
570 3637 673 3698 metas
688 3635 813 3698 terreas
829 3647 942 3697 verens
958 3628 1116 3696 orientem
1144 3633 1187 3699 ad

82 3739 135 3803 tres
149 3738 258 3824 tyliaa,
274 3739 336 3806 sub
351 3737 469 3822 quibus
486 3745 563 3806 sunt
580 3741 662 3804 mete
678 3743 793 3824 terres,
811 3745 843 3804 et
866 3735 910 3804 ibi
936 3735 1050 3822 incipit
1075 3743 1187 3808 tenere

83 3852 171 3914 metm
185 3848 250 3915 filio
267 3844 406 3914 Woinch
422 3845 513 3930 Beni,
531 3851 563 3912 et
579 3846 622 3914 de
638 3844 712 3930 ipsa
727 3847 782 3912 via
792 3843 883 3912 vadit
896 3863 1007 3912 versus
1017 3843 1186 3914 meridiem

84 3947 117 4014 ad
129 3970 278 4041 campum,
295 3952 351 4022 nbi
367 3960 444 4021 sunt
460 3953 523 4020 due
540 3959 624 4022 mete
640 3961 755 4038 terreo,
772 3959 805 4020 et
820 3951 862 4020 de
877 3950 945 4019 illis
955 3949 1081 4018 duabus
1093 3953 1187 4022 metis

85 4062 265 4138 pervenitad
282 4069 381 4148 capnt
398 4061 547 4146 Ribinac,
566 4061 690 4129 scilicet
705 4057 748 4128 ad
764 4059 904 4146 priorem
921 4067 1052 4146 metam,
1069 4065 1184 4128 tenens

31 4175 33 4226 ζ
85 4181 141 4231 cnm
153 4170 291 4253 predicto
306 4169 375 4236 filio
391 4169 539 4256 Woincb,
557 4171 668 4256 ibique
683 4169 885 4237 terminatur.
910 4163 953 4232 Ut
970 4165 1072 4251 igitur
1089 4167 1149 4235 hec
1166 4189 1186 4238 a

86 4270 163 4342 uobis
175 4275 259 4348 iacta
274 4275 414 4344 donacio
431 4279 529 4344 robur
544 4285 734 4364 perpetuum
746 4274 902 4360 obtineat,
917 4277 1100 4360 presentem
1111 4294 1186 4344 ccu-

88 4380 216 4452 emimus
232 4385 388 4471 paginam
404 4390 571 4452 caractere
587 4384 676 4452 balle
692 4389 802 4450 nostre
819 4399 917 4449 auree
945 4380 1185 4449 communitam.

89 4479 185 4554 Datum
199 4511 253 4577 por
270 4512 387 4562 manus
402 4491 514 4560 dilecti
530 4499 563 4559 et
579 4491 686 4560 tidelis
705 4489 806 4560 naabi
830 4485 980 4573 Magistri
1006 4485 1185 4576 Benedicti,

90 4585 240 4667 berereudi
256 4598 502 4694 archiepiscopi
519 4597 709 4668 colocensis
726 4603 758 4670 et
768 4597 853 4668 Aule
863 4605 971 4666 nostre
981 4596 1187 4688 Cancellarii.

1016 4704 1078 4781 22*
