3208 5158
749 275 910 375 Q

266 503 332 565 tnm
350 493 383 564 iu
399 495 507 583 Seleu,
524 491 639 580 quinta
654 489 737 560 teria
752 490 903 582 proxima
918 494 994 578 post
1008 485 1208 558 dominicam
1224 485 1400 558 Inuocarit

267 625 355 673 anno
370 601 503 674 Domini
518 599 711 670 MCOLXX.

388 801 549 870 (Timetos,
567 803 691 855 Menum.
709 801 775 854 hist.
793 801 887 866 Epico.
906 798 1026 868 zagrab.
1046 798 1069 852 L
1088 797 1148 850 ket
1170 796 1230 850 149.
1248 797 1280 866 l)

801 1715 878 1786 446.

272 1921 304 1990 A
329 1923 430 1990 dodoi
461 1918 683 2010 topatuuuat
712 1915 986 2006 bizocyrdpleoeie,
1017 1920 1099 2004 boyy
1130 1916 1401 1983 Murtoaodoriroi

272 2031 517 2122 Getpelyseiood
532 2029 675 2096 tir-rotor
689 2052 711 2094 a
728 2025 780 2094 Sa.
798 2027 915 2094 Mdrio
931 2028 1067 2114 acigetdu
1082 2027 1151 2094 leod
1160 2024 1400 2115 apdcaozdrdci·

592 2137 659 2204 aab
675 2141 964 2224 bopyomdayozto.
991 2137 1088 2202 1270.

381 2333 589 2512 OmnibusAiu
606 2332 807 2525 Obristd3pie
823 2331 1011 2507 uiueridibus
1027 2333 1213 2526 Cupidnlrrm
1237 2409 1400 2508 Budensis

273 2552 422 2623 Ecclesie
437 2553 578 2622 salutem
596 2550 630 2618 in
646 2547 787 2619 Domino
803 2548 1047 2636 sempitemcm.
1064 2545 1280 2616 Vniuersitati
1292 2552 1401 2616 uestro

272 2669 384 2730 tenore
401 2659 603 2748 presencium
619 2657 772 2727 duximus
789 2655 1033 2742 declarandum,
1059 2654 1147 2741 quod
1164 2655 1296 2741 quidam
1322 2656 1402 2726 Gre-

275 2770 387 2856 gorius
403 2764 531 2836 nomins
547 2767 589 2834 de
604 2765 686 2834 villa
700 2766 950 2833 Mortunrasara
976 2763 1012 2830 in
1042 2769 1156 2831 nostra
1188 2763 1403 2849 personaliter

274 2879 469 2947 constitutus
486 2874 669 2962 presencia,
687 2873 854 2942 consessus
870 2879 938 2958 est3
965 2871 1051 2958 quod
1066 2873 1297 2959 possessiones
1313 2893 1403 2958 suas,

273 2983 424 3053 videlicet
437 2989 541 3052 totam
556 2989 676 3051 terram
692 2999 785 3050 susm
801 2977 951 3048 'l'bordos
967 2986 1118 3048 uocatum
1135 2980 1231 3051 metis
1247 2987 1280 3050 et
1295 2981 1402 3066 signis

275 3091 529 3178 circumquaque
544 3089 744 3176 distinctam,
769 3093 801 3157 ct
815 3087 928 3156 cineus
943 3107 1031 3169 snas,
1048 3107 1088 3156 ac
1104 3088 1213 3159 omnia
1228 3091 1316 3160 bona
1341 3111 1405 3158 una

273 3199 407 3267 mobilia
422 3203 455 3266 et
470 3195 659 3281 immobilia,
675 3195 842 3282 inquibus
859 3194 1020 3264 neminem
1038 3201 1252 3282 cognatorum
1269 3217 1402 3267 snorum

273 3305 398 3391 aliquid
414 3304 494 3374 iuris
511 3302 590 3370 dicit
606 3304 739 3391 habore,
770 3303 937 3372 sororibus
954 3304 994 3370 de
1009 3302 1123 3372 Insula
1146 3303 1269 3374 Sancte
1299 3305 1405 3372 Marte

275 3433 337 3500 pro
354 3413 497 3481 remedio
514 3411 621 3480 anime
636 3431 705 3499 sue,
723 3430 760 3478 eo
777 3413 862 3495 quod
878 3409 1032 3481 heredum
1048 3417 1174 3481 careret
1189 3413 1406 3500 successione,

274 3519 407 3604 reliquit
422 3527 455 3587 et
470 3518 593 3586 dimisit
607 3518 817 3605 perhenniter
831 3517 1038 3605 possidenda
1076 3522 1128 3591 Ita
1160 3528 1283 3610 tamen,
1315 3522 1407 3607 quod

281 3627 434 3714 quamdiu
449 3627 536 3695 idem
553 3627 733 3714 Gregorius
751 3636 783 3696 et
799 3647 879 3698 vxor
894 3649 955 3697 sua
969 3628 1124 3719 vixerint,
1156 3631 1198 3700 de
1223 3631 1406 3700 redditibus

274 3736 421 3822 ipsarum
436 3755 569 3803 suarum
584 3742 714 3804 utentur
730 3741 762 3804 et
778 3735 922 3806 fruentur
937 3759 997 3826 pro
1013 3735 1148 3807 arbitrio
1164 3759 1223 3808 sue
1253 3741 1406 3809 nolunta-

275 3843 339 3927 tis;
362 3849 395 3910 et
410 3844 439 3911 si
455 3844 594 3911 alterum
613 3863 721 3912 eorum
739 3845 820 3913 mori
836 3846 1018 3936 contingat,
1048 3847 1133 3915 alter
1149 3847 1205 3934 qui
1236 3853 1407 3934 superstes

277 3950 387 4036 fuerit,
403 3949 518 4019 eodem
535 3950 630 4018 modo
646 3949 687 4018 de
702 3952 882 4021 redditibus
891 3954 1036 4040 ipsarum
1048 3955 1291 4042 possessionum
1302 3975 1408 4041 usque

275 4055 319 4123 ad
336 4063 482 4142 tempora
497 4058 563 4126 vite
578 4077 638 4126 sue
655 4058 858 4146 perfruetur;
884 4061 911 4129 si
943 4083 1021 4130 uero
1053 4062 1163 4150 ipsum
1194 4063 1406 4149 superstitem

275 4162 356 4228 mori
371 4163 550 4254 contingat,
584 4172 761 4234 memorate
775 4169 1002 4253 possessiones
1018 4171 1053 4237 in
1079 4171 1131 4238 ius
1163 4175 1197 4238 et
1229 4171 1406 4240 dominium

276 4265 437 4334 dictarum
454 4291 609 4357 sororum,
624 4274 708 4344 sicut
723 4277 936 4362 prediximus,
966 4277 1181 4348 deuoluentur
1206 4282 1305 4365 pleno
1335 4283 1410 4350 iure

276 4375 483 4455 possidendo.
521 4381 560 4446 Iu
578 4381 668 4448 ouius
684 4383 731 4450 rei
745 4386 935 4452 memoriam
953 4386 1078 4471 prefato
1096 4387 1258 4474 Gregorio
1283 4388 1410 4458 instan-

275 4483 325 4541 ter
340 4485 471 4561 petente
486 4483 614 4554 litteras
631 4493 802 4572 presentes
818 4493 1038 4562 concessimus
1055 4493 1159 4580 sigilli
1175 4495 1281 4563 nostri
1306 4495 1410 4564 muni·

275 4580 362 4648 mine
378 4585 558 4656 roboratas.
596 4593 716 4660 Datum
733 4614 793 4679 per
808 4617 924 4666 manus
941 4599 1094 4687 Magistri
1110 4603 1273 4691 Ambrosij
1299 4603 1408 4674 Scola-
