3080 5146
807 327 967 438 Q

325 525 421 601 trium
437 535 617 602 aratrorum
633 525 770 618 predicti
782 531 979 620 jobegiones
994 529 1100 603 castri
1116 529 1324 606 Posouiensis
1341 539 1374 606 et
1397 553 1442 605 ce·

324 648 467 712 strensss
484 639 638 710 antedicti
653 639 782 709 nomino
813 641 916 730 ipsius
948 643 1054 712 castri
1086 645 1287 734 repetebant,
1319 645 1441 731 questio

324 757 522 836 uerteretur,
545 749 677 818 tandem
694 770 752 818 nos
768 749 990 820 commisimus
1006 751 1157 820 fidelibus
1182 755 1312 838 nostris,
1337 753 1444 822 videli-

325 865 378 927 cet
392 857 566 926 Vincencio
582 857 762 926 venerabili
780 859 863 942 patri
890 859 1052 946 Episcopo
1083 859 1253 948 Nitriensi,
1285 869 1319 929 ct
1353 861 1446 929 Paulo

325 967 493 1053 Prepcsito
511 965 712 1050 Posonisnsi,
728 971 763 1032 ut
779 985 876 1052 super
892 965 980 1034 iacto
996 967 1083 1034 dieto
1098 975 1185 1036 terre
1200 967 1358 1036 Karacba
1382 969 1445 1034 dili·

325 1073 460 1158 gcneius
475 1073 674 1160 inquirerent
692 1074 871 1159 ueritatem,
889 1080 995 1142 utrum
1014 1073 1103 1142 dicte
1119 1083 1208 1143 terra
1224 1078 1322 1144 trium
1334 1083 1446 1143 aratro

326 1201 395 1250 rum
414 1189 498 1250 esset
514 1188 603 1249 terra
618 1181 724 1251 Casiri
740 1181 949 1250 Posonisnsis
964 1183 1018 1250 uei
1034 1190 1123 1251 terra
1148 1181 1284 1250 Comitis
1318 1185 1445 1269 Remyg,

327 1289 486 1375 quisnam
503 1309 576 1358 esse
591 1289 823 1358 bereditarium
840 1289 1018 1358 asserebat.
1056 1289 1200 1358 Predieti
1232 1310 1311 1358 uero
1344 1289 1446 1356 fideles

327 1397 428 1465 nostri
445 1397 537 1465 nobis
554 1397 588 1464 in
604 1399 671 1466 suis
688 1397 804 1465 litteris
820 1397 1020 1484 intimarunt,
1038 1395 1127 1481 quod
1145 1397 1234 1465 dictu
1249 1403 1337 1464 terra
1352 1397 1447 1464 Karn·

328 1503 390 1574 uba
406 1505 530 1590 Remyg
548 1505 679 1572 Comitis
695 1507 871 1592 prenotati,
888 1513 985 1590 prout
1000 1507 1074 1572 uisu
1105 1511 1280 1592 potuerunt
1311 1501 1447 1574 conside·

328 1631 413 1698 rare,
430 1633 502 1679 cum
519 1612 691 1699 paludibus
708 1621 741 1680 et
758 1620 844 1680 terra
860 1612 1015 1695 frugifera
1032 1619 1101 1680 erat
1116 1613 1283 1680 sufficiens
1298 1614 1387 1698 usui,
1397 1630 1448 1678 sex

328 1727 519 1808 aratrorum,
538 1721 633 1788 certis
650 1721 794 1805 undique
825 1719 920 1788 metis
952 1727 984 1788 et
1015 1719 1159 1806 antiquis
1189 1721 1392 1787 circumdata
1420 1723 1447 1784 et

329 1827 503 1911 distincta;
527 1829 604 1894 dicti
622 1849 699 1896 nero
712 1827 907 1914 jobagiones
922 1833 954 1894 et
970 1836 1152 1895 castrenses
1178 1825 1292 1894 Casiri
1324 1825 1448 1894 Poscni·

331 1938 420 2006 ensis
434 1937 526 2004 nulla
541 1939 636 2022 signa
653 1957 711 2004 sen
728 1943 831 2004 metus
847 1936 1021 2005 ostendere
1031 1941 1214 2023 potueruut,
1231 1957 1363 2022 perque
1373 1933 1449 2000 inire
1519 1963 1520 1968 τ

331 2043 435 2130 girum
452 2044 656 2131 antiquarum
672 2051 829 2112 metarum
848 2051 998 2111 constare
1014 2051 1125 2130 posset
1141 2043 1250 2112 iacere
1266 2049 1388 2110 terram
1403 2061 1448 2108 uc·

330 2153 522 2221 rissimiiiter
536 2154 689 2221 alienam.
713 2152 781 2219 Nos
798 2151 910 2239 igitur,
927 2153 981 2235 qui
998 2151 1154 2220 debemus
1170 2153 1318 2237 singulos
1337 2152 1371 2217 in
1396 2167 1450 2216 sua

331 2259 459 2328 iusticia
475 2263 658 2348 confouere,
674 2260 853 2348 predictam
869 2265 991 2328 terram
1008 2259 1162 2327 Karacba
1178 2259 1238 2327 sub
1255 2257 1380 2326 eisdem
1396 2263 1449 2323 ter-

332 2366 428 2436 minis
444 2375 476 2436 et
491 2367 584 2436 metis
601 2369 726 2454 Remyg
741 2366 860 2434 Oomiti
876 2373 1055 2456 prenotato,
1087 2368 1205 2451 quibus
1221 2367 1380 2434 hactenus
1411 2371 1450 2430 tu·

335 2477 417 2564 nuit,
443 2475 630 2560 reliquimus
658 2473 792 2562 pacifice
817 2475 1062 2562 possidendam,
1094 2475 1129 2542 in
1147 2476 1303 2561 ipsinsR.
1320 2472 1450 2543 Comitis

332 2601 616 2668 successorumque
631 2601 760 2650 suornm
778 2587 941 2668 potestate
957 2589 1113 2669 perpetuo
1139 2583 1348 2664 duraturam3
1368 2581 1452 2668 jobo·

334 2688 485 2771 gionibus
501 2697 534 2758 et
550 2690 772 2757 castrensibus
789 2689 896 2758 Casiri
915 2689 1123 2757 Posoniensis
1140 2709 1236 2775 super
1268 2690 1344 2776 ipsa
1375 2693 1453 2752 terra

333 2803 524 2881 perpetuum
539 2797 707 2864 silencium
724 2796 928 2884 inponentes.
969 2798 1052 2864 dieto
1068 2804 1176 2865 autem
1194 2793 1341 2883 predicte
1366 2802 1453 2872 terre,

332 2903 415 2970 sicut
429 2904 566 2990 predicti
582 2904 620 2972 V.
637 2901 816 2992 Episcopus
831 2905 1005 2972 Nitriensis
1037 2911 1069 2972 et
1102 2906 1137 2970 P.
1154 2904 1343 2991 Prepesitus
1366 2904 1452 2968 Poso-

333 3011 454 3078 niensis
471 3011 503 3077 in
520 3011 589 3079 suis
604 3012 721 3080 litteris
738 3011 939 3092 intimarunt,
956 3011 1065 3078 taliter
1081 3011 1314 3098 distinguntur.
1349 3009 1452 3075 Prima

332 3125 418 3186 meta
433 3117 547 3204 incipir
563 3139 584 3185 a
599 3119 824 3206 Mogortciuk;
841 3129 872 3186 ct
890 3119 967 3186 inde
983 3119 1180 3206 protendens
1198 3119 1291 3186 uadit
1307 3118 1351 3184 ad
1362 3112 1454 3201 quod·

332 3227 408 3294 dum
425 3223 543 3294 uarium
562 3227 706 3312 predicte
720 3227 859 3314 paludis,
876 3226 962 3310 quod
979 3227 1096 3294 dicitnr
1112 3226 1285 3312 iucnnuim,
1302 3235 1335 3292 et
1352 3225 1396 3292 ibi
1410 3229 1454 3289 cst

332 3343 418 3400 meta
435 3331 613 3401 cummunis
629 3353 703 3400 oum
720 3333 799 3398 vilia
815 3331 939 3413 Oboni5
963 3340 994 3399 et
1026 3333 1104 3400 indo
1136 3333 1337 3418 protendens
1367 3332 1453 3398 iuxta

332 3445 464 3510 Kanacr
481 3461 595 3508 uersus
611 3441 765 3508 orientem
782 3442 869 3508 iusto
885 3439 1106 3508 itiner-euenit
1121 3442 1166 3508 ad
1182 3442 1288 3508 locum
1305 3441 1362 3524 qui
1381 3435 1453 3502 diui·

331 3557 382 3616 tur
399 3549 554 3634 Lopusor,
573 3556 604 3616 et
620 3548 667 3616 ibi
684 3555 770 3615 terra
800 3548 926 3636 Remyg
954 3549 1089 3617 Comitis
1121 3559 1293 3634 separatur
1323 3569 1346 3614 a
1376 3555 1454 3614 terra

332 3657 440 3724 Obuni
455 3663 580 3740 septem
599 3655 713 3742 metis3
737 3665 769 3723 et
784 3657 877 3723 iuxta
893 3655 1028 3723 eandem
1047 3658 1196 3742 Lepuser
1211 3655 1380 3722 descendit
1391 3671 1452 3720 uer·

331 3783 386 3830 sus
403 3762 567 3829 meridiem
583 3763 626 3830 ad
642 3763 805 3846 quandam
822 3769 952 3850 metam,
970 3783 1033 3848 que
1049 3769 1098 3830 est
1114 3763 1295 3830 communis
1311 3761 1452 3829 eiusdem

333 3873 459 3958 ltemyg
475 3870 611 3938 Comitis
626 3891 697 3938 cum
714 3870 864 3956 cognatis
881 3871 950 3938 suis
965 3894 973 3952 ;
996 3875 1027 3938 et
1043 3871 1119 3938 inde
1136 3871 1226 3939 uenit
1242 3870 1283 3936 ad
1314 3871 1455 3938 occiden-

333 3987 396 4046 tem
414 3999 516 4064 usque
531 3979 573 4046 ad
589 3979 686 4046 aliam
703 3985 820 4046 metam
839 3979 871 4046 in
890 3983 1001 4065 spacio
1018 3999 1075 4047 sex
1094 3982 1251 4068 iugerum,
1267 3979 1322 4046 ubi
1339 3985 1454 4046 conter-

333 4088 473 4154 minatur
489 4093 574 4155 torre
590 4089 631 4155 de
647 4087 727 4154 uilla
743 4087 906 4174 Karaeha,
941 4107 1005 4170 que
1036 4096 1087 4156 est
1118 4088 1248 4175 Egcrub
1275 4087 1457 4173 jobagiunis

333 4193 456 4282 (tastri3
484 4203 516 4262 ct
532 4195 609 4262 inde
625 4197 787 4266 tendendo
804 4217 861 4281 ρετ
877 4203 1016 4282 quatuor
1042 4205 1147 4265 metas
1172 4197 1256 4267 redit
1271 4195 1314 4262 ad
1331 4203 1457 4273 metam,

335 4305 389 4370 ubi
407 4303 521 4390 incipit
538 4305 799 4372 conterminaiem
817 4303 939 4371 habere
954 4303 1180 4396 generauicnis
1212 4325 1287 4384 sue;
1312 4309 1345 4370 et
1377 4301 1456 4369 inira

334 4410 394 4478 hcc
410 4412 519 4478 omnia
535 4432 593 4498 per
608 4417 709 4480 totum
724 4413 828 4498 girum
846 4417 921 4480 suni
937 4409 1078 4480 sedecim
1095 4421 1191 4500 metr,
1204 4413 1280 4497 quia
1297 4421 1456 4480 unameta

335 4519 378 4584 ab
394 4519 461 4584 alia
477 4520 576 4587 uuida
591 4519 716 4586 medico
733 4518 832 4586 distat
863 4518 986 4603 spacio.
1025 4521 1176 4588 Pretareu
1206 4537 1309 4605 ρτορε
1341 4529 1456 4589 terram

337 4626 556 4716 supradictam
575 4626 738 4714 predictus
753 4629 932 4712 Iienrygius
950 4629 1065 4695 Connus
1082 4628 1180 4696 babet
1196 4627 1363 4712 quoddam
1390 4645 1457 4714 pra·
