3150 5162
803 309 959 408 ..Ei-4...

318 527 388 574 mus
404 504 598 589 generalem,
617 503 651 568 in
670 499 784 568 eadem
809 501 1069 586 congregacione
1101 509 1214 570 nostra
1244 503 1450 572 Laurenoius

318 615 402 683 filius
420 614 505 680 Petri
522 613 563 679 de
580 613 684 696 Bora,
716 619 747 678 et
762 609 928 677 Johauues
961 611 1046 678 filius
1070 612 1200 680 Nicolai
1231 613 1287 698 fiiij
1318 610 1451 680 Joanas

317 723 418 790 irater
434 721 578 788 eiusdem
595 720 750 804 patruelis
770 759 807 769 -
828 755 871 766 -
890 716 1015 807 (Paeha
1040 725 1124 786 nevit
1151 721 1298 787 birtokra
1329 718 1448 802 uezve)

319 871 358 880 -
377 867 421 879 -
437 848 532 912 quam
550 846 635 894 nuno
651 825 836 913 Stephanus
868 827 908 892 de
940 827 1050 894 Paoha
1080 827 1224 896 indebite
1254 826 1448 911 oeoupando

202 983 203 988 κ
317 943 525 1004 eonsernaret
540 971 581 984 —-
602 971 643 982 -
660 959 724 1016 -;
746 933 903 1018 quasdam
921 935 1048 1001 litteras
1065 935 1292 1020 priuilegialea
1318 933 1451 1002 domini

316 1043 473 1130 Stephani
492 1045 578 1128 olym
595 1041 676 1108 Bele
691 1041 791 1124 Regis
808 1041 1023 1126 primogeniti,
1048 1041 1150 1108 Dueis
1166 1041 1399 1108 Transsiluani
1415 1049 1450 1106 et

316 1151 434 1237 Styrie,
451 1171 491 1217 ae
508 1148 629 1217 domini
654 1149 867 1216 comanorum
898 1150 932 1216 in
965 1171 1052 1216 anuo
1081 1151 1214 1218 Domini
1245 1147 1450 1215 M⁰CO⁰LX⁰

318 1264 486 1326 emanatas
503 1255 715 1343 presentauit,
747 1258 832 1323 iuter
847 1263 958 1324 oetera
973 1255 1204 1342 exprimentes,
1235 1255 1322 1341 qnod
1353 1256 1451 1322 idem

317 1367 466 1434 dominns
482 1364 667 1452 Stephanus
683 1363 757 1431 Dux
772 1363 972 1449 Stephanum
989 1372 1022 1432 et
1038 1366 1133 1431 Maris
1147 1366 1232 1432 filios
1265 1365 1323 1430 Ine
1350 1363 1450 1446 joba·

316 1475 430 1559 gioues
446 1473 552 1544 Castri
568 1473 774 1542 Zaiadiensis
791 1481 922 1560 propter
939 1475 1138 1560 multiplicia
1149 1475 1362 1542 seruieiorum
1379 1495 1450 1539 me-

316 1585 379 1650 rita
393 1583 566 1652 eorundem
583 1583 617 1649 in
633 1591 806 1668 conspeetu
823 1585 987 1650 oculorum
1005 1583 1070 1650 Sue
1095 1584 1230 1650 Dnoalis
1261 1582 1450 1649 Maiestatis

318 1693 547 1776 impensorum,
572 1711 643 1757 oum
659 1692 745 1758 Jona
775 1711 815 1756 ao
846 1691 969 1776 Vydus,
1001 1691 1148 1773 oognatis
1179 1711 1220 1758 ae
1251 1689 1450 1776 propinquis

317 1796 492 1864 eorundem
509 1818 530 1862 a
540 1797 757 1880 jobagiouatu
775 1795 882 1863 Casiri
898 1797 1102 1864 Zaiadieusis
1119 1798 1215 1864 simul
1247 1817 1320 1864 eum
1345 1797 1448 1863 terris

317 1905 395 1992 suis,
412 1923 494 1987 quas
510 1905 580 1970 siue
597 1903 778 1988 preiudioio
796 1904 875 1970 iuris
893 1905 990 1970 alieni
1007 1905 1241 1992 possedissent,
1257 1905 1446 1990 eximendo,

317 2013 350 2080 in
367 2033 534 2080 numerum
552 2021 583 2080 et
599 2020 704 2078 cetum
721 2011 879 2078 nobilium
895 2016 1110 2082 seruieneium
1135 2014 1307 2097 Regalium
1334 2013 1448 2080 duxis-

317 2130 367 2190 set
383 2119 644 2206 transferendum
670 2121 882 2209 committeus,
899 2130 935 2187 ut
950 2129 1016 2188 tam
1032 2123 1106 2207 ipsi,
1124 2144 1221 2207 quam
1247 2143 1358 2190 eornm
1393 2120 1448 2185 he·

317 2231 419 2315 redes,
438 2229 639 2297 etheredum
655 2249 784 2296 suornm
800 2247 1005 2297 sueoessores
1022 2251 1062 2297 ea
1086 2230 1249 2314 gaudeant
1281 2231 1449 2314 libertate,

317 2357 382 2422 qua
398 2344 430 2404 et
446 2339 543 2404 eeteri
559 2337 664 2419 Regni
679 2339 730 2404 sni
747 2338 875 2404 nobiles
892 2339 1071 2405 seruientes
1085 2339 1226 2422 Regales
1240 2337 1447 2404 dinosceren-

318 2455 368 2512 tur
383 2445 561 2534 gratulari3
589 2453 706 2512 terram
724 2466 834 2513 eorum
850 2467 907 2532 per
924 2447 1127 2514 Gothardum
1144 2448 1184 2513 de
1199 2445 1315 2531 Ohoby
1341 2443 1449 2510 homi·

207 2583 218 2595 ’
316 2574 390 2618 nem
408 2573 499 2618 suum
516 2555 575 2620 sub
592 2553 776 2619 testimonio
794 2551 974 2620 Comitatus
990 2551 1195 2621 Zaiadieusis
1227 2553 1271 2618 ab
1303 2552 1446 2618 aliorum

316 2659 411 2727 terris
428 2665 585 2726 metarum
603 2657 688 2746 (igy)
704 2661 737 2726 in
755 2659 867 2726 eodem
886 2661 1060 2746 priuilegio
1071 2681 1296 2746 expressarum
1308 2659 1447 2727 distine-

317 2765 462 2834 oionibns
479 2767 664 2852 separando
681 2768 742 2833 stb.
759 2768 819 2832 atb.
852 2767 970 2831 Datum
988 2770 1126 2852 septimo
1143 2767 1197 2834 die
1212 2769 1447 2852 congregacio·

297 2875 368 2940 'nis
384 2872 529 2958 prediete
545 2895 630 2940 anuo
646 2873 777 2940 Domini
795 2873 967 2944 miilesimo
983 2879 1209 2944 tercentesimo
1241 2876 1446 2960 quinquage-

315 2982 396 3050 simo
412 2986 535 3066 quarto.

437 3179 578 3242 (Eredstie
590 3182 765 3252 borhtrtytn
787 3182 901 3234 abnuat
914 3183 967 3236 kir.
987 3181 1114 3234 kamarai
1127 3181 1321 3247 lertlttrban.)
