3080 5146
576 371 737 481 ffl-
824 375 827 380 ,

93 591 150 642 nee
167 584 240 646 erat
255 578 297 646 rie
312 575 381 644 inre
398 577 515 660 Castri,
532 577 590 645 sed
607 580 754 665 ipsorum
769 584 829 663 est,
845 584 878 644 et
893 596 1021 662 semper
1046 577 1108 644 snit
1133 584 1219 646 terra

91 682 299 772 hereditaria,
317 685 360 751 ab
375 685 457 769 ipsis
474 691 632 752 eteorum
649 684 911 772 progenitoribus
927 683 971 749 ab
988 684 1131 770 antiquis
1146 706 1221 771 pos-

94 810 185 861 sesse
202 791 337 878 paeifiee
353 799 387 858 et
402 793 520 875 quiete.
545 791 614 858 Nos
631 793 731 876 igitur
746 792 967 877 attendentes,
994 791 1081 875 quod
1107 793 1222 860 Comes

94 898 290 982 Heluorum,
309 897 466 965 eoniudex
483 906 602 982 noster,
618 889 775 966 iratribus
792 897 871 986 suis,
888 895 1012 965 eisdem
1027 898 1113 965 tilius
1140 903 1220 985 (lgy)

91 1003 144 1072 Osl
161 1006 348 1092 assistebat,
368 1005 422 1090 qui
440 1007 568 1090 plenius
585 1008 758 1074 ueritatem
775 1007 898 1073 sciebat
915 1005 968 1074 nel
985 1005 1069 1075 seire
1085 1013 1221 1094 poteret,

93 1118 196 1178 strum
212 1111 286 1198 ipse
301 1120 390 1180 terre
406 1113 449 1180 sit
465 1111 505 1180 de
521 1115 590 1180 iure
608 1114 722 1200 (lustri,
749 1133 793 1180 an
824 1112 867 1179 ad
898 1113 1061 1200 predictos
1093 1116 1219 1184 nobiles

92 1217 273 1304 pertineet;
298 1219 387 1287 dieto
404 1221 519 1288 Cerniti
536 1221 715 1307 Herbord0‚
742 1222 885 1304 Geergio
901 1221 969 1288 lilio
986 1221 1145 1309 ilenrieij,
1178 1243 1218 1290 ae

93 1333 268 1392 memorato
285 1325 410 1396 Jeeobo
427 1327 688 1397 adiudieauimus
719 1329 944 1396 iuramentum.
983 1328 1047 1408 Qui
1078 1329 1216 1396 termino

95 1434 153 1502 sibi
169 1434 348 1522 assignato,
366 1436 518 1504 uidelicet
534 1437 566 1502 in
584 1443 701 1505 oetsuo
732 1436 827 1503 Beati
859 1436 961 1502 Merui
993 1437 1215 1524 Evangeliste,

94 1561 161 1608 enm
201 1559 346 1610 essemus
371 1542 458 1629 apud
488 1545 723 1611 monesterium
754 1545 796 1609 de
826 1543 893 1609 Jak
919 1543 952 1610 in
969 1544 1218 1612 consecracione

93 1647 192 1733 ipsius
211 1649 402 1735 Monesterij
420 1651 631 1738 prestiterunt
647 1645 906 1734 saereme'ntum3
921 1657 1116 1736 asserentes,
1133 1649 1219 1736 qued

94 1755 174 1824 dieta
190 1765 278 1824 terre
294 1757 337 1825 sit
352 1765 384 1824 et
401 1779 527 1844 semper
551 1759 648 1827 fuerit
663 1759 880 1851 predictorum
895 1758 1052 1826 nobilium
1079 1757 1218 1826 filiorum

94 1859 146 1931 Osi
159 1865 370 1932 hereditarie.
409 1866 504 1933 Vnde
535 1889 595 1936 nos
627 1867 823 1952 supradietis
853 1865 1077 1952 iobegionibus
1109 1865 1216 1935 castri

94 1969 256 2039 sileneium
283 1971 485 2058 imponentes
510 1976 545 2040 in
569 1973 633 2041 hae
657 1982 760 2062 perte,
777 1993 854 2060 sepe
871 1972 991 2041 dietum
1016 1980 1134 2042 terram
1150 1973 1216 2040 ium

98 2075 187 2146 dietis
212 2077 387 2175 nobilibusz
418 2079 500 2146 sicut
530 2081 573 2146 ab
605 2081 739 2165 antiqno
772 2079 994 2166 possederant,
1026 2081 1216 2163 reliquimus

96 2191 245 2271 perpetue
259 2185 492 2272 possidendam
509 2187 643 2272 paeifiee
660 2209 699 2255 ee
715 2189 833 2271 quiete.
857 2189 894 2253 In
925 2187 1017 2254 euius
1048 2187 1096 2253 rei
1127 2187 1216 2254 testi·
1325 2174 1332 2184 '

95 2293 229 2360 nonium
260 2300 425 2378 presentes
456 2296 583 2362 litteras
614 2296 833 2364 eoneessimns
865 2295 1046 2379 sigillorum
1087 2301 1211 2361 nestro·

95 2419 159 2466 rum
173 2401 350 2470 munimine
367 2402 553 2488 roboratum
572 2425 657 2471 anno
673 2403 804 2471 Domini
820 2403 939 2470 ΜΟΟΟ0
950 2403 1214 2488 quinquagesimo

97 2514 192 2575 sexto.

99 2705 144 2766 (ΑΖ
162 2707 266 2760 eredeti
285 2708 355 2760 ntbn
373 2707 456 2760 nehel
474 2708 551 2761 Rern
570 2708 677 2775 Keroly
696 2709 877 2775 lrlizlemenye
898 2725 915 2762 e
933 2710 1022 2776 Gyttri
1042 2707 1214 2762 Tbrtenelrni

329 2798 358 2849 ee
369 2798 514 2864 Regeszeti
532 2799 653 2851 Fi'uzetek
671 2800 800 2850 111.ket.
821 2805 880 2850 299.
904 2801 970 2865 lap.)

615 3621 689 3692 300.

102 3809 127 3878 A
142 3817 233 3885 berlai
247 3821 410 3908 lrclptalars
426 3821 500 3887 eluet
515 3821 617 3888 Narra
634 3823 738 3888 Sosad
745 3821 892 3908 fetuleli
907 3819 1098 3889 seabadeeclt
1108 3819 1213 3887 Berki

134 3950 138 3961 ·
411 3926 647 4014 Obornflat'rmlr
664 3931 784 4017 eledja.
801 3931 898 3997 1256.

103 4119 134 4180 (A
151 4123 212 4188 grbi
227 4127 315 4194 Zielry
334 4127 428 4180 esultrl
447 4127 639 4194 Okmenytrire
657 4131 679 4180 1.
698 4131 757 4180 istit.
779 4131 818 4180 li.
839 4129 893 4193 lep.
926 4129 1010 4195 ngy
1041 4129 1114 4180 Imre
1145 4129 1210 4179 kitz-

575 4217 722 4285 lemenye.)

199 4809 296 4866 burun.
311 4822 393 4866 uuus.
409 4823 480 4864 mss.
498 4837 537 4850 -
557 4825 629 4864 nrm.
646 4823 690 4865 rx.
