3208 5158
815 265 974 366 jsr—

327 458 887 542 chaetStopnieheexistententes‚
929 480 999 525 com
1017 459 1167 527 omuibus
1199 459 1396 526 utilitatibus
1429 467 1466 526 et

328 566 535 650 pertinenciis
554 565 631 654 suis,
663 567 753 632 nulio
770 567 840 634 iure
857 567 919 633 sibi
935 567 968 632 in
1002 566 1125 632 eisdem
1156 575 1336 652 reserusto,
1369 566 1459 635 dioto

325 673 473 740 Rolundo
490 674 580 740 Bano
599 681 631 741 et
657 675 725 740 suis
756 675 931 742 heredibus
966 674 1183 758 heredumque
1215 676 1459 744 successoribus

325 781 484 847 dederunt
500 787 531 848 et
548 783 799 864 assigneuerunt
816 804 925 851 coram
942 783 1036 850 nobis
1061 785 1094 848 in
1125 791 1317 868 perpetuum
1350 785 1456 869 possi·

325 887 478 974 dendum,
495 889 554 956 sub
572 888 698 956 eisdem
715 891 810 957 metis
827 897 861 955 et
876 890 1033 975 terminis,
1053 889 1168 972 quibus
1185 891 1288 974 ijdem
1312 889 1458 957 Comites

324 997 497 1064 Farcasius
515 1003 547 1062 et
564 997 741 1080 Gregorius
758 1001 849 1083 ipsas
867 998 1039 1084 porciones
1056 998 1289 1082 dignoscuntur
1300 997 1457 1066 tenuisse.

323 1103 364 1168 Et
379 1103 458 1187 quia
473 1109 642 1189 porciones
658 1105 876 1189 predictorum
894 1105 1040 1190 Farcosij
1068 1105 1204 1172 Comitis
1234 1113 1267 1172 et
1301 1106 1453 1192 Cregorij

323 1211 454 1277 maioris
470 1211 623 1279 utilitatis
635 1232 691 1278 seu
709 1214 834 1279 ualoris
861 1212 998 1300 fuerant,
1031 1232 1128 1296 qoam
1159 1219 1245 1278 terro
1276 1213 1403 1280 eisdem
1436 1237 1458 1282 a

322 1303 469 1386 Rolando
486 1321 576 1386 Bono
594 1321 675 1386 date
691 1323 725 1386 in
751 1322 993 1405 correembium;
1019 1320 1104 1386 idem
1136 1319 1305 1388 Rolandns
1339 1322 1450 1390 Bonus

321 1427 483 1494 iamdictis
499 1429 654 1496 Furcasio
670 1427 786 1496 Comiti
804 1437 836 1496 et
853 1431 1010 1514 Gregorio
1028 1428 1254 1515 superaddidit
1287 1435 1320 1493 ct
1354 1431 1453 1495 soluit

320 1533 478 1602 ducentes
495 1536 622 1618 uiginto
639 1557 777 1626 marcas,
805 1537 983 1620 quamlibet
1000 1537 1140 1620 quinque
1156 1555 1277 1620 pensas
1294 1536 1448 1602 denario·

319 1663 390 1707 rum
408 1643 675 1726 Zagrabiensium
693 1645 919 1730 persoluendo.
959 1645 1002 1709 Vt
1019 1643 1116 1726 igitur
1132 1642 1270 1728 predicti
1297 1664 1448 1709 concam-

321 1749 378 1837 bij,
409 1752 672 1818 commutacionis
690 1773 748 1820 seu
767 1757 950 1818 contractus
967 1751 1065 1818 series
1084 1752 1169 1818 inter
1186 1751 1318 1818 eosdem
1334 1750 1451 1818 fideles

319 1862 443 1924 nostros
460 1857 573 1924 habite
590 1862 686 1925 robur
702 1859 848 1926 obtineat
866 1866 1021 1944 perpetue
1037 1858 1212 1942 firmitatis,
1246 1858 1290 1923 ad
1321 1857 1445 1927 insten-

318 1967 405 2030 ciam
423 1971 453 2030 et
469 1965 722 2050 suplicacionsm
739 1969 885 2052 parcium
902 1973 1070 2052 presentes
1086 1967 1306 2034 concessimus
1319 1969 1446 2034 litteras

318 2074 481 2158 dupplicis
497 2073 598 2159 sigilli
615 2077 714 2141 nostri
733 2077 907 2140 munimine
924 2077 1102 2142 roboratas.
1120 2075 1240 2140 Datum
1256 2094 1315 2159 per
1330 2095 1448 2142 manos

317 2181 462 2264 Magistri
482 2182 625 2268 Fareasij
643 2183 797 2250 Albensis
814 2183 960 2249 Ecclesie
977 2182 1080 2248 Electi
1098 2183 1174 2248 aule
1206 2189 1319 2248 nostre
1351 2183 1446 2250 Vice-

316 2287 511 2375 Canceilarij
530 2291 642 2358 dilecti
659 2301 690 2358 et
715 2291 822 2358 tidelis
855 2291 955 2359 nostri
987 2313 1072 2358 enno
1107 2290 1237 2358 Domini
1268 2290 1444 2356 millesimo

315 2396 534 2464 ducentesimo
551 2399 754 2481 sexagesimo
770 2399 891 2483 quinto,
908 2399 1013 2482 Regni
1029 2403 1137 2499 autem
1156 2399 1256 2464 nostri
1268 2399 1443 2467 tricesimo.

315 2593 453 2652 (Eredetie
466 2595 650 2661 borhdrtydm
664 2611 681 2646 a
693 2596 874 2662 vitriis-sorge
887 2593 1124 2660 selyemzsindron
1137 2595 1252 2661 suggest
1262 2597 1358 2658 pecset
1369 2599 1443 2646 elre-

314 2689 403 2749 szett3
422 2702 439 2736 a
456 2685 540 2736 budai
560 2687 664 2750 kirdlyi
683 2687 811 2738 kamarei
834 2688 1010 2738 leveltsirnak
1023 2687 1190 2752 ngrdbban
1204 2688 1267 2738 levo
1286 2688 1443 2752 reszdben.)

832 3509 908 3577 388.

304 3711 412 3772 luterio
428 3709 532 3795 ifjobb
549 3711 724 3794 kirrilyuai·
742 3683 833 3795 [spus
849 3714 943 3773 sciscit
959 3712 990 3774 ds
1006 3733 1027 3773 a
1043 3709 1159 3776 sztdr'
1174 3719 1332 3775 monostor
1343 3709 1434 3794 isopy-

301 3818 356 3878 urr'
363 3820 461 3902 jopdt
478 3820 635 3903 tu'rppozd
651 3819 832 3901 adorrmuyu
857 3819 981 3900 Istou‘u,
1013 3817 1174 3884 Domokor
1187 3819 1241 3900 fia
1267 3821 1429 3882 secunde-a.

818 3925 912 3988 1265.

407 4118 593 4202 Stephanus
608 4119 668 4184 Dei
685 4118 798 4202 gracia
813 4118 919 4185 iunior
935 4119 1005 4186 Rex
1030 4119 1184 4208 Virgarie,
1216 4122 1295 4187 Dux
1326 4119 1428 4184 iton-

298 4223 445 4290 siluanus
463 4233 494 4290 et
510 4226 668 4292 Dominus
695 4225 907 4292 Cumanorum
943 4227 1091 4294 omnibus
1124 4227 1243 4294 Christi
1276 4225 1428 4293 fidelibus

297 4353 431 4417 presens
448 4333 604 4419 seriptum
621 4334 816 4419 inspecturis
843 4335 979 4402 salutern
1011 4335 1044 4400 in
1077 4335 1217 4402 omnium
1251 4336 1428 4401 saluatore.

296 4441 397 4523 Regis
413 4441 573 4508 libertatis
590 4442 781 4510 immensitas
811 4449 898 4508 recto
931 4462 1074 4527 pensans
1103 4443 1279 4510 libramine
1310 4441 1426 4508 merita

297 4547 506 4634 subditorum,
524 4547 598 4616 dum
615 4551 698 4614 bene
715 4551 847 4617 meritos
863 4551 976 4618 dextre
992 4573 1050 4620 sue
1068 4553 1217 4620 munifice
1243 4552 1426 4620 consolato·
