3120 5148
254 1255 261 1264 ,
361 1181 390 1248 Α
408 1183 602 1268 Fraapapcic
616 1178 729 1246 ccaldd
745 1181 776 1244 e's
801 1176 898 1261 Vepla
914 1179 1011 1262 uzipet
1027 1175 1156 1242 talcocoi
1172 1176 1258 1241 tuzrt
1267 1174 1463 1262 apparandum

713 1284 830 1370 petrucio
845 1283 1013 1351 ci'utdzdoc.
1032 1285 1128 1350 1198.

470 1484 509 1551 ln
525 1484 656 1550 nominc
671 1483 801 1548 Domini
821 1481 881 1547 Dei
898 1487 929 1546 et
945 1481 1128 1548 Salvatoria
1145 1483 1244 1549 nostri
1262 1483 1282 1548 J
1287 1501 1342 1549 esu
1359 1479 1475 1546 curisti.

359 1593 453 1659 Anno
469 1592 599 1659 Domini
614 1590 802 1658 millessimo
813 1590 985 1656 centesimo
996 1590 1205 1674 nonagesimo
1225 1597 1350 1672 octavo,
1367 1589 1477 1654 menete

359 1699 470 1786 lladii‚
483 1697 655 1765 indictione
667 1697 780 1782 prima,
791 1697 844 1762 die
855 1697 977 1779 quinto.
986 1697 1211 1764 Testiticamus
1222 1717 1281 1763 nos
1292 1697 1477 1782 quidemlic-

363 1806 673 1890 geriusllaurocono
683 1801 959 1871 AlbensioComes
971 1803 1256 1888 etTlromaLongo
1273 1805 1434 1870 habitator
1448 1802 1476 1865 iu

363 1913 498 1979 corrtlnlo
514 1915 632 1980 Sancte
648 1912 749 1977 Mario
766 1913 917 1977 Formose
940 1938 947 1978 :
970 1911 1056 1994 qrrod
1073 1911 1210 1994 (lundam
1228 1921 1314 1978 retro
1332 1922 1478 1996 temporo,

363 2021 487 2088 scilicet
498 2027 705 2106 percurrente
715 2039 801 2086 anno
817 2019 946 2084 Domini
964 2018 1136 2084 millesimo
1154 2021 1330 2087 centesimo
1347 2037 1478 2100 nonage·
1545 2091 1546 2100 ἶ

360 2125 1474 2214 elmoseptimomenselulio,indiotlouequintadecima‚noseramus
1545 2143 1546 2150 ¹

360 2239 394 2304 in
420 2236 529 2302 insula
553 2234 654 2318 Vegle
670 2241 747 2299 ante
771 2235 968 2318 presentiam
986 2235 1067 2300 Boni
1084 2235 1140 2301 tilii
1159 2237 1265 2300 Dondi
1286 2235 1326 2302 do
1343 2235 1476 2302 confinio
1545 2241 1546 2278 ἐ

360 2347 479 2412 Soneio
499 2342 624 2410 Marino
657 2341 1036 2424 lagatusdomininostri
1068 2341 1478 2409 HenriciDandulietCo·
1545 2367 1546 2418 ς

361 2453 468 2518 munis
485 2449 707 2527 veneciarum,
735 2450 863 2531 quando
881 2451 950 2536 ipsc
967 2452 1094 2534 legatus
1110 2451 1241 2518 vocavit
1258 2458 1335 2516 ante
1351 2471 1386 2517 se
1400 2451 1475 2514 Bar·
1545 2509 1546 2512 ,

361 2561 528 2641 tolomeus,
559 2556 729 2641 Veglensis
763 2557 876 2623 Comes
894 2577 998 2642 nuper
1023 2557 1205 2636 defunctus,
1221 2563 1253 2623 et
1277 2559 1474 2642 Veglisanos,

362 2674 393 2733 et
410 2665 552 2732 ostendit
561 2664 608 2731 eis
619 2664 744 2729 litteras
762 2663 900 2747 scriptas
911 2664 1097 2746 Veglisanis
1114 2685 1172 2750 per
1188 2663 1352 2730 dominum
1363 2667 1480 2730 Ducem

362 2780 393 2840 rt
409 2771 611 2839 Conciliariis
627 2773 707 2857 eius,
725 2773 757 2837 in
775 2771 892 2855 quibus
910 2772 992 2837 inter
1018 2771 1128 2838 omnia
1145 2771 1381 2857 continebatur,
1399 2775 1478 2855 quot

363 2882 450 2948 idem
467 2881 575 2946 Bonas
591 2879 675 2946 lilios
692 2878 800 2945 Dondi
816 2879 948 2945 deberet
973 2879 1081 2944 facere
1098 2881 1146 2945 eie
1164 2879 1330 2964 rationem,
1349 2887 1382 2946 et
1398 2881 1480 2962 quic

360 2990 440 3073 quid
456 2988 532 3058 inde
563 2975 696 3076 laceret,
712 2987 877 3074 predictus
893 2989 1041 3054 dominus
1057 2990 1133 3054 Dux
1150 2997 1182 3055 ct
1198 2990 1385 3056 eonsilium
1411 2991 1477 3056 eius

358 3107 463 3166 return
479 3097 644 3165 haberent.
661 3097 712 3162 Ad
723 3096 964 3190 heepredictns
982 3098 1090 3163 Bonus
1107 3096 1195 3163 tilius
1212 3097 1317 3163 Dandi
1329 3096 1412 3163 dixit
1428 3099 1481 3182 eie,

361 3205 448 3291 quod
464 3213 597 3294 paratus
608 3211 678 3271 erat
688 3205 850 3289 complere
861 3204 1010 3270 otfacere
1022 3211 1135 3289 totum,
1146 3205 1231 3289 quod
1242 3204 1271 3270 ei
1282 3205 1323 3270 ab
1335 3203 1480 3272 illustris-

361 3315 442 3382 simo
454 3313 730 3380 dominoDuceet
746 3311 815 3378 eius
827 3309 1031 3379 Conciliariis
1042 3311 1217 3378 iniunctum
1231 3317 1311 3376 erat.
1328 3311 1370 3378 Et
1386 3312 1484 3378 dixit:

360 3421 481 3506 Siquis
499 3441 538 3487 ex
554 3421 647 3488 vobis
663 3419 787 3504 aliquid
803 3420 901 3486 habet
917 3420 961 3486 ad
979 3419 1161 3504 dicendum,
1177 3419 1275 3488 dicat
1297 3418 1338 3486 Et
1352 3419 1485 3488 illustris

362 3532 475 3596 Comes
489 3527 737 3595 Bartholomeus
748 3528 897 3612 surrexit,
909 3533 941 3593 et
949 3528 1139 3596 reclamavit
1149 3522 1184 3594 ie
1201 3525 1240 3593 de
1257 3529 1485 3614 suprascriptis

360 3635 546 3721 Veglisanie
563 3633 686 3716 dicens,
704 3635 788 3718 quod
804 3636 868 3720 ipsi
885 3655 951 3703 non
968 3637 1192 3722 persolverant
1209 3636 1237 3700 ei
1255 3634 1422 3702 collectam
1441 3636 1481 3702 de
1544 3625 1545 3706 ἐ

360 3745 415 3811 illo
447 3741 702 3829 presentiarum,
734 3764 831 3828 quarn
857 3745 1013 3835 Rogemus
1043 3741 1251 3809 Permarinus
1268 3742 1484 3811 etdohannee
1544 3719 1545 3747 ¹

360 3851 571 3918 lllauroconue
602 3852 777 3938 Capetanei
797 3851 961 3919 Exercitus
988 3852 1121 3918 Venetie
1137 3850 1183 3916 illi
1202 3849 1283 3916 dare
1308 3870 1483 3918 consuere

359 3965 446 4026 rant.
465 3957 616 4025 lutetiam
633 3959 851 4044 proclamavit
866 3979 902 4026 ee
919 3959 961 4024 de
977 3959 1210 4044 suprascriptis
1226 3957 1422 4042 leguminis,
1442 3960 1484 4025 de

359 4064 477 4134 bannis
493 4071 524 4132 ct
540 4064 615 4132 aliis
631 4065 710 4131 loris
725 4065 831 4153 laclia,
843 4067 926 4132 etde
938 4067 1008 4151 lroc,
1026 4065 1110 4150 quod
1127 4065 1192 4150 ipsi
1209 4065 1354 4131 fecerant
1369 4072 1485 4131 contra

359 4179 512 4242 statutam
527 4173 817 4258 suprascriptorum
835 4173 1087 4258 capitaneorum,
1100 4181 1132 4239 et
1148 4179 1262 4240 contra
1278 4173 1487 4238 consuetudi·

360 4301 433 4349 nem
450 4281 536 4347 illiue
554 4287 645 4346 tome.
663 4281 704 4344 Et
720 4281 852 4348 volebat
861 4282 1100 4368 suprascriptos
1111 4279 1225 4347 Comes
1235 4279 1486 4348 Bartholomeuc

358 4409 454 4475 super
469 4388 565 4455 dictis
577 4387 726 4454 omnilrue
742 4389 863 4455 habere
879 4390 1047 4456 rationem.
1085 4389 1127 4454 Et
1143 4387 1280 4454 illustris
1296 4388 1407 4452 Bonus
1427 4389 1487 4453 fili-

359 4517 396 4563 us
413 4495 519 4562 Dondi
535 4494 617 4560 dixit
648 4491 770 4561 eisdem
789 4495 971 4579 Veglisanis
990 4521 997 4562 :
1015 4495 1101 4574 Quid
1118 4495 1254 4561 dicitis?
1285 4492 1488 4578 respondete

360 4601 484 4674 Domiti.
510 4602 549 4668 Et
565 4600 626 4688 ipsi
645 4602 804 4688 petierunt
819 4602 986 4676 induliam.
1019 4605 1060 4670 Et
1075 4601 1262 4694 sepedictus
1278 4619 1388 4668 comes
1406 4601 1492 4672 Bar·
