3080 5146
564 277 724 381 ms-

93 479 174 564 quasi
190 476 319 548 cautela
335 483 448 564 mater,
468 481 502 544 nt
518 475 569 544 ius
586 477 759 561 unicuique
775 475 905 544 illesum
922 484 1115 568 servaretur,
1135 498 1208 566 pru·

94 589 195 656 deuter
210 585 381 654 adinvenit
395 591 487 670 gesta
504 585 648 670 ipsorum
666 585 843 653 litterarum
861 587 1046 654 testimonio
1064 586 1209 672 perhem-

93 715 193 781 pnare.
216 695 287 760 Hac
304 693 416 777 itaque
441 692 710 760 consideracione
741 691 874 780 inducti,
906 691 950 760 ad
982 693 1208 764 uniuersorum

93 805 234 872 noticiam
251 801 455 888 presencium
472 807 741 885 posterorumque
756 800 869 867 barum
887 801 1127 869 scrievolumus
1138 821 1208 888 per·

93 911 192 978 uenire
207 935 215 975 ι
233 908 319 994 quod
336 929 408 976 cum
425 907 605 975 Ecclesiam
622 907 656 972 in
672 907 793 974 honore
808 907 928 975 Sancte
943 907 1055 992 llario,
1075 909 1109 975 in
1126 905 1205 978 uilla

92 1018 222 1105 luaucb,
236 1016 538 1100 construxissemus,
553 1020 585 1084 et
601 1015 635 1081 in
652 1013 789 1082 eandem
807 1013 954 1083 dominas
964 1015 1123 1084 moniales
1135 1036 1207 1083 con·

93 1145 286 1194 socsssemus
302 1148 311 1192 ι
329 1123 443 1192 cedem
472 1123 671 1191 donaciones
702 1121 877 1190 salubriter
911 1121 1016 1192 sectas
1047 1124 1209 1192 inutiliter

94 1233 290 1319 dissipantes,
308 1232 438 1299 anobis
454 1251 518 1298 non
534 1231 646 1298 habita
663 1231 813 1318 licencia,
828 1236 1042 1300 recesserunt.
1058 1231 1207 1304 Tandem

95 1341 171 1408 ducti
184 1341 244 1407 Dei
260 1339 492 1424 misericordia,
502 1338 545 1406 ad
560 1337 755 1406 instanciam
772 1345 804 1405 et
819 1337 1001 1407 evidentem
1011 1339 1205 1425 peticionem

95 1448 293 1516 illustrissimi
309 1447 389 1516 Bele
403 1447 503 1532 Regis
520 1454 552 1515 et
566 1447 704 1534 Regino,
721 1445 804 1514 alias
819 1445 1091 1516 sanctimoniales
1117 1447 1206 1514 Obri-

96 1567 138 1625 ιι)
152 1555 342 1625 famulantes
360 1559 393 1624 in
410 1556 549 1624 eandem
565 1555 746 1626 Ecclesiam
763 1553 970 1642 adduximus,
1003 1554 1118 1642 quibos
1148 1574 1207 1642 pro

96 1665 189 1732 salntc
203 1673 325 1753 nostra,
360 1671 396 1734 ut
411 1665 577 1734 commode
591 1669 725 1754 possent
740 1684 777 1732 se
792 1671 984 1752 sustentare,
1017 1671 1050 1732 et
1069 1683 1129 1750 pro
1153 1664 1208 1734 do·

95 1773 170 1839 mino
183 1774 270 1858 Rege
286 1778 319 1840 et
329 1773 465 1859 Regina,
482 1779 514 1841 et
529 1772 596 1841 dlio
612 1793 671 1842 suo
689 1771 864 1840 karissimo
881 1772 1046 1857 Stephano
1061 1772 1158 1859 Rege,
1175 1782 1209 1842 ct

98 1899 147 1963 pro
161 1881 252 1950 nobis
269 1883 373 1950 Deum
389 1901 537 1970 exorare,
553 1901 663 1949 omncs
673 1880 818 1950 decimas
830 1880 1022 1967 populorum
1033 1899 1117 1948 nove
1130 1881 1208 1950 ville

98 1987 226 2072 luanch,
252 1995 318 2057 tam
335 1997 490 2077 segetum,
522 2009 619 2074 quam
636 1989 703 2058 uini
720 1996 753 2057 et
769 2009 937 2076 porcorum
954 1995 1160 2072 stagnorum
1177 1993 1210 2056 ιι

98 2093 237 2163 hedcrum
253 2117 294 2163 ac
310 2117 408 2183 apum
426 2103 458 2164 et
475 2097 619 2183 gallinas
636 2101 669 2164 et
683 2095 828 2164 decimas
845 2095 913 2176 tini,
931 2094 1208 2180 quelrittadicun-

97 2209 147 2285 tor,
176 2212 207 2272 et
221 2205 291 2272 alia
306 2205 432 2272 minuta
447 2225 510 2290 quc
526 2203 682 2272 decimari
699 2205 807 2272 solent
822 2205 855 2270 in
872 2203 993 2290 specie,
1010 2211 1042 2272 ct
1066 2203 1208 2272 omnium

98 2313 249 2379 sineamm
266 2318 451 2382 nostrarum
467 2312 614 2382 decimas
630 2313 664 2379 iu
681 2311 762 2380 villa
777 2311 921 2398 Iwanch,
931 2319 964 2381 et
980 2311 1134 2380 tributum
1147 2311 1209 2379 lori

98 2418 206 2486 eisdem
222 2421 442 2490 concessimus
459 2429 491 2491 et
507 2422 681 2490 statuimus
699 2423 795 2506 pleuo
828 2422 909 2505 iure,
940 2421 1080 2506 siugulis
1111 2421 1207 2488 aunis

98 2527 160 2594 sine
173 2529 394 2596 diminucione
411 2535 443 2596 ιι
459 2529 721 2598 contradiccione
737 2529 886 2615 alicuius,
902 2549 942 2596 ex
959 2547 1120 2598 consenso
1146 2530 1210 2597 Ga-

98 2635 179 2717 pituli
201 2637 446 2726 Zagrabieusis,
477 2637 717 2725 percipiendas.
757 2639 911 2705 Preterea
927 2637 1064 2705 eandem
1080 2643 1210 2725 terram,

97 2764 182 2826 quam
198 2747 323 2833 priores
338 2745 470 2814 domine
485 2746 517 2812 iu
535 2746 669 2814 lwanch
685 2743 909 2831 possidebant,
926 2744 1048 2812 eisdem
1064 2747 1210 2813 totaliter

97 2853 264 2922 statuimus.
291 2853 392 2922 dutus
408 2861 494 2921 terre
511 2860 599 2922 meta
614 2853 722 2940 prima
738 2852 852 2939 incipit
866 2875 888 2920 a
915 2859 1002 2920 terra
1025 2853 1209 2940 iobagionis

96 2957 237 3048 Episcopi
253 2959 386 3030 nomine
401 2961 504 3050 Povk,
537 2969 571 3030 et
585 2961 676 3028 veuit
691 2961 735 3029 ad
751 2961 900 3028 arborem
914 2960 998 3028 ilicis
1011 2986 1020 3048 ;
1044 2961 1120 3028 inde
1150 2983 1210 3047 per

97 3067 225 3137 rivulum
241 3070 330 3138 vonit
346 3071 389 3137 ab
405 3072 565 3158 arborem,
584 3089 646 3156 que
662 3070 759 3155 vulgo
769 3069 887 3136 dicitur
899 3069 1068 3153 gertania3
1087 3068 1209 3136 abinde

97 3176 175 3243 veuit
189 3177 231 3246 ad
247 3181 406 3268 arborem,
424 3199 489 3264 que
506 3181 590 3262 uulgo
608 3178 725 3246 dicitnr
742 3172 876 3260 chasla3
901 3175 1020 3242 deiudc
1046 3176 1136 3242 venit
1166 3177 1210 3244 ad

95 3281 256 3352 lmeectum
271 3285 443 3372 avellanc3
469 3286 545 3354 iude
561 3307 619 3374 per
637 3287 755 3354 vallem
788 3283 1016 3352 descendendo
1048 3285 1137 3351 venit
1167 3284 1210 3351 ad

97 3390 213 3462 fluvium
229 3393 477 3484 Chemernicha,
494 3395 538 3461 ad
553 3394 659 3462 loonm
675 3394 731 3462 ubi
749 3399 798 3462 est
813 3391 1035 3460 molendinum
1051 3392 1210 3460 Radome·

98 3498 148 3583 rii;
170 3501 289 3570 deinde
320 3503 411 3570 venit
426 3503 470 3569 ad
487 3509 627 3590 pontem,
659 3499 781 3572 abinde
796 3501 889 3568 iuxta
904 3497 1037 3566 flurium
1061 3497 1208 3566 Obemsr·

98 3605 181 3674 nicba
195 3608 300 3678 eundo
316 3611 407 3679 venit
422 3611 465 3678 ad
482 3630 580 3678 uuam
606 3629 760 3695 magnam
792 3609 907 3695 pirum,
940 3607 1016 3674 inde
1047 3607 1136 3675 scuit
1165 3607 1210 3675 ad

100 3717 306 3784 molendinum
322 3717 436 3804 Scytk,
456 3716 544 3803 quod
561 3724 721 3802 estsuper
736 3717 867 3784 flurium
886 3714 1139 3800 Gbcmeruioha3
1156 3715 1211 3782 de-

101 3821 166 3890 inde
178 3828 264 3894 veuit
278 3825 322 3894 ad
338 3833 437 3912 caput
451 3825 540 3892 fluvii
555 3823 797 3908 Obemernicba,
815 3830 847 3890 ιι
861 3823 952 3890 iuxta
977 3829 1076 3908 caput
1100 3822 1209 3905 predi·

105 3931 140 3995 cti
155 3931 239 4000 dasii
254 3935 359 4004 oritur
376 3933 510 4018 quidam
528 3933 661 4018 rivulus,
677 3938 711 4000 et
735 3931 776 3999 de
807 3931 913 3998 msulo
941 3932 1007 3998 itur
1037 3929 1082 3996 ad
1114 3949 1212 3999 unam

104 4055 233 4108 cerasum
249 4061 344 4110 cruce
359 4041 522 4125 signatam
536 4064 544 4126 3
561 4040 685 4108 abinde
699 4040 791 4108 seuit
806 4038 849 4106 ad
865 4037 1003 4104 rivulum
1013 4043 1046 4104 ιι
1056 4035 1211 4104 derisnlo

103 4145 139 4211 ad
152 4147 322 4218 lrucectum
339 4149 513 4234 avellano,
532 4147 649 4217 deinde
666 4147 756 4216 veuit
770 4147 813 4214 ad
830 4145 966 4232 primam
983 4151 1103 4210 metam
1117 4149 1150 4211 et
1165 4143 1212 4211 sic

104 4258 282 4328 terminatur.
308 4261 389 4327 ltem
405 4259 468 4326 duo
487 4257 650 4344 mancipia
666 4277 738 4326 cum
754 4253 830 4324 tiliis
847 4261 879 4321 et
895 4251 1030 4339 filiabus,
1041 4261 1074 4320 st
1089 4251 1211 4320 curiam

104 4383 162 4432 cum
179 4368 327 4436 domibus
344 4373 377 4436 et
392 4367 530 4434 edificiis
546 4365 667 4432 ibidem
682 4383 785 4452 prope
801 4361 971 4430 ecclesiam
997 4359 1119 4428 Sancte
1144 4361 1211 4428 lla·

103 4474 141 4539 rie
154 4477 352 4562 existentem,
368 4481 523 4570 perpetuo
538 4473 674 4559 pacifice
691 4480 724 4542 et
751 4471 860 4555 quiete
887 4467 1080 4537 contulimus
1106 4469 1211 4552 possi·

104 4580 237 4652 dondam.
279 4585 364 4651 Etsi
381 4583 454 4670 quis
471 4584 513 4650 de
528 4581 707 4649 Comitibus
723 4578 842 4648 nostris
857 4597 915 4664 pro
937 4583 1081 4662 temporo
1096 4577 1213 4658 consti·
