3150 5162
645 955 719 1026 sul.

112 1162 130 1225 l
137 1162 175 1228 V.
192 1161 279 1226 Bora
293 1159 470 1245 kirdlpnale
497 1159 602 1224 tuma
617 1157 741 1246 helysep
757 1157 963 1224 &rtoloeeze't
993 1161 1148 1246 tdrpyuad
1164 1159 1243 1224 udo·

114 1276 240 1356 mdnyu
272 1291 292 1334 u
323 1265 418 1336 θωπί
449 1268 561 1336 Μάνία
599 1270 736 1352 seipete'a
767 1267 869 1354 selred
910 1269 1134 1352 updezatdrdu
1173 1271 1243 1334 aad·

567 1377 669 1441 mura.
700 1375 798 1442 1261.

223 1571 307 1640 Bela
321 1572 383 1638 Dei
399 1569 513 1656 grauia
528 1571 684 1658 Vngarie,
699 1569 880 1658 Dalmaoie,
891 1567 1034 1654 Oroaeie,
1044 1571 1155 1654 Rome,
1164 1569 1237 1634 Ser-

113 1683 176 1768 uie,
202 1679 349 1764 Gellioie,
380 1679 581 1760 bodomerie,
600 1678 820 1764 (iuuenisque
836 1679 906 1745 Rex
921 1679 1070 1748 omnibus
1085 1684 1154 1746 tam
1170 1696 1241 1763 pre-

111 1791 256 1858 sentibus
273 1808 369 1872 quam
385 1787 504 1857 futuris
519 1794 686 1873 presentes
702 1785 894 1873 inspecturis
903 1788 1046 1856 salutem
1055 1788 1089 1856 in
1098 1789 1240 1856 omnium

111 1895 287 1966 saluatore.
311 1893 357 1962 Ut
373 1894 595 1963 Euolesiarum
613 1894 805 1962 utilitatibus
821 1894 926 1979 Regia
940 1895 1114 1982 prouideat
1140 1893 1239 1963 Celsi-

113 2005 201 2089 tudo,
220 2002 327 2090 pietus
344 1999 470 2080 suadet,
487 2002 576 2069 ruoio
592 2003 748 2089 postulat,
760 2003 818 2088 jus
834 2001 986 2086 requirit;
1010 2024 1082 2071 oum
1113 2005 1148 2068 in
1179 2003 1240 2069 boo

110 2111 210 2179 saluti
226 2112 337 2179 anime
352 2109 546 2194 diligenoius
563 2111 759 2180 oonsulatur.
790 2109 933 2178 Proinde
950 2109 993 2179 ad
1010 2111 1237 2178 uniuersorum
1299 2107 1305 2126 “

109 2220 265 2286 notieiarn
281 2217 428 2286 volumus
445 2219 637 2304 peruenire;
662 2218 747 2303 quod
763 2238 834 2303 nos,
858 2219 972 2303 quiex
997 2217 1105 2286 oifieio
1129 2235 1236 2284 susos·

108 2329 154 2413 pti
170 2325 340 2412 regiminis
356 2326 553 2393 utilitatibus
569 2325 791 2394 Euolesiarurn
806 2325 980 2411 inuigilare
996 2331 1152 2413 tenemur,
1168 2325 1235 2393 llo·

110 2433 255 2504 nasterio
272 2436 393 2502 Sanote
408 2433 514 2502 liaris
530 2433 571 2502 de
587 2434 699 2504 Insula
716 2455 777 2522 per
793 2454 853 2501 nos
869 2453 910 2502 ex
926 2455 1012 2504 nouo
1028 2433 1175 2518 fundato,
1200 2431 1235 2498 in

107 2565 168 2628 quo
185 2543 318 2626 quidem
336 2543 505 2611 uerissime
521 2542 590 2610 filie
604 2549 716 2611 nostre
733 2550 765 2610 et
781 2561 908 2610 sorores
934 2543 1002 2612 uite
1032 2540 1235 2611 sommenda·

106 2653 180 2718 bilis
204 2653 276 2718 Deo
292 2650 408 2718 deuote
422 2651 543 2734 iugiter
559 2649 776 2733 famulantum
799 2657 835 2718 ut
850 2649 936 2717 idem
952 2649 1184 2720 Mouasterium
1201 2649 1235 2716 in

105 2760 218 2843 aliqua
234 2765 328 2843 parte
343 2777 404 2843 pro
421 2757 662 2825 sustenteeione
688 2757 867 2826 earundem
898 2779 1045 2828 sororum
1075 2758 1234 2826 reditibus

105 2868 215 2936 valeat
230 2865 392 2953 ampliari,
423 2863 594 2951 prouidere
610 2863 792 2952 sopientes,
826 2871 893 2936 tres
924 2872 1035 2954 partus
1064 2865 1232 2934 onusdam

104 2983 189 3044 terre
205 2982 317 3044 nostre
332 2975 376 3042 ad
393 2976 542 3044 Castrum
570 2976 847 3061 Zulgageuriense
873 2977 1068 3063 pertinentis
1099 2977 1230 3044 nomine

105 3085 231 3170 Thena,
266 3084 433 3152 existentis
450 3084 485 3149 in
500 3081 693 3172 (lhyllokua,
725 3105 863 3168 quarum
880 3105 977 3152 vnarn
994 3083 1110 3152 reliota
1124 3084 1228 3154 ouius·

104 3193 178 3262 dum
196 3193 375 3262 castrensis
392 3198 523 3261 nornine
535 3195 663 3278 Ilerner,
679 3195 857 3262 seeundum
873 3194 1050 3281 Dyonisius
1066 3201 1099 3262 et
1114 3195 1230 3264 Iteme·

103 3303 179 3389 rius,
197 3303 363 3370 soluentes
380 3303 496 3369 comiti
512 3323 570 3370 seu
585 3303 701 3370 Castro
717 3304 861 3388 quinque
878 3300 1029 3388 pondera,
1048 3307 1080 3368 et
1095 3301 1229 3371 tereiam

102 3411 205 3480 Jonas
222 3411 308 3479 filius
323 3410 418 3495 ligud
435 3431 508 3478 oum
524 3409 591 3477 suis
621 3411 789 3498 fratribus,
821 3431 860 3478 uo
891 3409 1061 3499 Welprith,
1092 3410 1228 3500 Mortun,

103 3523 255 3587 Demeter
271 3525 304 3584 et
319 3519 406 3604 lpolt
421 3517 662 3605 inhabitabant,
694 3538 760 3585 non
777 3520 924 3586 obstante
941 3537 990 3604 eo,
1025 3516 1112 3602 quod
1142 3518 1229 3588 idem

103 3629 205 3696 Jonas
223 3624 464 3692 cumfratribus
490 3626 558 3694 suis
589 3622 786 3711 supradietis
816 3625 1023 3711 iobagionem
1056 3625 1162 3695 Oastri
1193 3647 1230 3696 se

103 3736 237 3815 diceret,
253 3753 325 3801 oum
343 3753 407 3800 uon
423 3741 509 3802 esset
523 3756 531 3818 ;
557 3733 705 3819 exoeptis
721 3733 849 3802 duabus
880 3735 1052 3821 partioulis
1084 3733 1229 3804 eiusdem

101 3851 192 3927 terre,
209 3863 347 3928 quarum
363 3863 459 3910 vnum
476 3842 651 3930 Wyluinus
668 3841 784 3912 (lomes
801 3841 935 3911 (lamere
952 3851 1070 3932 nostre,
1088 3843 1229 3912 etaliam

100 3953 272 4020 tawarnioi
288 3953 400 4038 nostri,
417 3957 524 4038 preter
539 3959 605 4021 tres
624 3959 735 4039 partes
753 3961 948 4023 memoratas
964 3956 1112 4041 optinere
1136 3951 1227 4020 dino-

99 4067 243 4146 scuntur,
261 4060 301 4126 de
317 4059 521 4144 plenitudine
537 4066 645 4128 nostre
662 4061 785 4147 grauis,
803 4081 875 4129 oum
886 4060 1057 4147 piscatura
1067 4065 1099 4126 et
1109 4057 1228 4146 teneto,

101 4189 137 4235 ae
153 4167 304 4234 omnibus
321 4167 398 4252 alijs
430 4167 629 4235 utilitatibus
660 4175 693 4235 et
723 4168 935 4254 pertineuuijs
967 4170 1047 4253 suis,
1079 4167 1227 4253 predicto

99 4275 294 4345 Menanterio
311 4273 431 4343 Sanote
448 4277 551 4344 Maris
568 4276 610 4344 de
627 4277 742 4347 Insula
757 4284 913 4365 perpetuo
938 4277 1090 4346 duximus
1122 4277 1226 4345 eonfe-

98 4386 226 4453 rendas.
244 4385 289 4452 Ut
304 4384 404 4468 igitur
417 4384 478 4451 hee
495 4392 608 4452 nostra
625 4384 763 4452 douaeio
780 4387 876 4452 robur
892 4393 1047 4471 perpetue
1062 4385 1226 4452 firmitatis

99 4495 255 4578 optineat,
289 4511 350 4559 neo
366 4493 472 4577 possit
488 4515 643 4580 prooessu
660 4501 840 4580 temporum
857 4496 892 4561 in
907 4491 1031 4561 irritum
1064 4493 1225 4577 aliquate-

97 4621 154 4667 uus
169 4600 329 4682 reuocari,
347 4607 514 4684 presentes
531 4599 678 4670 dedimus
695 4601 823 4670 litteras
838 4601 1000 4689 dupplieis
1011 4600 1225 4686 sigillinostri
