3164 5154
619 399 659 462 21

560 485 718 495 -ι--Μ

97 611 167 674 nare,
182 609 222 656 ac
238 591 303 656 tria
317 590 409 656 milia
426 596 458 655 et
474 597 599 656 eentum
615 591 754 658 florenos
770 589 841 657 auri
857 611 915 676 per
930 597 1058 656 centurn
1076 586 1203 656 denari-

98 719 125 762 os
137 717 231 764 nouos
248 698 412 782 presentis
428 703 554 763 monete
570 698 787 780 computando
804 699 869 765 Sue
885 695 1076 764 celsitudini
1085 715 1199 762 numa·

97 813 327 888 rarccnrassct3
344 804 418 870 ideo
434 804 505 890 ipse
520 805 668 872 dominus
684 807 753 872 Rex
769 806 830 872 stb.
847 802 977 898 (latrum
995 823 1087 869 suum
1104 801 1202 868 Saus·

96 911 139 976 lru
151 919 294 978 uocatum
306 913 340 976 in
367 913 528 978 comitatu
545 913 709 980 Borsiensi
735 913 797 980 stb.
813 911 935 978 eisdem
956 909 1124 992 Magistris
1142 909 1203 974 Ge·

94 1020 168 1100 orgio
181 1027 213 1084 et
228 1019 395 1104 Mychaeli
411 1018 453 1086 de
463 1020 614 1106 (lhytnilr,
630 1039 670 1086 ac
685 1039 795 1087 eorum
814 1019 985 1086 heredibus
997 1018 1073 1102 jure
1089 1033 1205 1100 perpe·

94 1131 138 1189 tnc
151 1124 333 1196 donandum
365 1125 513 1192 duxisset
528 1128 587 1192 stb.
603 1123 640 1212 (a
656 1126 764 1190 miben
778 1129 872 1195 1397.
889 1146 910 1191 a
926 1121 1203 1192 (laram-melletti

95 1237 170 1295 ssent
183 1231 507 1298 benedclrihonrent
522 1233 607 1296 altat
623 1233 852 1300 statudltatott.
870 1233 918 1296 rlz
933 1236 1012 1297 utdn
1023 1228 1201 1313 Zsigmcnd

93 1334 185 1421 kirtly
198 1357 266 1423 egy
284 1336 419 1408 lico-ki
437 1338 492 1405 »in
508 1339 649 1405 Zalahta
664 1339 863 1407 ieriatercia
880 1339 1029 1424 proxima
1045 1347 1121 1404 ante
1137 1335 1202 1403 teu·

94 1449 149 1507 tum
171 1445 396 1512 Bxaltacionis
412 1447 532 1512 Sancte
564 1446 699 1513 Crucis«
718 1447 799 1528 lucit,
816 1469 831 1513 s
851 1447 1020 1514 »fidelibus
1046 1444 1114 1512 suis
1130 1443 1200 1508 viro

91 1549 246 1632 liugnifico
264 1553 395 1620 domiuo
420 1555 556 1621 Nicolao
573 1555 614 1620 de
630 1553 719 1621 Gara
734 1556 840 1640 Regni
866 1555 1032 1640 Hungarie
1049 1554 1201 1620 Palatino

93 1665 118 1720 et
132 1657 232 1726 ludici
249 1663 477 1747 comanorum,
508 1664 661 1746 vicesque
677 1683 754 1731 suas
774 1663 807 1730 in
819 1664 970 1748 judicatu
988 1661 1201 1746 gerentone«

92 1765 180 1833 sudlld
210 1771 443 1852 parancsdnak
460 1768 588 1855 folyttn
620 1770 674 1834 »in
691 1771 817 1837 octauia
850 1772 924 1837 sesti
942 1770 1036 1836 Beati
1068 1768 1203 1852 Georgij

91 1875 239 1942 martiris«
258 1881 464 1959 tbrrenynap
480 1874 661 1963 tartatvdn)
680 1877 828 1960 prefatus
844 1883 1037 1962 procurator
1054 1875 1130 1942 dicti
1147 1878 1200 1942 do·

90 1981 304 2050 minihbbatis
314 1983 348 2048 in
358 1983 453 2049 huius
466 1983 703 2070 documentum,
718 1985 804 2066 quod
821 1983 963 2068 predicte
978 1985 1202 2068 possessiones

90 2085 283 2175 blenduenth,
300 2091 436 2178 Apathy
452 2096 484 2156 et
500 2091 649 2157 Lehotha
664 2092 699 2156 in
716 2091 800 2157 dicto
817 2091 973 2157 Districto
990 2089 1076 2177 (igy)
1094 2093 1198 2174 ipsius

87 2200 159 2260 terre
173 2197 303 2283 Susohy
319 2199 506 2282 existentes,
521 2217 579 2263 nec
596 2219 660 2264 non
678 2197 836 2265 medietas
852 2199 961 2265 tributi
973 2198 1102 2264 nuncin
1113 2196 1201 2262 dicta

91 2301 158 2367 uilla
188 2305 362 2372 Ladmeriu
379 2307 466 2389 exigi
490 2308 634 2372 consueti
651 2306 755 2372 eidem
774 2307 906 2372 dominc
923 2305 1042 2371 Abbati
1058 2305 1099 2369 de
1123 2307 1200 2389 jure

87 2411 266 2498 pertincant,
284 2419 317 2477 et
333 2435 353 2478 a
369 2414 489 2478 tenutis
505 2412 583 2478 dicti
599 2413 705 2479 Oastri
724 2413 864 2480 Saashw
889 2413 982 2478 metis
999 2416 1200 2494 sequestrate

87 2519 152 2601 sint,
170 2519 329 2604 quasdam
345 2519 473 2586 litteras
488 2519 609 2584 domini
627 2521 741 2587 Karoli
758 2522 843 2605 olym
856 2519 962 2586 incliti
993 2520 1092 2600 Regis
1110 2519 1198 2584 Hun-

87 2627 168 2705 garie
184 2625 410 2709 priuilegiales
441 2645 499 2690 suo
517 2626 639 2710 duplici
655 2627 765 2709 sigillo
796 2625 1010 2692 communitas
1033 2646 1120 2691 auno
1137 2625 1200 2691 Do·

85 2732 156 2796 mini
172 2733 346 2798 millesimo
362 2734 584 2800 trecentesimo
607 2743 732 2819 octauo,
749 2734 853 2817 Regni
868 2740 976 2800 autem
993 2739 1042 2802 sui
1059 2753 1145 2798 anno
1161 2733 1202 2798 si-

85 2840 196 2905 militer
212 2842 382 2922 trigesimo
398 2849 515 2907 octauo
547 2841 723 2908 tredecimo
755 2841 915 2908 kalendas
947 2842 1066 2908 mensis
1084 2843 1202 2906 Febru-

84 2946 326 3032 anijeonfectas,
344 2947 980 3015 habentesinseconfirmatiuedeverbc
1006 2949 1194 3015 adverbum

84 3056 217 3118 tenorem
234 3056 415 3121 litterarum
442 3054 578 3122 condam
596 3055 719 3121 domini
735 3056 865 3122 Andree
891 3056 1044 3122 similiter
1059 3055 1196 3121 illustris

82 3158 171 3241 Regis
187 3162 360 3257 Hungarie
375 3161 540 3229 laudande
556 3163 794 3230 recordacionis
811 3184 896 3230 anno
914 3163 1082 3229 Dominice
1093 3163 1202 3228 Incar-

82 3269 224 3335 nacionis
240 3268 412 3334 millesimc
429 3267 497 3334 00⁰
514 3268 792 3354 decimoseptimo
808 3273 912 3353 Regni
928 3277 1036 3336 autem
1049 3270 1099 3334 sui
1115 3288 1201 3335 anno

78 3394 155 3442 ncnc
172 3375 348 3462 editarum,
365 3375 557 3442 habencium
573 3385 606 3444 et
621 3377 858 3444 continencium
875 3380 906 3442 in
924 3399 959 3445 se
975 3377 1201 3444 confirmatlue

78 3485 237 3550 verbalem
271 3482 386 3548 seriem
402 3483 584 3550 litterarum
615 3485 735 3552 domini
763 3483 921 3568 Stephani
953 3485 1009 3570 filij
1028 3484 1200 3552 Kolcmani

78 3588 208 3656 condam
225 3591 376 3657 similiter
391 3592 490 3673 Regis
516 3593 686 3676 Hungaric
705 3597 799 3659 beate
816 3594 969 3660 memorie
986 3614 1073 3661 anno
1089 3593 1131 3660 ab
1148 3594 1199 3660 Iu-

75 3699 268 3764 eamacione
278 3697 408 3764 Domini
421 3699 591 3766 millesimo
611 3702 789 3766 centesime
800 3700 957 3781 vigesimo
968 3709 1085 3786 quarto
1096 3701 1201 3784 Regni

75 3817 175 3871 antem
193 3808 250 3873 sui
267 3827 355 3872 anno
372 3827 456 3873 ncnc
474 3807 642 3895 editarum,
661 3809 852 3876 habentium
864 3818 896 3876 et
913 3808 1149 3876 continencium
1167 3809 1199 3874 in

73 3931 103 3978 se
117 3914 149 3979 ri
160 3915 356 3982 roboratiua
368 3918 537 3983 verborum
554 3915 700 3984 ordinem
727 3917 905 3984 litterarum
923 3916 1199 3985 Excellentissimi

73 4016 228 4108 Principis
262 4021 387 4088 domini
403 4024 525 4109 Magni,
551 4026 783 4112 quictGeysa
815 4025 920 4093 dictus
946 4025 1016 4113 tuit,
1050 4025 1201 4092 simililer

74 4126 162 4210 Regis
196 4127 373 4212 Hungarie
404 4131 499 4198 beate
513 4133 762 4215 recordacionis,
780 4133 960 4200 fundatoris
978 4132 1055 4199 dicti
1072 4134 1199 4198 Mones·

71 4237 134 4319 terij
151 4235 262 4303 Sanct
276 4237 456 4322 Benedicti,
474 4253 573 4326 super
599 4241 728 4325 juribus
755 4249 787 4309 et
802 4241 1005 4309 libertatibus
1031 4239 1118 4304 dieto
1134 4241 1201 4307 Mo·
1288 4254 1292 4262 '

71 4345 209 4411 neuterio
226 4345 344 4412 Sancti
359 4345 527 4414 Benedicti
544 4339 630 4416 anno
656 4350 788 4416 Domini
814 4350 985 4416 millesimo
1001 4349 1201 4432 septuagesi-

71 4471 115 4516 mo
126 4452 253 4536 quinto
269 4451 494 4521 confectarum
510 4457 603 4523 nobis
620 4458 749 4524 curauit
765 4456 977 4524 demonstrari
983 4508 992 4541 ,
1008 4457 1042 4522 in
1060 4475 1195 4542 quarum

69 4561 193 4638 quidem
227 4559 412 4626 litterarum
445 4569 557 4630 tenore
587 4564 690 4648 ipsius
721 4565 844 4630 domini
863 4564 973 4646 Magni
1006 4583 1063 4629 seu
1090 4562 1198 4652 (leyse

69 4663 158 4751 Regis
176 4669 271 4736 inter
286 4667 356 4734 alia
371 4669 415 4754 hy
429 4671 559 4737 articuli
575 4671 777 4738 habeantur:
812 4671 916 4737 »Dedi
934 4681 1042 4738 autem
1060 4675 1094 4739 iu
1110 4681 1198 4743 terra
