<?xml version="1.0" encoding="UTF-8"?>
<!DOCTYPE html PUBLIC "-//W3C//DTD XHTML 1.0 Transitional//EN"
    "http://www.w3.org/TR/xhtml1/DTD/xhtml1-transitional.dtd">
<html xmlns="http://www.w3.org/1999/xhtml" xml:lang="en" lang="en">
 <head>
  <title>
</title>
<meta http-equiv="Content-Type" content="text/html;charset=utf-8" />
  <meta name='ocr-system' content='tesseract 3.04.00' />
  <meta name='ocr-capabilities' content='ocr_page ocr_carea ocr_par ocr_line ocrx_word'/>
</head>
<body>
  <div class='ocr_page' id='page_1' title='image "./codexdiplomatic10wenzgoog_0576.png"; bbox 0 0 3208 5158; ppageno 0'>
   <div class='ocr_carea' id='block_1_1' title="bbox 163 473 1295 2072">
    <p class='ocr_par' dir='ltr' id='par_1_1' title="bbox 163 473 1295 2072">
     <span class='ocr_line' id='line_1_1' title="bbox 163 473 1294 562; baseline 0.004 -20"><span class='ocrx_word' id='word_1_1' title='bbox 163 495 241 562; x_wconf 88' lang='lat' dir='ltr'>pum</span> <span class='ocrx_word' id='word_1_2' title='bbox 257 483 289 543; x_wconf 91' lang='lat' dir='ltr'>et</span> <span class='ocrx_word' id='word_1_3' title='bbox 304 477 428 542; x_wconf 82' lang='lat' dir='ltr'>Beuum</span> <span class='ocrx_word' id='word_1_4' title='bbox 445 473 486 540; x_wconf 87' lang='lat' dir='ltr'>de</span> <span class='ocrx_word' id='word_1_5' title='bbox 502 476 604 560; x_wconf 81' lang='lat' dir='ltr'>Regis</span> <span class='ocrx_word' id='word_1_6' title='bbox 619 476 774 543; x_wconf 84' lang='lat' dir='ltr'>mandate</span> <span class='ocrx_word' id='word_1_7' title='bbox 798 483 919 543; x_wconf 82' lang='lat' dir='ltr'>terram</span> <span class='ocrx_word' id='word_1_8' title='bbox 951 475 1088 546; x_wconf 76' lang='lat' dir='ltr'>Comitis</span> <span class='ocrx_word' id='word_1_9' title='bbox 1118 477 1294 546; x_wconf 85' lang='lat' dir='ltr'>Lanehreti</span> 
     </span>
     <span class='ocr_line' id='line_1_2' title="bbox 163 580 1291 670; baseline 0.005 -22"><span class='ocrx_word' id='word_1_10' title='bbox 163 583 207 649; x_wconf 87' lang='lat' dir='ltr'>ad</span> <span class='ocrx_word' id='word_1_11' title='bbox 223 583 336 650; x_wconf 85' lang='lat' dir='ltr'>villam</span> <span class='ocrx_word' id='word_1_12' title='bbox 353 580 545 650; x_wconf 85' lang='lat' dir='ltr'>Zumbathel</span> <span class='ocrx_word' id='word_1_13' title='bbox 560 584 787 670; x_wconf 79' lang='lat' dir='ltr'>pertinentem,</span> <span class='ocrx_word' id='word_1_14' title='bbox 805 602 847 651; x_wconf 93' lang='lat' dir='ltr'>ne</span> <span class='ocrx_word' id='word_1_15' title='bbox 863 603 921 670; x_wconf 89' lang='lat' dir='ltr'>per</span> <span class='ocrx_word' id='word_1_16' title='bbox 936 603 1011 652; x_wconf 90' lang='lat' dir='ltr'>suus</span> <span class='ocrx_word' id='word_1_17' title='bbox 1027 585 1150 652; x_wconf 88' lang='lat' dir='ltr'>vieinos</span> <span class='ocrx_word' id='word_1_18' title='bbox 1167 592 1199 652; x_wconf 89' lang='lat' dir='ltr'>et</span> <span class='ocrx_word' id='word_1_19' title='bbox 1208 606 1291 654; x_wconf 86' lang='lat' dir='ltr'>oom-</span> 
     </span>
     <span class='ocr_line' id='line_1_3' title="bbox 163 690 1295 780; baseline 0.004 -23"><span class='ocrx_word' id='word_1_20' title='bbox 163 699 331 759; x_wconf 86' lang='lat' dir='ltr'>metaneos</span> <span class='ocrx_word' id='word_1_21' title='bbox 347 691 519 758; x_wconf 87' lang='lat' dir='ltr'>ooeesione</span> <span class='ocrx_word' id='word_1_22' title='bbox 535 697 695 757; x_wconf 83' lang='lat' dir='ltr'>netarum</span> <span class='ocrx_word' id='word_1_23' title='bbox 711 690 928 780; x_wconf 84' lang='lat' dir='ltr'>impeteretur,</span> <span class='ocrx_word' id='word_1_24' title='bbox 962 711 1020 776; x_wconf 89' lang='lat' dir='ltr'>per</span> <span class='ocrx_word' id='word_1_25' title='bbox 1036 712 1116 760; x_wconf 86' lang='lat' dir='ltr'>suas</span> <span class='ocrx_word' id='word_1_26' title='bbox 1132 700 1235 762; x_wconf 83' lang='lat' dir='ltr'>metas</span> <span class='ocrx_word' id='word_1_27' title='bbox 1261 695 1295 762; x_wconf 88' lang='lat' dir='ltr'>in</span> 
     </span>
     <span class='ocr_line' id='line_1_4' title="bbox 164 797 1295 882; baseline 0.004 -17"><span class='ocrx_word' id='word_1_28' title='bbox 164 799 282 867; x_wconf 89' lang='lat' dir='ltr'>eodem</span> <span class='ocrx_word' id='word_1_29' title='bbox 300 797 501 882; x_wconf 78' lang='lat' dir='ltr'>conscriptus</span> <span class='ocrx_word' id='word_1_30' title='bbox 517 797 705 864; x_wconf 78' lang='lat' dir='ltr'>distinctam</span> <span class='ocrx_word' id='word_1_31' title='bbox 720 797 895 881; x_wconf 64' lang='lat' dir='ltr'>*extitisse;</span> <span class='ocrx_word' id='word_1_32' title='bbox 923 798 1060 866; x_wconf 84' lang='lat' dir='ltr'>alterins</span> <span class='ocrx_word' id='word_1_33' title='bbox 1085 821 1162 866; x_wconf 84' lang='lat' dir='ltr'>vero</span> <span class='ocrx_word' id='word_1_34' title='bbox 1193 801 1295 869; x_wconf 85' lang='lat' dir='ltr'>series</span> 
     </span>
     <span class='ocr_line' id='line_1_5' title="bbox 163 905 1293 992; baseline 0.004 -19"><span class='ocrx_word' id='word_1_35' title='bbox 163 910 196 973; x_wconf 91' lang='lat' dir='ltr'>in</span> <span class='ocrx_word' id='word_1_36' title='bbox 212 907 336 975; x_wconf 83' lang='lat' dir='ltr'>Prelak</span> <span class='ocrx_word' id='word_1_37' title='bbox 352 907 456 974; x_wconf 85' lang='lat' dir='ltr'>teroia</span> <span class='ocrx_word' id='word_1_38' title='bbox 472 905 557 974; x_wconf 81' lang='lat' dir='ltr'>feria</span> <span class='ocrx_word' id='word_1_39' title='bbox 573 914 647 992; x_wconf 84' lang='lat' dir='ltr'>post</span> <span class='ocrx_word' id='word_1_40' title='bbox 662 905 780 977; x_wconf 84' lang='lat' dir='ltr'>festum</span> <span class='ocrx_word' id='word_1_41' title='bbox 806 905 919 974; x_wconf 83' lang='lat' dir='ltr'>Sanoti</span> <span class='ocrx_word' id='word_1_42' title='bbox 945 909 1077 976; x_wconf 79' lang='lat' dir='ltr'>Nicolai</span> <span class='ocrx_word' id='word_1_43' title='bbox 1094 910 1165 977; x_wconf 88' lang='lat' dir='ltr'>sine</span> <span class='ocrx_word' id='word_1_44' title='bbox 1197 931 1293 990; x_wconf 85' lang='lat' dir='ltr'>anno,</span> 
     </span>
     <span class='ocr_line' id='line_1_6' title="bbox 163 1013 1293 1101; baseline 0.002 -18"><span class='ocrx_word' id='word_1_45' title='bbox 163 1013 294 1083; x_wconf 87' lang='lat' dir='ltr'>eosdem</span> <span class='ocrx_word' id='word_1_46' title='bbox 313 1015 507 1101; x_wconf 76' lang='lat' dir='ltr'>Episcopum</span> <span class='ocrx_word' id='word_1_47' title='bbox 524 1021 557 1081; x_wconf 86' lang='lat' dir='ltr'>et</span> <span class='ocrx_word' id='word_1_48' title='bbox 572 1013 698 1080; x_wconf 88' lang='lat' dir='ltr'>Banum</span> <span class='ocrx_word' id='word_1_49' title='bbox 715 1014 756 1080; x_wconf 87' lang='lat' dir='ltr'>de</span> <span class='ocrx_word' id='word_1_50' title='bbox 773 1013 874 1098; x_wconf 86' lang='lat' dir='ltr'>Regio</span> <span class='ocrx_word' id='word_1_51' title='bbox 891 1013 1045 1080; x_wconf 83' lang='lat' dir='ltr'>mandato</span> <span class='ocrx_word' id='word_1_52' title='bbox 1062 1013 1176 1082; x_wconf 75' lang='lat' dir='ltr'>(inmiti</span> <span class='ocrx_word' id='word_1_53' title='bbox 1208 1017 1293 1085; x_wconf 85' lang='lat' dir='ltr'>Lau·</span> 
     </span>
     <span class='ocr_line' id='line_1_7' title="bbox 164 1121 1294 1206; baseline 0.003 -18"><span class='ocrx_word' id='word_1_54' title='bbox 164 1123 278 1189; x_wconf 88' lang='lat' dir='ltr'>ohreto</span> <span class='ocrx_word' id='word_1_55' title='bbox 295 1124 330 1189; x_wconf 92' lang='lat' dir='ltr'>in</span> <span class='ocrx_word' id='word_1_56' title='bbox 345 1121 570 1189; x_wconf 76' lang='lat' dir='ltr'>concambium</span> <span class='ocrx_word' id='word_1_57' title='bbox 586 1127 671 1188; x_wconf 91' lang='lat' dir='ltr'>terre</span> <span class='ocrx_word' id='word_1_58' title='bbox 686 1139 755 1206; x_wconf 87' lang='lat' dir='ltr'>sue,</span> <span class='ocrx_word' id='word_1_59' title='bbox 794 1140 870 1188; x_wconf 86' lang='lat' dir='ltr'>uam</span> <span class='ocrx_word' id='word_1_60' title='bbox 886 1121 958 1187; x_wconf 85' lang='lat' dir='ltr'>Rex</span> <span class='ocrx_word' id='word_1_61' title='bbox 968 1121 1152 1206; x_wconf 79' lang='lat' dir='ltr'>hospitibus</span> <span class='ocrx_word' id='word_1_62' title='bbox 1166 1125 1235 1190; x_wconf 90' lang='lat' dir='ltr'>suis</span> <span class='ocrx_word' id='word_1_63' title='bbox 1253 1124 1294 1190; x_wconf 87' lang='lat' dir='ltr'>de</span> 
     </span>
     <span class='ocr_line' id='line_1_8' title="bbox 163 1228 1295 1314; baseline 0 -17"><span class='ocrx_word' id='word_1_64' title='bbox 163 1229 305 1298; x_wconf 79' lang='lat' dir='ltr'>P1elaak</span> <span class='ocrx_word' id='word_1_65' title='bbox 320 1229 451 1296; x_wconf 79' lang='lat' dir='ltr'>fecisset</span> <span class='ocrx_word' id='word_1_66' title='bbox 465 1230 641 1314; x_wconf 85' lang='lat' dir='ltr'>assignari,</span> <span class='ocrx_word' id='word_1_67' title='bbox 658 1237 782 1296; x_wconf 87' lang='lat' dir='ltr'>terram</span> <span class='ocrx_word' id='word_1_68' title='bbox 798 1228 925 1295; x_wconf 87' lang='lat' dir='ltr'>Polona</span> <span class='ocrx_word' id='word_1_69' title='bbox 942 1229 1083 1312; x_wconf 86' lang='lat' dir='ltr'>quinque</span> <span class='ocrx_word' id='word_1_70' title='bbox 1114 1238 1295 1297; x_wconf 78' lang='lat' dir='ltr'>aratrorum</span> 
     </span>
     <span class='ocr_line' id='line_1_9' title="bbox 163 1335 1291 1421; baseline -0.001 -16"><span class='ocrx_word' id='word_1_71' title='bbox 163 1337 239 1405; x_wconf 84' lang='lat' dir='ltr'>Elis</span> <span class='ocrx_word' id='word_1_72' title='bbox 253 1337 310 1421; x_wconf 86' lang='lat' dir='ltr'>filij</span> <span class='ocrx_word' id='word_1_73' title='bbox 329 1337 500 1421; x_wconf 82' lang='lat' dir='ltr'>Luurenoij</span> <span class='ocrx_word' id='word_1_74' title='bbox 519 1339 589 1404; x_wconf 89' lang='lat' dir='ltr'>sine</span> <span class='ocrx_word' id='word_1_75' title='bbox 606 1335 728 1404; x_wconf 84' lang='lat' dir='ltr'>herede</span> <span class='ocrx_word' id='word_1_76' title='bbox 743 1336 883 1418; x_wconf 88' lang='lat' dir='ltr'>deeessi‚</span> <span class='ocrx_word' id='word_1_77' title='bbox 915 1335 993 1404; x_wconf 87' lang='lat' dir='ltr'>item</span> <span class='ocrx_word' id='word_1_78' title='bbox 1008 1342 1129 1402; x_wconf 87' lang='lat' dir='ltr'>terram</span> <span class='ocrx_word' id='word_1_79' title='bbox 1155 1336 1291 1404; x_wconf 90' lang='lat' dir='ltr'>duorum</span> 
     </span>
     <span class='ocr_line' id='line_1_10' title="bbox 165 1443 1287 1530; baseline 0.001 -20"><span class='ocrx_word' id='word_1_80' title='bbox 165 1452 347 1513; x_wconf 74' lang='lat' dir='ltr'>aratrorum</span> <span class='ocrx_word' id='word_1_81' title='bbox 364 1445 536 1529; x_wconf 84' lang='lat' dir='ltr'>Laurenoij</span> <span class='ocrx_word' id='word_1_82' title='bbox 554 1443 611 1529; x_wconf 84' lang='lat' dir='ltr'>filij</span> <span class='ocrx_word' id='word_1_83' title='bbox 630 1443 730 1530; x_wconf 85' lang='lat' dir='ltr'>Myok</span> <span class='ocrx_word' id='word_1_84' title='bbox 745 1444 934 1530; x_wconf 81' lang='lat' dir='ltr'>j0bagionis</span> <span class='ocrx_word' id='word_1_85' title='bbox 951 1445 1056 1511; x_wconf 80' lang='lat' dir='ltr'>Casiri</span> <span class='ocrx_word' id='word_1_86' title='bbox 1073 1444 1287 1529; x_wconf 84' lang='lat' dir='ltr'>Zaladiensis‚</span> 
     </span>
     <span class='ocr_line' id='line_1_11' title="bbox 163 1550 1292 1638; baseline -0.003 -18"><span class='ocrx_word' id='word_1_87' title='bbox 163 1573 228 1637; x_wconf 87' lang='lat' dir='ltr'>que</span> <span class='ocrx_word' id='word_1_88' title='bbox 243 1555 321 1620; x_wconf 86' lang='lat' dir='ltr'>ville</span> <span class='ocrx_word' id='word_1_89' title='bbox 337 1552 531 1620; x_wconf 83' lang='lat' dir='ltr'>Zumbathel</span> <span class='ocrx_word' id='word_1_90' title='bbox 546 1574 567 1619; x_wconf 87' lang='lat' dir='ltr'>a</span> <span class='ocrx_word' id='word_1_91' title='bbox 583 1558 675 1637; x_wconf 86' lang='lat' dir='ltr'>parte</span> <span class='ocrx_word' id='word_1_92' title='bbox 692 1553 842 1619; x_wconf 86' lang='lat' dir='ltr'>orientali</span> <span class='ocrx_word' id='word_1_93' title='bbox 860 1553 1110 1638; x_wconf 77' lang='lat' dir='ltr'>contiguaretur,</span> <span class='ocrx_word' id='word_1_94' title='bbox 1128 1550 1292 1620; x_wconf 86' lang='lat' dir='ltr'>submotis</span> 
     </span>
     <span class='ocr_line' id='line_1_12' title="bbox 163 1659 1292 1729; baseline -0.001 -4"><span class='ocrx_word' id='word_1_95' title='bbox 163 1661 197 1727; x_wconf 94' lang='lat' dir='ltr'>in</span> <span class='ocrx_word' id='word_1_96' title='bbox 216 1660 330 1728; x_wconf 87' lang='lat' dir='ltr'>eadem</span> <span class='ocrx_word' id='word_1_97' title='bbox 346 1661 507 1728; x_wconf 90' lang='lat' dir='ltr'>eontentis</span> <span class='ocrx_word' id='word_1_98' title='bbox 521 1662 675 1728; x_wconf 84' lang='lat' dir='ltr'>statuisse</span> <span class='ocrx_word' id='word_1_99' title='bbox 691 1661 876 1729; x_wconf 85' lang='lat' dir='ltr'>enodabant</span> <span class='ocrx_word' id='word_1_100' title='bbox 893 1663 957 1726; x_wconf 90' lang='lat' dir='ltr'>stb.</span> <span class='ocrx_word' id='word_1_101' title='bbox 983 1663 1102 1726; x_wconf 83' lang='lat' dir='ltr'>Datum</span> <span class='ocrx_word' id='word_1_102' title='bbox 1119 1660 1182 1726; x_wconf 90' lang='lat' dir='ltr'>stb.</span> <span class='ocrx_word' id='word_1_103' title='bbox 1200 1659 1292 1724; x_wconf 89' lang='lat' dir='ltr'>Bude</span> 
     </span>
     <span class='ocr_line' id='line_1_13' title="bbox 165 1766 1291 1855; baseline -0.002 -19"><span class='ocrx_word' id='word_1_104' title='bbox 165 1769 327 1855; x_wconf 84' lang='lat' dir='ltr'>vigesimo</span> <span class='ocrx_word' id='word_1_105' title='bbox 344 1769 396 1837; x_wconf 91' lang='lat' dir='ltr'>die</span> <span class='ocrx_word' id='word_1_106' title='bbox 411 1777 600 1835; x_wconf 87' lang='lat' dir='ltr'>ootauarum</span> <span class='ocrx_word' id='word_1_107' title='bbox 631 1770 706 1836; x_wconf 80' lang='lat' dir='ltr'>sesti</span> <span class='ocrx_word' id='word_1_108' title='bbox 738 1769 981 1836; x_wconf 85' lang='lat' dir='ltr'>Purifieaeionis</span> <span class='ocrx_word' id='word_1_109' title='bbox 1013 1767 1114 1836; x_wconf 86' lang='lat' dir='ltr'>Beate</span> <span class='ocrx_word' id='word_1_110' title='bbox 1146 1766 1291 1851; x_wconf 82' lang='lat' dir='ltr'>Virginis</span> 
     </span>
     <span class='ocr_line' id='line_1_14' title="bbox 163 1875 1290 1962; baseline -0.003 -19"><span class='ocrx_word' id='word_1_111' title='bbox 163 1877 385 1962; x_wconf 77' lang='lat' dir='ltr'>predictarum</span> <span class='ocrx_word' id='word_1_112' title='bbox 403 1898 487 1944; x_wconf 91' lang='lat' dir='ltr'>anno</span> <span class='ocrx_word' id='word_1_113' title='bbox 503 1875 633 1942; x_wconf 90' lang='lat' dir='ltr'>Domini</span> <span class='ocrx_word' id='word_1_114' title='bbox 649 1875 794 1945; x_wconf 80' lang='lat' dir='ltr'><strong>M⁰GOO⁰</strong></span> <span class='ocrx_word' id='word_1_115' title='bbox 805 1877 1054 1962; x_wconf 80' lang='lat' dir='ltr'>septuagesimo,</span> <span class='ocrx_word' id='word_1_116' title='bbox 1069 1875 1172 1960; x_wconf 84' lang='lat' dir='ltr'>Regni</span> <span class='ocrx_word' id='word_1_117' title='bbox 1184 1882 1290 1941; x_wconf 83' lang='lat' dir='ltr'>autern</span> 
     </span>
     <span class='ocr_line' id='line_1_15' title="bbox 164 1985 637 2072; baseline 0 -20"><span class='ocrx_word' id='word_1_118' title='bbox 164 1986 215 2053; x_wconf 87' lang='lat' dir='ltr'>sni</span> <span class='ocrx_word' id='word_1_119' title='bbox 232 2005 320 2054; x_wconf 85' lang='lat' dir='ltr'>anno</span> <span class='ocrx_word' id='word_1_120' title='bbox 337 1985 499 2052; x_wconf 75' lang='lat' dir='ltr'>turesino</span> <span class='ocrx_word' id='word_1_121' title='bbox 515 1987 637 2072; x_wconf 87' lang='lat' dir='ltr'>quinto.</span> 
     </span>
    </p>
   </div>
   <div class='ocr_carea' id='block_1_2' title="bbox 381 2182 1074 2246">
    <p class='ocr_par' dir='ltr' id='par_1_2' title="bbox 381 2182 1074 2246">
     <span class='ocr_line' id='line_1_16' title="bbox 381 2182 1074 2246; baseline -0.006 -10"><span class='ocrx_word' id='word_1_122' title='bbox 381 2183 522 2246; x_wconf 78' lang='lat' dir='ltr'>(Erodetie</span> <span class='ocrx_word' id='word_1_123' title='bbox 541 2202 558 2237; x_wconf 85' lang='lat' dir='ltr'>e</span> <span class='ocrx_word' id='word_1_124' title='bbox 575 2185 660 2237; x_wconf 78' lang='lat' dir='ltr'>budai</span> <span class='ocrx_word' id='word_1_125' title='bbox 672 2186 726 2236; x_wconf 83' lang='lat' dir='ltr'>kir.</span> <span class='ocrx_word' id='word_1_126' title='bbox 739 2186 865 2237; x_wconf 80' lang='lat' dir='ltr'>kemarsi</span> <span class='ocrx_word' id='word_1_127' title='bbox 877 2182 1074 2246; x_wconf 67' lang='lat' dir='ltr'>revelarem)</span> 
     </span>
    </p>
   </div>
   <div class='ocr_carea' id='block_1_3' title="bbox 690 3004 766 3072">
    <p class='ocr_par' dir='ltr' id='par_1_3' title="bbox 690 3004 766 3072">
     <span class='ocr_line' id='line_1_17' title="bbox 690 3004 766 3072; baseline 0 0"><span class='ocrx_word' id='word_1_128' title='bbox 690 3004 766 3072; x_wconf 77' lang='lat'><strong>380.</strong></span> 
     </span>
    </p>
   </div>
   <div class='ocr_carea' id='block_1_4' title="bbox 158 3200 1286 3505">
    <p class='ocr_par' dir='ltr' id='par_1_4' title="bbox 158 3200 1286 3505">
     <span class='ocr_line' id='line_1_18' title="bbox 159 3200 1285 3290; baseline -0.004 -20"><span class='ocrx_word' id='word_1_129' title='bbox 159 3205 306 3270; x_wconf 77' lang='lat' dir='ltr'>Ratiezlo</span> <span class='ocrx_word' id='word_1_130' title='bbox 321 3203 619 3290; x_wconf 79' lang='lat' dir='ltr'>halioeifejedelem</span> <span class='ocrx_word' id='word_1_131' title='bbox 637 3205 668 3267; x_wconf 71' lang='lat' dir='ltr'>es</span> <span class='ocrx_word' id='word_1_132' title='bbox 682 3206 753 3290; x_wconf 81' lang='lat' dir='ltr'>aeje</span> <span class='ocrx_word' id='word_1_133' title='bbox 769 3200 877 3284; x_wconf 79' lang='lat' dir='ltr'>Aaou,</span> <span class='ocrx_word' id='word_1_134' title='bbox 910 3205 932 3268; x_wconf 90' lang='lat' dir='ltr'><em>l</em></span> <span class='ocrx_word' id='word_1_135' title='bbox 934 3201 965 3269; x_wconf 87' lang='lat' dir='ltr'>V.</span> <span class='ocrx_word' id='word_1_136' title='bbox 983 3201 1067 3267; x_wconf 69' lang='lat' dir='ltr'>Belo</span> <span class='ocrx_word' id='word_1_137' title='bbox 1084 3203 1194 3286; x_wconf 68' lang='lat' dir='ltr'>kirtly</span> <span class='ocrx_word' id='word_1_138' title='bbox 1209 3203 1285 3266; x_wconf 84' lang='lat' dir='ltr'>odo·</span> 
     </span>
     <span class='ocr_line' id='line_1_19' title="bbox 158 3311 1286 3398; baseline -0.003 -21"><span class='ocrx_word' id='word_1_139' title='bbox 158 3311 489 3398; x_wconf 79' lang='lat' dir='ltr'>mdayciaaksolytda</span> <span class='ocrx_word' id='word_1_140' title='bbox 506 3311 723 3396; x_wconf 69' lang='lat' dir='ltr'>Iasepfio&#39;ouk</span> <span class='ocrx_word' id='word_1_141' title='bbox 738 3312 923 3378; x_wconf 74' lang='lat' dir='ltr'>Miklosneu</span> <span class='ocrx_word' id='word_1_142' title='bbox 939 3312 1041 3397; x_wconf 72' lang='lat' dir='ltr'>Beraq</span> <span class='ocrx_word' id='word_1_143' title='bbox 1057 3313 1178 3396; x_wconf 72' lang='lat' dir='ltr'>meyyei</span> <span class='ocrx_word' id='word_1_144' title='bbox 1206 3311 1286 3374; x_wconf 80' lang='lat' dir='ltr'>Paz-</span> 
     </span>
     <span class='ocr_line' id='line_1_20' title="bbox 366 3417 1093 3505; baseline -0.003 -23"><span class='ocrx_word' id='word_1_145' title='bbox 366 3443 435 3484; x_wconf 82' lang='lat' dir='ltr'>aua</span> <span class='ocrx_word' id='word_1_146' title='bbox 446 3417 552 3503; x_wconf 65' lang='lat' dir='ltr'>ulau</span> <span class='ocrx_word' id='word_1_147' title='bbox 567 3419 834 3505; x_wconf 75' lang='lat' dir='ltr'>adomuayozzot.</span> <span class='ocrx_word' id='word_1_148' title='bbox 863 3417 1093 3485; x_wconf 76' lang='lat'><em>1245-1264.</em></span> 
     </span>
    </p>
   </div>
   <div class='ocr_carea' id='block_1_5' title="bbox 157 3615 1283 3770">
    <p class='ocr_par' dir='ltr' id='par_1_5' title="bbox 157 3615 1283 3770">
     <span class='ocr_line' id='line_1_21' title="bbox 157 3615 1283 3684; baseline -0.002 -18"><span class='ocrx_word' id='word_1_149' title='bbox 157 3616 194 3679; x_wconf 68' lang='lat' dir='ltr'>(A</span> <span class='ocrx_word' id='word_1_150' title='bbox 213 3617 281 3684; x_wconf 72' lang='lat' dir='ltr'>grui</span> <span class='ocrx_word' id='word_1_151' title='bbox 298 3617 388 3682; x_wconf 74' lang='lat' dir='ltr'>Ziohy</span> <span class='ocrx_word' id='word_1_152' title='bbox 406 3617 500 3668; x_wconf 67' lang='lat' dir='ltr'>esaled</span> <span class='ocrx_word' id='word_1_153' title='bbox 519 3615 711 3681; x_wconf 72' lang='lat' dir='ltr'>Okmtnyttre</span> <span class='ocrx_word' id='word_1_154' title='bbox 728 3617 750 3666; x_wconf 90' lang='lat'>1.</span> <span class='ocrx_word' id='word_1_155' title='bbox 770 3617 828 3666; x_wconf 76' lang='lat' dir='ltr'>ket.</span> <span class='ocrx_word' id='word_1_156' title='bbox 858 3619 881 3666; x_wconf 84' lang='lat'>5.</span> <span class='ocrx_word' id='word_1_157' title='bbox 911 3617 966 3680; x_wconf 87' lang='lat' dir='ltr'>lap.</span> <span class='ocrx_word' id='word_1_158' title='bbox 998 3617 1081 3682; x_wconf 80' lang='lat' dir='ltr'>Negy</span> <span class='ocrx_word' id='word_1_159' title='bbox 1113 3616 1187 3666; x_wconf 80' lang='lat' dir='ltr'>Ianne</span> <span class='ocrx_word' id='word_1_160' title='bbox 1218 3615 1283 3665; x_wconf 79' lang='lat' dir='ltr'>ktiz-</span> 
     </span>
     <span class='ocr_line' id='line_1_22' title="bbox 650 3705 797 3770; baseline -0.007 -14"><span class='ocrx_word' id='word_1_161' title='bbox 650 3705 797 3770; x_wconf 75' lang='lat' dir='ltr'>lemtnye.)</span> 
     </span>
    </p>
   </div>
   <div class='ocr_carea' id='block_1_6' title="bbox 0 0 1611 5158">
    <p class='ocr_par' dir='ltr' id='par_1_6' title="bbox 0 0 1611 5158">
     <span class='ocr_line' id='line_1_23' title="bbox 0 0 1611 5158; baseline 0 0"><span class='ocrx_word' id='word_1_162' title='bbox 0 0 1611 5158; x_wconf 95' lang='lat' dir='ltr'> </span> 
     </span>
    </p>
   </div>
  </div>
 </body>
</html>
