3164 5154
869 305 1024 404 *1-4-

367 502 525 586 rcabitur,
542 520 601 570 vos
619 508 729 568 autem
745 497 871 567 lecistis
904 499 991 566 illam
1022 498 1213 584 speluncam
1245 501 1438 569 latronum«.
1470 503 1503 568 llt

384 611 517 679 iterum:
537 608 681 675 ›Vacate
697 615 729 678 et
747 605 866 694 videte,
884 607 1037 691 quoniam
1055 625 1115 690 ego
1132 625 1202 674 sum
1217 605 1340 677 Deus«.
1357 607 1401 675 lit
1414 609 1501 676 illud:

372 719 446 786 ·›In
462 716 603 787 ecclesia
619 715 681 784 Dei
699 723 755 783 aut
773 721 862 782 orate
878 723 937 782 aut
966 715 1111 802 psallite,
1144 717 1242 782 verba
1274 714 1381 785 otiosa
1413 717 1502 784 nolite

385 825 527 894 dicere«.
551 821 648 892 Unde
663 821 842 889 notandum
858 829 908 890 eut
932 821 1037 907 nobis,
1065 821 1184 890 tratres
1216 821 1386 910 carissimi,
1421 833 1454 895 ut
1478 825 1502 892 si

381 935 483 1003 uerba
498 934 602 1002 otiosa
622 929 780 999 Dominus
797 930 830 995 in
847 930 989 998 eeclesia
1004 950 1066 998 sua
1092 930 1242 1017 probibet
1274 931 1394 1021 diuers,
1425 932 1503 1018 quod

381 1041 455 1110 leue
471 1048 543 1124 est;
568 1037 812 1124 quantomagis
830 1035 1057 1124 nosprohibet
1089 1039 1124 1105 in
1154 1037 1250 1108 domo
1282 1059 1342 1109 sua
1374 1042 1501 1128 lupanar

362 1149 500 1238 iacere,
517 1146 604 1234 quod
621 1146 718 1213 nimiu
735 1166 875 1231 gravum
890 1151 951 1214 eut.
976 1147 1016 1212 nt
1030 1144 1059 1214 si
1076 1165 1136 1232 ego
1154 1146 1307 1216 tantillus
1322 1148 1499 1216 homonihil

380 1257 455 1323 uolo
471 1257 507 1323 in
523 1253 619 1324 domo
637 1273 713 1320 mea
728 1272 859 1322 cernere
873 1251 1051 1340 sordidum,
1078 1253 1136 1322 sed
1159 1255 1270 1322 omnia
1301 1255 1436 1343 pulchra
1465 1275 1497 1324 ao

379 1363 486 1430 nitida
502 1387 510 1429 ε
526 1369 649 1446 quanto
664 1359 771 1446 magis
786 1363 885 1449 Deus,
899 1361 956 1445 qui
974 1371 1025 1428 est
1039 1363 1111 1428 Rex
1141 1363 1268 1448 Regum
1298 1373 1331 1431 et
1362 1364 1500 1436 dominus

379 1469 625 1552 dominantium,
640 1467 711 1535 vult
725 1467 847 1536 habere
863 1467 972 1535 omnia
987 1467 1217 1553 pulchrissima
1232 1469 1267 1535 in
1294 1468 1391 1538 domo
1421 1471 1497 1540 sua?

379 1578 585 1666 Quapropter
599 1576 716 1643 timore
731 1575 904 1662 perterriti,
937 1582 1154 1661 optantesque
1169 1595 1229 1643 noe
1245 1596 1285 1644 ex
1301 1578 1428 1664 antiqui
1450 1579 1498 1645 ho·

379 1687 439 1753 stis
456 1687 573 1770 laqueo
590 1685 724 1771 eripere,
741 1682 926 1766 rogavimus
943 1681 1110 1767 predictus
1137 1683 1313 1752 monachus
1346 1686 1497 1753 unanimi·

379 1803 436 1882 ter,
454 1793 537 1860 utin
554 1793 625 1860 loco
642 1791 765 1858 fabrice
781 1792 958 1857 constituto
974 1788 1114 1856 alterum
1140 1792 1317 1876 pretorium
1345 1830 1383 1840 —
1402 1827 1444 1841 -
1460 1829 1498 1840 —

379 1934 1442 1952 ------------------
1471 1907 1499 1968 et

378 2009 540 2098 prefatam
554 2007 767 2076 hereditatem
785 2005 841 2072 liat
856 2005 1033 2074 secundum
1046 2005 1175 2074 Domini
1188 2013 1375 2094 preceptum
1388 2007 1497 2077 amodo

377 2119 527 2202 et'usque
543 2115 577 2182 in
594 2115 826 2200 sempiternum
842 2113 988 2200 liberam,
1006 2121 1042 2180 ut
1066 2115 1159 2182 dccet
1191 2114 1321 2181 domum
1352 2117 1424 2184 Dei.
1461 2115 1499 2179 Et

377 2226 438 2293 hoe
454 2225 576 2292 lactum
594 2229 654 2309 est,
670 2222 765 2288 sicuti
780 2219 898 2306 prefati
915 2241 1036 2308 sumus,
1054 2240 1096 2288 en
1112 2241 1273 2290 consensu
1290 2221 1377 2290 omni
1404 2242 1498 2309 popu-

376 2334 422 2416 lo,
437 2339 468 2399 et
483 2329 607 2397 domini
633 2327 720 2394 Petri
744 2325 939 2394 venerabilis
971 2327 1119 2412 Abbatis,
1151 2329 1283 2413 quantis
1314 2332 1495 2398 morabatur

376 2438 574 2525 temporibus
591 2436 625 2502 in
639 2434 757 2519 insula,
773 2453 835 2516 que
850 2441 987 2500 uocatur
1001 2435 1193 2515 Lacrumno,
1212 2437 1274 2502 sub
1285 2437 1378 2504 euius
1388 2437 1495 2521 regula

375 2545 520 2628 degebat
534 2543 631 2608 etiam
648 2547 679 2606 et
695 2540 765 2627 ipse
781 2540 968 2608 monachus.
994 2539 1087 2608 Unde
1103 2538 1169 2608 non
1184 2541 1308 2609 audeat
1324 2543 1356 2609 ei
1372 2563 1415 2612 an
1430 2545 1491 2612 nul·

374 2653 427 2719 lue
443 2649 613 2719 cuiuslibet
625 2647 721 2714 homo
739 2643 969 2732 contradicere,
1006 2668 1065 2714 nee
1090 2668 1259 2717 successor
1290 2649 1416 2718 scilicet
1445 2672 1494 2718 no-

377 2769 453 2846 ster,
471 2778 529 2826 nec
545 2753 663 2823 nobilis
677 2759 795 2822 noster.
813 2751 936 2830 Quodsi
951 2755 1023 2838 quis
1040 2763 1150 2823 noster
1165 2756 1234 2824 sive
1250 2777 1418 2827 successor
1432 2761 1494 2826 sive

373 2867 492 2936 nobilis
508 2873 668 2932 temerare
684 2861 925 2948 presumpserit,
958 2863 1147 2946 solvereque
1174 2866 1418 2950 attemptaverit
1448 2867 1494 2932 fir·

373 2976 519 3043 missimo
535 2972 646 3059 pactui
662 2975 782 3052 nostro,
798 2967 916 3036 babeat
938 2968 993 3036 ille
1021 2969 1151 3054 mancip
1167 3007 1447 3024 —————
1466 2972 1492 3037 io

367 3083 532 3168 ¹uideatur,
550 3081 632 3147 iram
648 3077 711 3144 Dei
727 3074 974 3160 omnipotentis,
991 3075 1100 3143 Patris
1116 3076 1194 3142 Filii
1210 3085 1244 3143 et
1259 3077 1401 3162 Spiritus
1417 3080 1493 3147 San·

370 3193 423 3278 cti,
439 3191 592 3275 incurrat,
610 3190 642 3252 ct
657 3189 842 3251 sanctorum
859 3183 1009 3270 omnium,
1028 3189 1061 3249 et
1076 3203 1096 3249 a
1111 3183 1350 3252 meledictionis
1368 3185 1492 3257 uinculo

369 3305 583 3369 tercentorum
599 3299 631 3357 et
647 3298 719 3359 octo
736 3288 818 3378 (lgy,
833 3289 1051 3376 helyesebben
1067 3291 1149 3378 318)
1166 3292 1298 3358 Patrum
1315 3292 1489 3361 insolubili-

369 3417 417 3476 ter
435 3403 624 3486 denodetur,
641 3398 718 3464 etin
736 3395 912 3462 novissimo
928 3397 1124 3464 maranatha
1140 3417 1212 3465 cum
1229 3399 1361 3468 diabolo
1379 3407 1411 3468 et
1427 3400 1493 3468 eins

368 3521 471 3582 tetros
487 3507 661 3589 ministros,
678 3525 718 3571 uo
733 3502 820 3570 Judu
836 3502 1027 3572 Scariothes
1043 3504 1077 3570 in
1093 3501 1226 3572 Genehe
1241 3505 1410 3574 baratrum
1427 3529 1491 3576 mu·

368 3628 510 3702 neretur‚
527 3621 560 3684 et
586 3617 710 3681 statuta
733 3610 898 3696 privilegii
930 3611 1153 3696 redintegrare
1184 3611 1357 3698 dupliciter
1387 3619 1491 3703 pretio

363 3723 515 3814 judiciali
533 3718 696 3791 sententia
712 3717 907 3804 perdonctur
923 3726 1020 3801 atque
1037 3719 1255 3787 convincatur.
1351 3781 1353 3786 .

475 3831 591 3898 Actum
609 3834 660 3895 eut
675 3825 736 3893 hoo
768 3824 879 3910 palam
911 3826 1046 3894 testibus
1079 3830 1318 3895 corroboratum
1348 3837 1494 3916 tempore

365 3937 590 4025 suprascripto
606 3955 714 4002 mense
730 3931 910 4002 Februarii.
950 3935 992 4000 Et
1009 3933 1216 4019 nosmetipsi
1242 3935 1368 4004 seilicet
1393 3939 1492 4024 privi-

364 4047 454 4133 legia
468 4045 525 4133 qui
540 4041 757 4128 disposuimus
772 4039 888 4128 lacere,
905 4040 1063 4125 elegimus
1080 4049 1189 4110 tantos
1205 4061 1244 4109 au
1262 4044 1345 4111 talen
1370 4050 1491 4114 testes:

470 4151 622 4220 Primitus
638 4149 778 4218 omnium
794 4149 863 4233 ligo
880 4147 1125 4234 prenominatus
1142 4149 1235 4216 Prior
1252 4149 1346 4217 testis
1357 4171 1444 4241 sum,
1461 4159 1492 4220 et

354 4262 423 4331 hoo
440 4269 489 4330 est
504 4261 525 4339 †
539 4260 667 4345 signum
682 4277 798 4324 meum.

469 4369 601 4456 Signum
617 4366 637 4446 †
653 4385 751 4434 manu
766 4363 925 4450 Stephani
940 4363 1191 4434 Presbiteri‘filii
1207 4399 1250 4414 ··-
1266 4400 1311 4416 -
1329 4403 1384 4438 -.

466 4478 603 4564 Signum
634 4474 655 4553 †
685 4491 784 4540 manu
815 4469 936 4540 domini
968 4471 1153 4558 Lampridii
1175 4471 1354 4541 Preebiteri
1386 4474 1493 4546 frater

345 4583 506 4651 -Joannia
