3080 5146
583 1087 659 1158 298.

80 1281 193 1352 &odor
208 1286 320 1356 eal-dein
337 1291 369 1356 da
384 1289 517 1372 adprddi
525 1289 734 1376 fliiepdanuk
760 1301 791 1356 ot
806 1294 857 1358 eui
888 1293 998 1360 lizedet
1030 1295 1183 1378 tdrgyoad

78 1393 241 1462 illletleuele
257 1421 278 1462 a
294 1397 432 1484 adprdbi
447 1397 617 1483 buptatoo,
634 1419 650 1461 a
667 1398 798 1466 Halucld
814 1422 913 1466 corrues
930 1404 962 1468 ds
976 1403 1072 1487 πόροι·
1096 1404 1179 1468 ledat.

573 1505 667 1568 1256.

167 1699 231 1766 Noe
245 1697 399 1783 Magister
414 1697 636 1787 Aderander)
652 1701 837 1768 Vicebanus
853 1709 885 1769 et
912 1701 1028 1770 Comes
1059 1705 1179 1790 Zagru-

79 1805 194 1893 biensis,
225 1808 378 1876 memorie
409 1807 672 1876 commendantes
702 1816 812 1876 tenore
843 1813 1049 1894 presencium
1074 1819 1184 1878 notum

79 1912 199 1980 lauimus
215 1915 332 1998 quibus
349 1909 482 2001 expedit
513 1917 675 1984 universis
698 1916 809 2000 :quod
840 1937 910 1984 cum
943 1919 1068 2002 questio
1099 1928 1186 1986 mota

82 2019 180 2088 luisset
207 2023 292 2089 inter
322 2021 508 2108 Capitulum
541 2024 763 2108 Zagrabiense
779 2045 875 2110 super
891 2023 1024 2092 decimis
1041 2025 1184 2109 quinque

79 2147 217 2194 annorum
234 2149 273 2196 cx
290 2136 383 2212 parte
399 2128 541 2196 Hobcldi
557 2129 690 2198 Comitis
722 2137 754 2198 et
785 2131 975 2217 populorum
999 2151 1138 2218 suorum,
1156 2135 1189 2197 et

80 2235 222 2304 deterre
252 2236 480 2320 generacionis
511 2238 590 2306 Guri
633 2238 909 2323 provenientibus,
951 2245 983 2304 ct
1013 2238 1187 2304 secundum

80 2345 264 2413 sentenciam
294 2342 418 2412 Judicis
449 2345 523 2412 aule
554 2345 664 2431 Regis,
696 2351 875 2412 memorato
906 2344 1054 2411 Hoholdo
1070 2343 1188 2410 Comiti

80 2449 279 2519 iuramentum
296 2449 412 2518 luisset
427 2451 647 2518 adiudicatum
665 2472 761 2537 super
777 2472 825 2536 eo,
856 2451 942 2535 quod
960 2450 1044 2517 idem
1070 2450 1189 2516 Hohol·

81 2555 130 2623 dus
145 2555 255 2625 Comes
271 2555 483 2626 decimatores
499 2559 602 2646 ipsius
619 2558 762 2646 Capituli
778 2581 798 2624 a
816 2559 967 2626 dicendis
1000 2557 1135 2626 decimis
1160 2565 1192 2625 et

82 2665 235 2750 erigendis
252 2665 393 2751 propriis
418 2668 608 2752 populorum
625 2685 767 2751 sucrum,
784 2666 872 2732 etde
889 2673 977 2732 terra
1002 2665 1189 2748 generacio·

82 2773 124 2839 nis
150 2773 226 2839 Guri
258 2793 323 2838 non
354 2771 597 2856 impedivisset3
631 2779 664 2838 ct
695 2793 751 2858 pro
784 2778 877 2858 parte
903 2773 1060 2861 Capituli,
1076 2775 1192 2842 Petrus
1297 2854 1301 2863 Ι

83 2879 297 2961 Zagrubiensis
328 2887 360 2946 et
390 2881 506 2946 Petrus
537 2880 764 2947 Gamarcensis
805 2879 1035 2946 Archidiueuni
1082 2882 1190 2948 iurare

84 2988 255 3055 debuissent
271 3006 370 3072 super
387 2985 521 3053 decimis
538 2988 681 3071 quinque
698 3007 864 3054 annorum
882 2986 1057 3072 peripsum
1075 2987 1194 3052 Habol·

84 3092 146 3159 dum
175 3093 330 3160 Comitem
362 3093 544 3180 denegatis,
561 3115 643 3179 quas
669 3093 768 3162 iidem
784 3093 1019 3160 Archidiaeoni
1034 3094 1194 3159 taxabant

86 3201 121 3264 ad
134 3221 286 3268 summam
304 3201 554 3283 quingentarum
571 3221 756 3288 pensarum,
774 3208 807 3267 et
823 3199 883 3268 hoc
898 3201 931 3267 iu
958 3201 1091 3266 decimis
1123 3221 1194 3286 pro·

87 3309 152 3390 priis
180 3307 313 3375 Comitis
343 3306 493 3392 Hoholdi,
526 3310 718 3394 populorum
735 3329 876 3392 suorum,
893 3307 981 3374 etde
997 3314 1084 3372 terra
1100 3323 1195 3392 gene·

88 3417 213 3483 racionis
228 3414 309 3482 Guri
328 3415 362 3480 in
378 3415 536 3500 frugibus,
555 3416 639 3500 vino,
655 3415 781 3501 apibus,
797 3413 938 3499 gallinis,
955 3413 1057 3500 kytis,
1082 3412 1196 3480 suellis

90 3523 215 3608 stagnis
241 3521 423 3608 denegatis,
440 3529 471 3587 et
488 3521 633 3606 predicta
650 3523 831 3588 iuramenta
848 3520 1039 3587 debuissent
1055 3519 1196 3605 prestari

90 3629 235 3714 Zagrabie
252 3629 340 3715 apud
356 3627 528 3696 ecclesiam
546 3631 700 3696 uraiorem
718 3648 825 3696 curam
842 3627 947 3694 nobis.
974 3627 1059 3695 Luco
1089 3633 1195 3694 autem

91 3743 116 3802 et
140 3738 271 3806 terminu
297 3735 489 3823 constitutis,
521 3736 614 3804 nobis
645 3735 862 3802 mediantibus
894 3735 971 3802 talis
988 3736 1071 3801 inter
1088 3740 1198 3820 partes

93 3847 250 3912 contencio
290 3841 489 3910 intervenit:
531 3848 566 3910 ut
597 3841 713 3910 Comes
744 3841 914 3909 Hoholdus
944 3844 1050 3908 solvet
1090 3861 1199 3908 omnes

93 3949 218 4022 decimes
234 3971 313 4020 suas
330 3953 480 4038 proprias
496 3951 635 4039 frugum,
655 3952 833 4036 uinearum,
860 3953 1051 4038 populorum
1068 3971 1198 4017 suorum

96 4065 121 4122 et
133 4061 312 4145 specialiter
328 4059 470 4160 deterre
487 4059 712 4142 generacionis
735 4057 900 4146 Genitali
918 4058 1033 4143 modo,
1058 4057 1141 4143 quod
1160 4057 1202 4126 de

29 4229 30 4236 ,
95 4165 213 4248 singulis
231 4169 335 4236 uineis
352 4167 530 4236 maioribus
548 4173 580 4234 et
596 4167 774 4234 minoribus
793 4167 873 4234 duos
890 4167 1024 4234 cubulos
1040 4166 1120 4253 vini,
1138 4187 1196 4252 pro

29 4243 32 4350 i
96 4269 203 4344 decimu
233 4274 367 4362 capeeia
397 4274 525 4358 lrugum
542 4295 641 4340 unum
673 4273 841 4340 denarium
862 4275 1201 4359 persolveretenetur.

99 4377 126 4444 Si
146 4390 258 4470 antem,
277 4381 406 4450 dominc
423 4381 612 4458 auxiliante,
631 4381 825 4448 solucionem
843 4382 1038 4448 decimarum
1057 4382 1087 4447 in
1106 4381 1204 4463 frugi·

100 4483 148 4554 bns
175 4499 206 4558 et
220 4491 325 4558 vineis
341 4491 374 4557 in
389 4491 450 4556 illa
471 4488 635 4576 prouincia
651 4489 819 4573 contingat
834 4489 1048 4576 augmentari,
1076 4491 1202 4556 solvere

100 4597 241 4664 tenebitur
256 4598 431 4668 secundum
447 4598 535 4683 quud
552 4597 609 4663 ulii
624 4598 916 4684 comprovinciales
933 4599 1128 4686 persolvent,
1140 4617 1204 4662 non

103 4699 232 4776 obstante
261 4706 479 4778 convencione
492 4706 557 4774 iam
575 4706 745 4798 premissa.
763 4707 868 4796 Kytas
886 4711 917 4774 et
934 4707 1077 4794 gallinas
1095 4706 1202 4778 solvet
