3078 5128
818 266 980 368 johs„

339 461 459 532 eisdem
475 462 651 530 donaverat
667 462 821 531 ducentos
838 482 954 548 porcos
971 469 1003 530 et
1019 463 1151 530 totidem
1171 465 1309 532 cubulos
1331 464 1417 550 vini,
1430 463 1475 532 ad

338 591 538 638 communem
574 589 720 638 mensam
753 569 889 638 fratrum
934 571 1030 638 annis
1066 572 1204 660 singulis
1238 579 1475 658 proventuros,
1537 601 1538 694 p

337 677 550 746 donacionem
567 677 657 744 illam
675 679 821 746 volumus
845 682 1031 768 obseruare,
1057 683 1090 746 et
1115 681 1248 765 iusuper
1275 681 1475 746 eorumdem
1537 701 1538 774 ς

336 787 573 872 compacientes
606 788 790 872 paupertati
826 785 1005 855 adiecimus
1039 793 1200 855 tercentos
1239 788 1381 856 cubulos
1425 789 1473 854 vi·

250 931 257 956 ι
337 896 381 978 ni,
416 901 452 960 ut
490 893 642 980 deinceps
680 897 874 979 quingentos
923 895 1058 963 cubulos
1096 897 1164 962 vini
1201 894 1345 963 habeant
1378 900 1474 963 omni

336 1021 431 1074 anno.
471 1001 576 1080 Quum
614 1022 690 1070 vero
722 1002 820 1068 alieni
851 1003 932 1069 iuris
963 1001 1085 1070 tructus
1109 1003 1296 1090 percepisse
1321 1009 1357 1070 et
1385 1002 1472 1069 deti-
1537 995 1538 1076 Ῠ

335 1110 444 1176 unisse
483 1109 603 1175 iniuste
642 1129 700 1192 per
737 1108 890 1177 olliciales
931 1115 1058 1178 nostros
1096 1117 1264 1196 peccatum
1303 1110 1468 1195 quodam·
1537 1109 1538 1176 ἶ

338 1215 431 1284 modo
466 1215 648 1304 uidebatur,
685 1219 817 1285 racione
851 1217 1011 1286 fructuum
1035 1223 1258 1306 perceptorum
1287 1226 1320 1287 et
1345 1219 1474 1286 iniuste
1537 1209 1538 1264 ι

338 1323 456 1412 taliter,
483 1332 518 1394 ut
543 1325 691 1412 diximus,
708 1325 921 1412 detentorum,
948 1325 1140 1396 donavimus
1165 1327 1285 1396 nostris
1301 1327 1470 1396 fratribus

337 1438 456 1500 terram
473 1433 632 1518 Zagrsbie
656 1433 699 1499 ad
724 1441 863 1518 quatuor
897 1441 1017 1521 aratra,
1042 1455 1106 1520 que
1130 1435 1174 1503 ad
1198 1437 1250 1504 ins
1275 1437 1476 1522 episcopale

339 1539 522 1626 specialiter
538 1541 731 1628 pertinebat,
749 1563 823 1610 oum
839 1549 977 1628 quatuor
992 1544 1112 1613 aratris
1128 1551 1160 1612 et
1176 1553 1317 1630 quatuor
1342 1545 1470 1612 mansi·
1537 1597 1538 1612 ,

340 1649 455 1715 onibus
492 1669 656 1716 serrorum
699 1659 854 1739 perpetuo
898 1651 1141 1738 possidendum,
1175 1653 1220 1718 ad
1263 1671 1476 1720 communem
1537 1627 1538 1716 3

343 1775 489 1824 mensam
505 1757 650 1846 fratrum,
670 1779 742 1827 cum
767 1761 857 1846 prius
875 1797 1220 1812 ——————
1238 1763 1273 1828 in
1290 1759 1477 1828 communi-
1537 1775 1538 1856 ,

340 1883 401 1932 ons
416 1885 481 1932 non
496 1865 663 1954 haberent,
681 1877 713 1936 et
729 1888 787 1936 nos
812 1869 856 1936 ad
880 1867 941 1938 hcc
965 1869 1071 1936 modis
1095 1867 1244 1938 omnibus
1269 1869 1475 1937 bauelamus
1537 1891 1538 1922 ι

342 1979 376 2039 et
407 1973 616 2063 intendimus,
660 1975 747 2062 quod
783 1983 816 2044 et
852 1977 981 2044 domum
1025 1985 1058 2044 et
1090 1977 1216 2045 curiam
1250 1983 1283 2042 et
1318 1993 1476 2044 mensam
1537 1971 1538 2046 l

345 2100 545 2149 communem
579 2081 779 2151 habeantet
813 2084 994 2152 honestam.
1011 2083 1239 2168 ¹Quamobrem
1264 2081 1313 2169 (el
1328 2081 1476 2169 curiam)
1537 2121 1538 2168 3

341 2189 481 2256 vicinam
507 2189 644 2292 ecclesie
656 2211 696 2258 ex
706 2199 801 2276 parte
811 2193 1051 2280 septemtrionis
1062 2211 1134 2258 cum
1145 2191 1272 2276 piscina
1280 2190 1376 2258 iuxta
1393 2210 1475 2259 ean·

342 2298 413 2365 dem
431 2298 599 2386 existente,
610 2300 760 2368 dedimus
778 2303 999 2369 communitati
1016 2323 1137 2386 eorum,
1155 2319 1227 2367 oum
1248 2299 1354 2366 eciam
1375 2301 1474 2384 prius
1537 2317 1538 2360 ι

342 2405 954 2478 eorumlueritafundaoioneEoclesic
967 2445 1269 2460 ——————
1278 2407 1407 2476 ibidem
1418 2427 1474 2494 pa·
1537 2425 1538 2498 j

340 2513 447 2580 reuda
462 2513 667 2584 hedificiaad
678 2537 862 2586 communes
872 2538 949 2586 usus
959 2519 1093 2586 fratrum
1104 2516 1317 2605 promissione
1333 2524 1474 2602 sponte·
1537 2515 1538 2596 ]

341 2622 613 2708 neaobligantcs.
639 2625 719 2695 Item
731 2627 1128 2711 decimasZagrabienses
1143 2627 1226 2693 sicut
1241 2630 1474 2693 antecessores
1537 2707 1538 2710 Ἴ

342 2733 446 2798 nostri
470 2733 692 2823 possederant,
721 2734 867 2822 dedimus
892 2733 1126 2823 plenarie(eum
1143 2730 1306 2821 omnibns)
1324 2733 1479 2820 minutis,
1537 2735 1538 2738 ’

343 2839 437 2922 agnis
453 2838 610 2928 videlicet,
628 2843 725 2912 melle
746 2844 1127 2931 etcera,linis,nuoibus,
1147 2843 1234 2911 fabis
1258 2849 1291 2908 et
1317 2843 1476 2911 omnibus
1537 2833 1538 2892 Ὗ

343 2966 533 3032 quecunque
548 2951 654 3020 solent
668 2951 833 3038 decimari,
843 2952 974 3020 retentis
991 2951 1213 3022 tantummodo
1228 2971 1270 3018 ex
1285 2950 1355 3019 illis
1372 2951 1476 3020 uobis
1537 2947 1538 2966 ²

343 3056 446 3124 tribus
485 3057 616 3126 milibus
655 3067 686 3126 et
724 3061 913 3146 quingentis
943 3059 1068 3128 subulis
1108 3059 1176 3126 vini
1216 3065 1249 3126 et
1285 3059 1479 3144 quingentis

345 3164 578 3251 quinquaginta
608 3169 760 3256 capuciis,
792 3175 825 3235 et
858 3169 997 3237 secentis
1014 3167 1158 3252 gallinis.
1190 3165 1479 3238 Adecimacione
1537 3213 1538 3218 κ

345 3277 453 3341 autem
478 3274 621 3358 ipsorum
655 3277 777 3360 Vgram
812 3283 844 3343 et
868 3275 1010 3346 Oasnam
1036 3274 1234 3362 excepimus,
1258 3273 1302 3341 ad
1326 3281 1478 3342 nostmm

346 3379 516 3449 cellarium
554 3391 763 3451 reservantes.
787 3383 965 3451 Pecuniam
990 3384 1105 3466 eciam,
1130 3402 1228 3467 quam
1256 3378 1479 3452 decimatores

344 3491 715 3574 Zagrabiensesnostria
735 3491 1005 3560 ministerialibus
1020 3493 1205 3578 persolvere
1225 3503 1477 3573 consueverant,
1537 3519 1538 3526 ι

345 3597 498 3666 videlicet
514 3598 595 3666 duas
613 3619 740 3668 marcas
756 3606 787 3665 et
802 3599 958 3668 fertonem
975 3599 1059 3666 iuter
1077 3605 1191 3686 totum,
1208 3618 1306 3684 quum
1332 3618 1376 3666 ex
1399 3620 1478 3669 noe

346 3715 398 3774 tra
414 3705 624 3774 ordinacione
650 3707 711 3772 bec
736 3706 933 3774 consuetudo
959 3707 1118 3790 originem
1147 3706 1316 3786 babuerat,
1342 3708 1476 3775 remisi·
1537 3767 1538 3776 ,

346 3835 417 3883 mus
433 3815 575 3901 penitus,
592 3815 709 3882 amodo
731 3835 772 3880 ne
795 3815 993 3899 persolvant
1019 3819 1111 3898 Item,
1136 3833 1235 3900 quum
1257 3813 1302 3881 ad
1326 3811 1478 3884 immuni·
1537 3867 1538 3902 3

346 3929 445 3990 tatem
462 3921 605 3988 Ecclesia
625 3929 657 3989 et
680 3921 725 3989 ad
751 3920 899 3990 decorem
914 3923 1039 3990 Domus
1066 3921 1196 3990 Domini
1214 3918 1305 3990 etad
1331 3918 1479 3992 fratrum

348 4033 530 4100 libertatem
547 4029 808 4098 conservandam
827 4032 897 4098 Deo
925 4036 1008 4100 teste
1034 4030 1237 4098 intendimus.
1257 4031 1343 4096 omni
1371 4029 1483 4116 modo,

349 4142 432 4208 siout
465 4147 499 4208 et
531 4147 685 4225 tenemur,
712 4138 920 4207 concedimus
945 4146 977 4206 et
1002 4139 1200 4207 statuimus:
1227 4144 1263 4206 ut
1291 4137 1480 4222 dignitates
1537 4125 1538 4128 ¹

347 4248 492 4316 Ecclesia
507 4248 739 4333 Zagrabiensis
766 4245 939 4314 Canonicis
965 4244 1223 4315 Obasmensibus
1249 4264 1308 4331 per
1333 4265 1396 4314 noe
1422 4249 1480 4316 uel

348 4375 405 4444 per
420 4363 547 4423 nostros
564 4375 766 4424 successores
783 4356 969 4422 nullatenus
996 4355 1214 4423 conterantur.
1241 4353 1325 4420 item
1351 4353 1475 4424 iratres

347 4467 448 4533 nostri
466 4465 662 4532 decedentes
680 4465 808 4558 plenam
833 4464 977 4532 habeant
1003 4464 1191 4530 facultatem
1217 4460 1257 4530 de
1283 4463 1382 4530 rebus
1408 4466 1481 4532 suis
1537 4495 1538 4554 3

348 4571 552 4656 disponendi,
569 4571 597 4637 si
622 4590 699 4638 vero
725 4572 871 4640 intestati
896 4571 1106 4660 decesserint,
1133 4570 1177 4639 ad
1201 4587 1314 4638 manus
1339 4568 1482 4640 fratrum
1537 4595 1538 4644 1
