3150 5162
796 318 956 423 —4232-

315 517 402 588 filius
419 513 525 606 Vtish,
541 513 655 586 Petrus
671 517 756 585 filius
772 517 933 605 Bedeeoh‚
950 516 1075 604 Kaaoh,
1093 517 1312 604 Sebastianus,
1340 511 1453 584 Luka

314 629 399 696 filius
416 626 612 715 Leustaohij,
630 647 669 693 ae
684 627 738 712 alij
756 628 989 710 generaciones
999 627 1184 694 eorumdem
1195 627 1351 710 quandam
1363 646 1451 710 par-

314 737 449 802 tieulam
464 743 552 801 terre
568 753 624 802 seu
641 734 826 818 poreionem
843 733 1035 819 hahuerunt,
1067 755 1162 818 quum
1179 733 1307 819 quidem
1336 733 1450 819 parti-

314 844 419 909 culam
436 848 520 908 terre
537 843 579 910 ab
597 839 716 908 eisdem
733 839 959 924 iobagionibue
992 839 1098 908 Castri
1129 845 1234 910 nostri
1266 841 1453 926 empcionis

313 950 417 1036 titulo,
432 950 584 1017 uidelioet
599 969 714 1018 nouem
731 949 850 1016 mareis
867 949 948 1034 ipsis
963 949 1127 1036 Marcello,
1160 950 1265 1036 Suph,
1293 950 1392 1016 Bater
1412 954 1451 1013 et

314 1057 445 1124 Hrahur
462 1057 741 1143 comparauimus;
766 1056 1005 1140 uniusquidem
1030 1078 1154 1124 summe
1180 1059 1316 1143 pecunie
1346 1056 1452 1123 dimi-

314 1164 469 1232 dietatem
485 1164 526 1230 de
542 1173 655 1230 nostra
672 1161 813 1228 Cumara
829 1163 1053 1247 persoluimus,
1087 1164 1251 1232 residuam
1267 1183 1342 1230 vero
1366 1181 1454 1246 par·

315 1275 380 1337 tem
395 1290 455 1355 per
470 1268 601 1338 eosdem
618 1270 803 1336 Marcellum
820 1277 851 1336 et
867 1267 960 1354 Suph
976 1290 1016 1336 ae
1047 1270 1162 1336 fratres
1184 1269 1369 1337 eorumdem
1405 1289 1454 1334 ex

312 1378 437 1462 integro
453 1377 594 1463 persolni
609 1375 762 1460 feoimus;
785 1383 817 1442 et
833 1376 931 1443 aliam
964 1377 1170 1445 medietatem
1203 1378 1292 1444 eirea
1323 1385 1452 1442 terram

312 1485 500 1554 eorumdem
516 1483 724 1568 iobagr'onum
741 1483 848 1551 (taetri
864 1483 966 1552 nostri
982 1504 1003 1550 a
1019 1485 1099 1552 Bors
1117 1492 1148 1550 et
1164 1485 1278 1551 Budou
1305 1483 1345 1552 de
1376 1487 1454 1550 hlo-

311 1613 375 1680 rus,
400 1601 432 1659 et
450 1614 470 1658 a
486 1599 553 1658 tota
568 1591 783 1677 generatione
812 1592 1000 1658 eorumdem
1030 1593 1246 1660 habueramus
1280 1585 1336 1678 pro
1368 1613 1451 1660 eon-

317 1701 462 1784 oamhi05
488 1707 520 1766 et
559 1701 692 1783 insuper
723 1700 886 1782 quandam
917 1701 1110 1785 particulam
1143 1707 1228 1768 terre
1259 1703 1451 1785 Trebogost

314 1806 489 1891 nominate,
506 1806 657 1872 similiter
673 1807 788 1874 Castro
805 1807 965 1874 Huntensi
982 1807 1116 1874 duorum
1148 1817 1332 1874 aratrorum
1366 1811 1449 1874 snb-

313 1915 439 2000 ieotam,
455 1913 552 1981 nortis
568 1913 661 1980 metis
677 1934 697 1980 a
714 1916 807 1982 terris
824 1915 959 1980 aliorum
976 1914 1172 2002 distinetam‚
1203 1916 1236 1980 in
1269 1923 1448 1982 eommuta-

314 2021 440 2088 oionem
458 2029 544 2086 terre
560 2019 703 2103 ipsorum
721 2021 802 2105 ipsis
819 2021 982 2104 Marcello,
1008 2021 1111 2108 Suph,
1137 2021 1233 2087 Bater
1250 2029 1283 2088 et
1298 2023 1447 2108 Hrabnr,

314 2135 348 2194 et
363 2145 422 2214 per
448 2128 538 2212 ipsos
567 2127 711 2212 ipsorum
745 2124 918 2195 heredibus
950 2127 1168 2211 heredumque
1200 2130 1450 2198 suecessoribus

315 2243 467 2320 perpetuo
485 2233 635 2301 duximus
652 2235 876 2300 conferendas.
912 2233 1001 2312 Quas
1018 2235 1149 2317 quidem
1166 2239 1269 2302 terras
1286 2235 1367 2319 ipsis
1384 2257 1451 2324 per

315 2343 445 2408 fidelem
462 2351 606 2409 nostrum
623 2342 725 2408 Jaeou
741 2341 782 2408 de
797 2341 958 2408 Fedemus
990 2343 1119 2409 nomine
1150 2344 1450 2410 oommetaneitatis

316 2456 470 2535 presente
496 2448 679 2514 testimonio
712 2449 855 2534 Capituli
887 2449 1131 2534 Strigoniensis,
1164 2469 1203 2516 aa
1234 2451 1450 2534 presentibus

316 2558 474 2624 uniuersis
490 2557 719 2624 oommeuneis
736 2565 767 2622 et
784 2555 901 2624 vioiuis
917 2558 1092 2625 earundem
1109 2557 1242 2625 seoimus
1266 2559 1451 2640 assignari.

314 2665 459 2744 Quarum
478 2663 580 2733 eoiam
607 2671 702 2751 mete,
736 2671 831 2749 prout
862 2663 968 2747 ipsum
1002 2665 1187 2750 Capitulum
1219 2665 1455 2751 strigoniense

315 2771 408 2837 nobis
425 2771 457 2837 in
476 2771 589 2838 litteris
607 2771 673 2839 suis
691 2773 835 2837 seriatim
853 2771 1025 2848 intimarit,
1054 2773 1113 2839 hoo
1130 2771 1242 2840 ordine
1259 2773 1453 2857 distingun-

317 2888 368 2946 tur
385 2903 392 2945 :
410 2879 520 2946 Prima
535 2885 620 2947 meta
637 2889 721 2946 terre
738 2879 865 2947 Kelena
881 2879 992 2966 incipit
1008 2901 1029 2944 a
1045 2887 1139 2966 parte
1155 2882 1306 2948 orientali
1324 2884 1356 2946 in
1389 2905 1454 2949 ea·

314 2988 382 3073 pite
398 2987 494 3054 riuuli
512 2987 685 3072 Holumna,
703 2994 735 3052 et
750 2985 795 3051 ibi
813 2995 889 3053 sunt
903 2989 962 3054 sub
979 2988 1102 3076 arbore,
1118 3008 1181 3070 que
1198 2987 1317 3054 dieitur
1341 2989 1444 3074 tulta,

315 3103 364 3164 est
378 3093 462 3182 (tgy)
479 3101 567 3161 meta
582 3103 706 3176 terrea;
730 3093 807 3160 inde
823 3115 881 3178 per
897 3093 1035 3162 eundem
1052 3095 1195 3162 riuulum
1212 3093 1380 3163 deseendit
1396 3099 1451 3164 ad

315 3205 432 3292 loeum,
449 3203 503 3269 ubi
521 3202 631 3269 finitur
646 3202 770 3268 riuulus
787 3204 982 3285 nominatus,
1016 3211 1049 3269 et
1065 3201 1108 3268 ibi
1126 3203 1188 3268 sub
1205 3203 1331 3271 duabus
1346 3205 1449 3272 arbo-

315 3311 415 3399 ribus,
431 3331 495 3395 que
511 3309 594 3376 tulfa
610 3311 794 3376 nominatur
810 3308 905 3397 (tgy),
922 3315 997 3376 sunt
1013 3311 1075 3377 due
1092 3318 1176 3378 mete
1190 3317 1304 3398 terme,
1337 3319 1369 3377 et
1394 3313 1451 3379 ibi

314 3425 404 3486 tenet
421 3425 539 3483 metam
557 3437 627 3483 eum
646 3417 754 3500 Erney
770 3423 802 3483 et
819 3415 998 3500 Gregori03
1024 3415 1099 3482 iude
1117 3419 1208 3484 iuxta
1224 3423 1345 3484 terram
1371 3419 1451 3486 Zel-

315 3526 400 3593 ehau
416 3524 501 3592 iuter
519 3525 599 3591 duos
614 3529 749 3607 stagnus
766 3523 934 3591 deseendit
958 3523 1001 3590 ad
1019 3523 1171 3610 riualem,
1198 3525 1253 3607 qui
1269 3525 1369 3591 ourrit
1385 3547 1452 3614 per

315 3631 476 3713 Zelehen3
494 3631 568 3698 hine
586 3633 734 3700 aseendit
751 3633 793 3699 ad
809 3639 933 3716 partem
951 3633 1187 3700 occidentalem
1204 3634 1246 3698 ad
1262 3633 1369 3718 bereh,
1386 3635 1450 3702 ubi

316 3750 367 3810 est
385 3747 470 3807 meta
485 3739 626 3825 lapidea,
642 3747 675 3804 et
691 3741 736 3806 ibi
753 3748 840 3807 tenet
857 3748 976 3806 metam
995 3760 1067 3805 oum
1083 3739 1188 3805 Jaeou
1206 3741 1247 3805 de
1265 3739 1448 3823 Fedemus3

314 3849 392 3915 inde
408 3847 514 3914 tendit
530 3846 573 3913 ad
589 3847 852 3932 septemtrionem
868 3847 1016 3932 superius
1033 3845 1076 3913 ad
1093 3847 1201 3934 beroh,
1220 3846 1273 3912 uhi
1292 3853 1350 3914 sub
1376 3869 1448 3916 una

316 3959 440 4042 arbore,
458 3975 521 4039 que
537 3953 642 4039 tulgla
658 3956 851 4040 nominatur,
870 3963 944 4022 sunt
961 3955 1024 4022 due
1040 3965 1124 4020 mete
1141 3963 1263 4040 terree;
1288 3955 1362 4022 hino
1388 3955 1448 4022 de-

317 4064 444 4131 seendit
460 4063 502 4130 ad
520 4062 586 4148 bik,
603 4069 635 4128 et
650 4062 696 4128 ibi
713 4069 762 4128 ost
780 4069 866 4130 meta
881 4070 1006 4143 terrea;
1030 4063 1105 4129 inde
1122 4065 1239 4130 transit
1254 4063 1297 4131 ad
1322 4063 1446 4131 uallem

316 4180 348 4240 et
364 4171 455 4238 uadit
471 4170 513 4239 ad
529 4169 741 4256 Seeleushyg,
776 4177 808 4236 ot
824 4172 867 4236 ibi
884 4177 973 4238 tenet
989 4177 1107 4238 metam
1124 4191 1197 4237 oum
1215 4173 1316 4238 Jaoou
1341 4175 1445 4239 nomi-

316 4287 393 4346 nato
409 4279 450 4344 de
467 4277 647 4362 dedemus5
666 4277 741 4343 hino
757 4277 926 4346 deseendit
942 4278 985 4344 ad
1002 4277 1116 4364 tiliam,
1134 4279 1193 4344 suh
1209 4299 1275 4362 qua
1291 4263 1340 4345 est
1357 4279 1445 4362 fons,

316 4395 348 4454 et
364 4387 409 4454 ibi
426 4394 503 4454 sunt
520 4387 583 4452 due
615 4393 697 4453 mete
729 4393 852 4470 terrea;
878 4387 954 4453 inde
987 4408 1044 4470 per
1076 4387 1317 4471 Seornapotooa
1349 4385 1445 4454 uadit
1565 4459 1566 4470 χ

315 4496 464 4578 superius
481 4515 538 4580 per
555 4505 655 4561 metas
673 4497 827 4581 plurimus
844 4515 946 4579 usque
961 4504 1090 4580 pratum
1101 4495 1186 4578 quod
1197 4495 1446 4563 Crestovnomi-

316 4609 421 4688 natur,
439 4602 530 4668 ouius
548 4621 624 4688 pars
642 4609 690 4668 est
705 4603 806 4670 Jaoou
823 4602 862 4668 de
879 4601 1057 4688 Foderuus3
1081 4603 1157 4668 inde
1172 4601 1321 4668 aseendit
1345 4623 1447 4688 super
1565 4607 1566 4694 g
