<?xml version="1.0" encoding="UTF-8"?>
<!DOCTYPE html PUBLIC "-//W3C//DTD XHTML 1.0 Transitional//EN"
    "http://www.w3.org/TR/xhtml1/DTD/xhtml1-transitional.dtd">
<html xmlns="http://www.w3.org/1999/xhtml" xml:lang="en" lang="en">
 <head>
  <title>
</title>
<meta http-equiv="Content-Type" content="text/html;charset=utf-8" />
  <meta name='ocr-system' content='tesseract 3.04.00' />
  <meta name='ocr-capabilities' content='ocr_page ocr_carea ocr_par ocr_line ocrx_word'/>
</head>
<body>
  <div class='ocr_page' id='page_1' title='image "./codexdiplomatic10wenzgoog_0048.png"; bbox 0 0 3164 5154; ppageno 0'>
   <div class='ocr_carea' id='block_1_1' title="bbox 77 310 1356 3590">
    <p class='ocr_par' dir='ltr' id='par_1_1' title="bbox 77 310 1306 2410">
     <span class='ocr_line' id='line_1_1' title="bbox 729 310 749 375; baseline 0 0"><span class='ocrx_word' id='word_1_1' title='bbox 729 310 749 375; x_wconf 80' lang='lat'>5</span> 
     </span>
     <span class='ocr_line' id='line_1_2' title="bbox 175 501 1306 588; baseline 0.003 -17"><span class='ocrx_word' id='word_1_2' title='bbox 175 503 433 572; x_wconf 79' lang='lat' dir='ltr'>tecertouormt.</span> <span class='ocrx_word' id='word_1_3' title='bbox 456 502 602 571; x_wconf 78' lang='lat' dir='ltr'><strong>Tandem</strong></span> <span class='ocrx_word' id='word_1_4' title='bbox 618 501 763 571; x_wconf 89' lang='lat' dir='ltr'>hostibus</span> <span class='ocrx_word' id='word_1_5' title='bbox 778 504 884 588; x_wconf 79' lang='lat' dir='ltr'>viche,</span> <span class='ocrx_word' id='word_1_6' title='bbox 901 509 932 570; x_wconf 91' lang='lat' dir='ltr'>et</span> <span class='ocrx_word' id='word_1_7' title='bbox 959 525 998 572; x_wconf 83' lang='lat' dir='ltr'>ex</span> <span class='ocrx_word' id='word_1_8' title='bbox 1023 510 1116 588; x_wconf 80' lang='lat' dir='ltr'>parte</span> <span class='ocrx_word' id='word_1_9' title='bbox 1141 501 1237 587; x_wconf 73' lang='lat' dir='ltr'>cetis,</span> <span class='ocrx_word' id='word_1_10' title='bbox 1273 506 1306 578; x_wconf 73' lang='lat' dir='ltr'>et</span> 
     </span>
     <span class='ocr_line' id='line_1_3' title="bbox 77 607 1303 697; baseline 0.002 -23"><span class='ocrx_word' id='word_1_11' title='bbox 77 659 81 674; x_wconf 89' lang='lat'>.</span> <span class='ocrx_word' id='word_1_12' title='bbox 178 631 215 678; x_wconf 84' lang='lat' dir='ltr'>cr</span> <span class='ocrx_word' id='word_1_13' title='bbox 232 617 328 697; x_wconf 83' lang='lat' dir='ltr'>purte</span> <span class='ocrx_word' id='word_1_14' title='bbox 344 607 451 694; x_wconf 82' lang='lat' dir='ltr'>captis</span> <span class='ocrx_word' id='word_1_15' title='bbox 470 616 503 676; x_wconf 89' lang='lat' dir='ltr'>et</span> <span class='ocrx_word' id='word_1_16' title='bbox 523 609 680 694; x_wconf 86' lang='lat' dir='ltr'>alligatis,</span> <span class='ocrx_word' id='word_1_17' title='bbox 696 609 772 678; x_wconf 83' lang='lat' dir='ltr'>Dux</span> <span class='ocrx_word' id='word_1_18' title='bbox 788 611 890 678; x_wconf 89' lang='lat' dir='ltr'>victor</span> <span class='ocrx_word' id='word_1_19' title='bbox 905 631 976 679; x_wconf 90' lang='lat' dir='ltr'>cnm</span> <span class='ocrx_word' id='word_1_20' title='bbox 994 609 1061 678; x_wconf 88' lang='lat' dir='ltr'>suis</span> <span class='ocrx_word' id='word_1_21' title='bbox 1073 609 1206 681; x_wconf 86' lang='lat' dir='ltr'>victorie</span> <span class='ocrx_word' id='word_1_22' title='bbox 1214 608 1303 676; x_wconf 83' lang='lat' dir='ltr'>duna</span> 
     </span>
     <span class='ocr_line' id='line_1_4' title="bbox 184 713 1300 804; baseline 0.001 -21"><span class='ocrx_word' id='word_1_23' title='bbox 184 715 366 802; x_wconf 85' lang='lat' dir='ltr'>reportauit.</span> <span class='ocrx_word' id='word_1_24' title='bbox 406 715 612 803; x_wconf 81' lang='lat' dir='ltr'>Qucprcpter</span> <span class='ocrx_word' id='word_1_25' title='bbox 627 719 892 804; x_wconf 73' lang='lat' dir='ltr'>possessionibus</span> <span class='ocrx_word' id='word_1_26' title='bbox 918 737 1028 786; x_wconf 90' lang='lat' dir='ltr'>eorum</span> <span class='ocrx_word' id='word_1_27' title='bbox 1054 723 1121 784; x_wconf 82' lang='lat' dir='ltr'>tum</span> <span class='ocrx_word' id='word_1_28' title='bbox 1147 717 1184 782; x_wconf 92' lang='lat' dir='ltr'>iu</span> <span class='ocrx_word' id='word_1_29' title='bbox 1210 713 1300 799; x_wconf 82' lang='lat' dir='ltr'>agris</span> 
     </span>
     <span class='ocr_line' id='line_1_5' title="bbox 178 819 1302 910; baseline 0.004 -22"><span class='ocrx_word' id='word_1_30' title='bbox 178 842 271 906; x_wconf 77' lang='lat' dir='ltr'>uuam</span> <span class='ocrx_word' id='word_1_31' title='bbox 303 824 340 890; x_wconf 91' lang='lat' dir='ltr'>in</span> <span class='ocrx_word' id='word_1_32' title='bbox 370 821 470 904; x_wconf 83' lang='lat' dir='ltr'>villis,</span> <span class='ocrx_word' id='word_1_33' title='bbox 498 823 668 910; x_wconf 77' lang='lat' dir='ltr'>sapienter</span> <span class='ocrx_word' id='word_1_34' title='bbox 692 819 900 908; x_wconf 78' lang='lat' dir='ltr'>diiudicauit3</span> <span class='ocrx_word' id='word_1_35' title='bbox 923 841 988 892; x_wconf 92' lang='lat' dir='ltr'>uon</span> <span class='ocrx_word' id='word_1_36' title='bbox 1020 823 1105 890; x_wconf 90' lang='lat' dir='ltr'>sicut</span> <span class='ocrx_word' id='word_1_37' title='bbox 1136 820 1302 905; x_wconf 75' lang='lat' dir='ltr'>quondam</span> 
     </span>
     <span class='ocr_line' id='line_1_6' title="bbox 178 929 1302 1016; baseline -0.004 -18"><span class='ocrx_word' id='word_1_38' title='bbox 178 930 264 1014; x_wconf 70' lang='lat' dir='ltr'>haul,</span> <span class='ocrx_word' id='word_1_39' title='bbox 281 931 337 1014; x_wconf 90' lang='lat' dir='ltr'>qni</span> <span class='ocrx_word' id='word_1_40' title='bbox 350 929 478 998; x_wconf 85' lang='lat' dir='ltr'>deuicto</span> <span class='ocrx_word' id='word_1_41' title='bbox 495 931 589 1016; x_wconf 84' lang='lat' dir='ltr'>Agag</span> <span class='ocrx_word' id='word_1_42' title='bbox 606 929 697 1014; x_wconf 87' lang='lat' dir='ltr'>Rege</span> <span class='ocrx_word' id='word_1_43' title='bbox 713 929 871 998; x_wconf 79' lang='lat' dir='ltr'><strong>Amalech</strong></span> <span class='ocrx_word' id='word_1_44' title='bbox 887 931 928 998; x_wconf 89' lang='lat' dir='ltr'>dc</span> <span class='ocrx_word' id='word_1_45' title='bbox 944 930 1060 1016; x_wconf 83' lang='lat' dir='ltr'>spolijs</span> <span class='ocrx_word' id='word_1_46' title='bbox 1076 929 1222 998; x_wconf 81' lang='lat' dir='ltr'>eltrudem</span> <span class='ocrx_word' id='word_1_47' title='bbox 1238 931 1302 996; x_wconf 89' lang='lat' dir='ltr'>Do-</span> 
     </span>
     <span class='ocr_line' id='line_1_7' title="bbox 184 1035 1301 1124; baseline 0.004 -21"><span class='ocrx_word' id='word_1_48' title='bbox 184 1039 262 1104; x_wconf 89' lang='lat' dir='ltr'>mino</span> <span class='ocrx_word' id='word_1_49' title='bbox 278 1035 468 1124; x_wconf 91' lang='lat' dir='ltr'>probibente</span> <span class='ocrx_word' id='word_1_50' title='bbox 493 1039 627 1104; x_wconf 76' lang='lat' dir='ltr'>meliora</span> <span class='ocrx_word' id='word_1_51' title='bbox 652 1038 808 1122; x_wconf 76' lang='lat' dir='ltr'><strong>elegerat.</strong></span> <span class='ocrx_word' id='word_1_52' title='bbox 848 1037 914 1108; x_wconf 87' lang='lat' dir='ltr'>Sed</span> <span class='ocrx_word' id='word_1_53' title='bbox 945 1037 1098 1123; x_wconf 88' lang='lat' dir='ltr'>quoniam</span> <span class='ocrx_word' id='word_1_54' title='bbox 1129 1035 1301 1122; x_wconf 75' lang='lat' dir='ltr'>Psnucuis</span> 
     </span>
     <span class='ocr_line' id='line_1_8' title="bbox 179 1141 1297 1230; baseline 0.004 -20"><span class='ocrx_word' id='word_1_55' title='bbox 179 1141 267 1213; x_wconf 82' lang='lat' dir='ltr'>&#39;Beati</span> <span class='ocrx_word' id='word_1_56' title='bbox 300 1145 467 1213; x_wconf 79' lang='lat' dir='ltr'>Pontificis</span> <span class='ocrx_word' id='word_1_57' title='bbox 496 1145 629 1212; x_wconf 81' lang='lat' dir='ltr'>Martini</span> <span class='ocrx_word' id='word_1_58' title='bbox 662 1145 835 1226; x_wconf 81' lang='lat' dir='ltr'>natiuitote</span> <span class='ocrx_word' id='word_1_59' title='bbox 864 1146 1034 1230; x_wconf 79' lang='lat' dir='ltr'>gloriatur,</span> <span class='ocrx_word' id='word_1_60' title='bbox 1070 1145 1160 1212; x_wconf 86' lang='lat' dir='ltr'>cuius</span> <span class='ocrx_word' id='word_1_61' title='bbox 1195 1143 1297 1214; x_wconf 76' lang='lat' dir='ltr'>eciam</span> 
     </span>
     <span class='ocr_line' id='line_1_9' title="bbox 185 1252 1302 1341; baseline -0.003 -23"><span class='ocrx_word' id='word_1_62' title='bbox 185 1252 456 1336; x_wconf 72' lang='lat' dir='ltr'>patrocinantibus</span> <span class='ocrx_word' id='word_1_63' title='bbox 473 1253 596 1320; x_wconf 89' lang='lat' dir='ltr'>meritis</span> <span class='ocrx_word' id='word_1_64' title='bbox 614 1253 663 1318; x_wconf 91' lang='lat' dir='ltr'>vir</span> <span class='ocrx_word' id='word_1_65' title='bbox 679 1252 808 1320; x_wconf 79' lang='lat' dir='ltr'>Christo</span> <span class='ocrx_word' id='word_1_66' title='bbox 823 1252 940 1341; x_wconf 81' lang='lat' dir='ltr'>tidelis,</span> <span class='ocrx_word' id='word_1_67' title='bbox 957 1261 992 1320; x_wconf 87' lang='lat' dir='ltr'>vt</span> <span class='ocrx_word' id='word_1_68' title='bbox 1008 1253 1073 1322; x_wconf 88' lang='lat' dir='ltr'>iam</span> <span class='ocrx_word' id='word_1_69' title='bbox 1091 1252 1225 1320; x_wconf 84' lang='lat' dir='ltr'>dictum·</span> <span class='ocrx_word' id='word_1_70' title='bbox 1243 1256 1302 1329; x_wconf 83' lang='lat' dir='ltr'>est,</span> 
     </span>
     <span class='ocr_line' id='line_1_10' title="bbox 184 1356 1302 1448; baseline -0.001 -25"><span class='ocrx_word' id='word_1_71' title='bbox 184 1357 219 1427; x_wconf 85' lang='lat' dir='ltr'>le</span> <span class='ocrx_word' id='word_1_72' title='bbox 231 1359 378 1426; x_wconf 88' lang='lat' dir='ltr'>hostibus</span> <span class='ocrx_word' id='word_1_73' title='bbox 394 1359 564 1426; x_wconf 84' lang='lat' dir='ltr'>victoriam</span> <span class='ocrx_word' id='word_1_74' title='bbox 582 1359 779 1448; x_wconf 87' lang='lat' dir='ltr'>reportuuit;</span> <span class='ocrx_word' id='word_1_75' title='bbox 802 1359 901 1428; x_wconf 87' lang='lat' dir='ltr'>nichil</span> <span class='ocrx_word' id='word_1_76' title='bbox 926 1381 968 1428; x_wconf 88' lang='lat' dir='ltr'>ex</span> <span class='ocrx_word' id='word_1_77' title='bbox 992 1363 1089 1430; x_wconf 88' lang='lat' dir='ltr'>rebus</span> <span class='ocrx_word' id='word_1_78' title='bbox 1114 1378 1225 1426; x_wconf 88' lang='lat' dir='ltr'>eorum</span> <span class='ocrx_word' id='word_1_79' title='bbox 1259 1356 1302 1427; x_wconf 83' lang='lat' dir='ltr'>ad</span> 
     </span>
     <span class='ocr_line' id='line_1_11' title="bbox 189 1465 1302 1554; baseline 0.004 -20"><span class='ocrx_word' id='word_1_80' title='bbox 189 1487 260 1552; x_wconf 90' lang='lat' dir='ltr'>opus</span> <span class='ocrx_word' id='word_1_81' title='bbox 276 1467 326 1535; x_wconf 89' lang='lat' dir='ltr'>sni</span> <span class='ocrx_word' id='word_1_82' title='bbox 346 1485 530 1554; x_wconf 86' lang='lat' dir='ltr'>reseruans,</span> <span class='ocrx_word' id='word_1_83' title='bbox 547 1469 627 1534; x_wconf 88' lang='lat' dir='ltr'>inito</span> <span class='ocrx_word' id='word_1_84' title='bbox 645 1488 716 1534; x_wconf 90' lang='lat' dir='ltr'>cum</span> <span class='ocrx_word' id='word_1_85' title='bbox 733 1467 909 1552; x_wconf 84' lang='lat' dir='ltr'>theophilis</span> <span class='ocrx_word' id='word_1_86' title='bbox 933 1468 1079 1551; x_wconf 87' lang='lat' dir='ltr'>consilio,</span> <span class='ocrx_word' id='word_1_87' title='bbox 1105 1468 1198 1536; x_wconf 83' lang='lat' dir='ltr'>iuxta</span> <span class='ocrx_word' id='word_1_88' title='bbox 1227 1465 1302 1539; x_wconf 81' lang='lat' dir='ltr'>lm-</span> 
     </span>
     <span class='ocr_line' id='line_1_12' title="bbox 180 1573 1300 1662; baseline 0 -22"><span class='ocrx_word' id='word_1_89' title='bbox 180 1573 251 1642; x_wconf 85' lang='lat' dir='ltr'>·dum</span> <span class='ocrx_word' id='word_1_90' title='bbox 266 1573 373 1642; x_wconf 86' lang='lat' dir='ltr'>sancti</span> <span class='ocrx_word' id='word_1_91' title='bbox 390 1575 538 1662; x_wconf 88' lang='lat' dir='ltr'>presulis,</span> <span class='ocrx_word' id='word_1_92' title='bbox 556 1577 588 1640; x_wconf 90' lang='lat' dir='ltr'>in</span> <span class='ocrx_word' id='word_1_93' title='bbox 607 1575 679 1642; x_wconf 90' lang='lat' dir='ltr'>lcec</span> <span class='ocrx_word' id='word_1_94' title='bbox 695 1576 749 1659; x_wconf 90' lang='lat' dir='ltr'>qui</span> <span class='ocrx_word' id='word_1_95' title='bbox 769 1573 866 1642; x_wconf 85' lang='lat' dir='ltr'>Sacer</span> <span class='ocrx_word' id='word_1_96' title='bbox 881 1576 973 1642; x_wconf 85' lang='lat' dir='ltr'>Mons</span> <span class='ocrx_word' id='word_1_97' title='bbox 991 1573 1119 1660; x_wconf 89' lang='lat' dir='ltr'>dicitur,</span> <span class='ocrx_word' id='word_1_98' title='bbox 1135 1575 1191 1640; x_wconf 88' lang='lat' dir='ltr'>vbi</span> <span class='ocrx_word' id='word_1_99' title='bbox 1217 1573 1300 1642; x_wconf 83' lang='lat' dir='ltr'>San·</span> 
     </span>
     <span class='ocr_line' id='line_1_13' title="bbox 180 1681 1299 1768; baseline 0.001 -21"><span class='ocrx_word' id='word_1_100' title='bbox 180 1689 245 1749; x_wconf 88' lang='lat' dir='ltr'>ctus</span> <span class='ocrx_word' id='word_1_101' title='bbox 262 1683 433 1768; x_wconf 81' lang='lat' dir='ltr'>Martinus,</span> <span class='ocrx_word' id='word_1_102' title='bbox 452 1683 526 1748; x_wconf 75' lang='lat' dir='ltr'>dorm</span> <span class='ocrx_word' id='word_1_103' title='bbox 545 1681 652 1749; x_wconf 89' lang='lat' dir='ltr'>adhuc</span> <span class='ocrx_word' id='word_1_104' title='bbox 668 1683 701 1748; x_wconf 90' lang='lat' dir='ltr'>in</span> <span class='ocrx_word' id='word_1_105' title='bbox 717 1683 888 1750; x_wconf 86' lang='lat' dir='ltr'>Pannonia</span> <span class='ocrx_word' id='word_1_106' title='bbox 904 1683 1046 1767; x_wconf 78' lang='lat' dir='ltr'>degeret,</span> <span class='ocrx_word' id='word_1_107' title='bbox 1064 1681 1299 1750; x_wconf 81' lang='lat' dir='ltr'>oracionisstbi</span> 
     </span>
     <span class='ocr_line' id='line_1_14' title="bbox 187 1789 1297 1876; baseline 0.001 -22"><span class='ocrx_word' id='word_1_108' title='bbox 187 1791 281 1856; x_wconf 90' lang='lat' dir='ltr'>locum</span> <span class='ocrx_word' id='word_1_109' title='bbox 297 1790 534 1875; x_wconf 86' lang='lat' dir='ltr'>assiguauerat,</span> <span class='ocrx_word' id='word_1_110' title='bbox 552 1791 611 1856; x_wconf 91' lang='lat' dir='ltr'>sub</span> <span class='ocrx_word' id='word_1_111' title='bbox 629 1790 725 1857; x_wconf 91' lang='lat' dir='ltr'>titulo</span> <span class='ocrx_word' id='word_1_112' title='bbox 741 1789 845 1876; x_wconf 90' lang='lat' dir='ltr'>ipsius</span> <span class='ocrx_word' id='word_1_113' title='bbox 861 1791 1092 1860; x_wconf 84' lang='lat' dir='ltr'>monasterium</span> <span class='ocrx_word' id='word_1_114' title='bbox 1109 1797 1297 1857; x_wconf 90' lang='lat' dir='ltr'>construere</span> 
     </span>
     <span class='ocr_line' id='line_1_15' title="bbox 187 1895 1300 1982; baseline 0.002 -22"><span class='ocrx_word' id='word_1_115' title='bbox 187 1897 272 1979; x_wconf 88' lang='lat' dir='ltr'>cepit,</span> <span class='ocrx_word' id='word_1_116' title='bbox 289 1896 548 1980; x_wconf 83' lang='lat' dir='ltr'>possessionibus</span> <span class='ocrx_word' id='word_1_117' title='bbox 580 1905 612 1964; x_wconf 90' lang='lat' dir='ltr'>et</span> <span class='ocrx_word' id='word_1_118' title='bbox 642 1896 836 1982; x_wconf 76' lang='lat' dir='ltr'>redhibitus,</span> <span class='ocrx_word' id='word_1_119' title='bbox 868 1897 1055 1980; x_wconf 88' lang='lat' dir='ltr'>cunctisque</span> <span class='ocrx_word' id='word_1_120' title='bbox 1086 1895 1300 1980; x_wconf 80' lang='lat' dir='ltr'>sufficiencijs</span> 
     </span>
     <span class='ocr_line' id='line_1_16' title="bbox 186 2001 1301 2088; baseline 0.001 -21"><span class='ocrx_word' id='word_1_121' title='bbox 186 2002 308 2088; x_wconf 83' lang='lat' dir='ltr'>dotauit,</span> <span class='ocrx_word' id='word_1_122' title='bbox 324 2009 356 2069; x_wconf 88' lang='lat' dir='ltr'>et</span> <span class='ocrx_word' id='word_1_123' title='bbox 372 2005 477 2087; x_wconf 87' lang='lat' dir='ltr'>ipsius</span> <span class='ocrx_word' id='word_1_124' title='bbox 494 2003 649 2088; x_wconf 82' lang='lat' dir='ltr'>suffragio</span> <span class='ocrx_word' id='word_1_125' title='bbox 667 2001 860 2070; x_wconf 90' lang='lat' dir='ltr'>domitorum</span> <span class='ocrx_word' id='word_1_126' title='bbox 887 2002 1160 2084; x_wconf 80' lang='lat' dir='ltr'>decimacionibus</span> <span class='ocrx_word' id='word_1_127' title='bbox 1193 2003 1301 2070; x_wconf 87' lang='lat' dir='ltr'>simile</span> 
     </span>
     <span class='ocr_line' id='line_1_17' title="bbox 181 2109 1301 2197; baseline 0.002 -20"><span class='ocrx_word' id='word_1_128' title='bbox 181 2110 251 2177; x_wconf 80' lang='lat' dir='ltr'>lecit</span> <span class='ocrx_word' id='word_1_129' title='bbox 266 2111 461 2197; x_wconf 81' lang='lat' dir='ltr'>Episcopijs,</span> <span class='ocrx_word' id='word_1_130' title='bbox 480 2113 680 2178; x_wconf 86' lang='lat' dir='ltr'>constituens</span> <span class='ocrx_word' id='word_1_131' title='bbox 707 2131 748 2177; x_wconf 82' lang='lat' dir='ltr'>en</span> <span class='ocrx_word' id='word_1_132' title='bbox 774 2130 883 2179; x_wconf 89' lang='lat' dir='ltr'>eorum</span> <span class='ocrx_word' id='word_1_133' title='bbox 909 2110 1058 2176; x_wconf 86' lang='lat' dir='ltr'>omuibus</span> <span class='ocrx_word' id='word_1_134' title='bbox 1090 2109 1301 2178; x_wconf 82' lang='lat' dir='ltr'>facultatibus</span> 
     </span>
     <span class='ocr_line' id='line_1_18' title="bbox 187 2216 1301 2302; baseline -0.001 -17"><span class='ocrx_word' id='word_1_135' title='bbox 187 2225 244 2286; x_wconf 81' lang='lat' dir='ltr'>tam</span> <span class='ocrx_word' id='word_1_136' title='bbox 258 2219 370 2284; x_wconf 87' lang='lat' dir='ltr'>stricte</span> <span class='ocrx_word' id='word_1_137' title='bbox 386 2217 530 2284; x_wconf 85' lang='lat' dir='ltr'>decimas</span> <span class='ocrx_word' id='word_1_138' title='bbox 546 2217 627 2302; x_wconf 86' lang='lat' dir='ltr'>dari,</span> <span class='ocrx_word' id='word_1_139' title='bbox 646 2225 680 2284; x_wconf 90' lang='lat' dir='ltr'>vt</span> <span class='ocrx_word' id='word_1_140' title='bbox 701 2219 729 2284; x_wconf 88' lang='lat' dir='ltr'>si</span> <span class='ocrx_word' id='word_1_141' title='bbox 746 2220 798 2285; x_wconf 91' lang='lat' dir='ltr'>oni</span> <span class='ocrx_word' id='word_1_142' title='bbox 816 2219 928 2286; x_wconf 87' lang='lat' dir='ltr'>decem</span> <span class='ocrx_word' id='word_1_143' title='bbox 944 2217 1066 2284; x_wconf 90' lang='lat' dir='ltr'>liberos</span> <span class='ocrx_word' id='word_1_144' title='bbox 1081 2216 1203 2284; x_wconf 86' lang='lat' dir='ltr'>habere</span> <span class='ocrx_word' id='word_1_145' title='bbox 1228 2237 1301 2284; x_wconf 91' lang='lat' dir='ltr'>con-</span> 
     </span>
     <span class='ocr_line' id='line_1_19' title="bbox 185 2323 1215 2410; baseline -0.008 -20"><span class='ocrx_word' id='word_1_146' title='bbox 185 2327 325 2410; x_wconf 89' lang='lat' dir='ltr'>tingeret,</span> <span class='ocrx_word' id='word_1_147' title='bbox 342 2323 501 2392; x_wconf 86' lang='lat' dir='ltr'>decimam</span> <span class='ocrx_word' id='word_1_148' title='bbox 517 2325 640 2410; x_wconf 87' lang='lat' dir='ltr'>prolem</span> <span class='ocrx_word' id='word_1_149' title='bbox 657 2325 768 2394; x_wconf 81' lang='lat' dir='ltr'>Sancti</span> <span class='ocrx_word' id='word_1_150' title='bbox 784 2326 917 2391; x_wconf 84' lang='lat' dir='ltr'>Martini</span> <span class='ocrx_word' id='word_1_151' title='bbox 934 2323 1075 2390; x_wconf 79' lang='lat' dir='ltr'>Oenobic</span> <span class='ocrx_word' id='word_1_152' title='bbox 1091 2323 1215 2388; x_wconf 75' lang='lat' dir='ltr'>daret«</span> 
     </span>
    </p>

    <p class='ocr_par' dir='ltr' id='par_1_2' title="bbox 174 2429 1356 3590">
     <span class='ocr_line' id='line_1_20' title="bbox 283 2429 1299 2519; baseline -0.002 -21"><span class='ocrx_word' id='word_1_153' title='bbox 283 2433 350 2500; x_wconf 89' lang='lat' dir='ltr'>Nos</span> <span class='ocrx_word' id='word_1_154' title='bbox 367 2433 466 2516; x_wconf 86' lang='lat' dir='ltr'>igitur</span> <span class='ocrx_word' id='word_1_155' title='bbox 483 2434 718 2518; x_wconf 84' lang='lat' dir='ltr'>expeticionem</span> <span class='ocrx_word' id='word_1_156' title='bbox 745 2433 962 2519; x_wconf 80' lang='lat' dir='ltr'>procuratoris</span> <span class='ocrx_word' id='word_1_157' title='bbox 990 2431 1146 2498; x_wconf 89' lang='lat' dir='ltr'>dictorum</span> <span class='ocrx_word' id='word_1_158' title='bbox 1172 2429 1299 2498; x_wconf 85' lang='lat' dir='ltr'>domini</span> 
     </span>
     <span class='ocr_line' id='line_1_21' title="bbox 183 2537 1301 2607; baseline 0.001 -4"><span class='ocrx_word' id='word_1_159' title='bbox 183 2539 314 2607; x_wconf 80' lang='lat' dir='ltr'>Abbatis</span> <span class='ocrx_word' id='word_1_160' title='bbox 330 2545 362 2607; x_wconf 87' lang='lat' dir='ltr'>et</span> <span class='ocrx_word' id='word_1_161' title='bbox 379 2539 567 2606; x_wconf 85' lang='lat' dir='ltr'>Conuentus</span> <span class='ocrx_word' id='word_1_162' title='bbox 584 2537 624 2606; x_wconf 89' lang='lat' dir='ltr'>de</span> <span class='ocrx_word' id='word_1_163' title='bbox 642 2539 877 2606; x_wconf 79' lang='lat' dir='ltr'>constitucione</span> <span class='ocrx_word' id='word_1_164' title='bbox 894 2547 925 2607; x_wconf 89' lang='lat' dir='ltr'>et</span> <span class='ocrx_word' id='word_1_165' title='bbox 937 2538 1147 2605; x_wconf 88' lang='lat' dir='ltr'>ordinacione</span> <span class='ocrx_word' id='word_1_166' title='bbox 1157 2539 1301 2605; x_wconf 85' lang='lat' dir='ltr'>Sanctis-</span> 
     </span>
     <span class='ocr_line' id='line_1_22' title="bbox 184 2645 1297 2732; baseline -0.003 -18"><span class='ocrx_word' id='word_1_167' title='bbox 184 2647 249 2714; x_wconf 90' lang='lat' dir='ltr'>simi</span> <span class='ocrx_word' id='word_1_168' title='bbox 263 2647 363 2732; x_wconf 86' lang='lat' dir='ltr'>Regis</span> <span class='ocrx_word' id='word_1_169' title='bbox 380 2645 539 2731; x_wconf 87' lang='lat' dir='ltr'>Stephani</span> <span class='ocrx_word' id='word_1_170' title='bbox 557 2648 678 2713; x_wconf 84' lang='lat' dir='ltr'>iustum</span> <span class='ocrx_word' id='word_1_171' title='bbox 704 2648 775 2714; x_wconf 86' lang='lat' dir='ltr'>fore</span> <span class='ocrx_word' id='word_1_172' title='bbox 807 2654 839 2714; x_wconf 89' lang='lat' dir='ltr'>et</span> <span class='ocrx_word' id='word_1_173' title='bbox 870 2648 982 2714; x_wconf 80' lang='lat' dir='ltr'>utilem</span> <span class='ocrx_word' id='word_1_174' title='bbox 1017 2653 1297 2730; x_wconf 79' lang='lat' dir='ltr'>recognoscentes,</span> 
     </span>
     <span class='ocr_line' id='line_1_23' title="bbox 185 2752 1301 2839; baseline 0.003 -20"><span class='ocrx_word' id='word_1_175' title='bbox 185 2775 263 2820; x_wconf 91' lang='lat' dir='ltr'>more</span> <span class='ocrx_word' id='word_1_176' title='bbox 281 2753 434 2839; x_wconf 88' lang='lat' dir='ltr'>premisso</span> <span class='ocrx_word' id='word_1_177' title='bbox 450 2757 509 2822; x_wconf 88' lang='lat' dir='ltr'>suh</span> <span class='ocrx_word' id='word_1_178' title='bbox 525 2761 637 2820; x_wconf 88' lang='lat' dir='ltr'>nostre</span> <span class='ocrx_word' id='word_1_179' title='bbox 657 2753 766 2836; x_wconf 86' lang='lat' dir='ltr'>sigillo</span> <span class='ocrx_word' id='word_1_180' title='bbox 782 2754 917 2823; x_wconf 83' lang='lat' dir='ltr'>rescribi</span> <span class='ocrx_word' id='word_1_181' title='bbox 934 2753 1079 2836; x_wconf 83' lang='lat' dir='ltr'>fecimus,</span> <span class='ocrx_word' id='word_1_182' title='bbox 1099 2759 1131 2818; x_wconf 90' lang='lat' dir='ltr'>et</span> <span class='ocrx_word' id='word_1_183' title='bbox 1146 2752 1190 2820; x_wconf 88' lang='lat' dir='ltr'>ad</span> <span class='ocrx_word' id='word_1_184' title='bbox 1202 2756 1301 2822; x_wconf 84' lang='lat' dir='ltr'>msic-</span> 
     </span>
     <span class='ocr_line' id='line_1_24' title="bbox 182 2859 1301 2946; baseline 0 -20"><span class='ocrx_word' id='word_1_185' title='bbox 182 2881 245 2927; x_wconf 88' lang='lat' dir='ltr'>rem</span> <span class='ocrx_word' id='word_1_186' title='bbox 260 2862 420 2928; x_wconf 83' lang='lat' dir='ltr'>cautelam</span> <span class='ocrx_word' id='word_1_187' title='bbox 436 2862 611 2927; x_wconf 91' lang='lat' dir='ltr'>munimine</span> <span class='ocrx_word' id='word_1_188' title='bbox 629 2861 729 2946; x_wconf 83' lang='lat' dir='ltr'>sigilli</span> <span class='ocrx_word' id='word_1_189' title='bbox 748 2862 851 2928; x_wconf 87' lang='lat' dir='ltr'>nostri</span> <span class='ocrx_word' id='word_1_190' title='bbox 861 2859 1040 2928; x_wconf 88' lang='lat' dir='ltr'>authentici</span> <span class='ocrx_word' id='word_1_191' title='bbox 1050 2861 1301 2946; x_wconf 80' lang='lat' dir='ltr'>publicabimus.</span> 
     </span>
     <span class='ocr_line' id='line_1_25' title="bbox 180 2969 1302 3054; baseline 0.002 -20"><span class='ocrx_word' id='word_1_192' title='bbox 180 2969 217 3034; x_wconf 86' lang='lat' dir='ltr'>-In</span> <span class='ocrx_word' id='word_1_193' title='bbox 234 2970 320 3036; x_wconf 90' lang='lat' dir='ltr'>cuius</span> <span class='ocrx_word' id='word_1_194' title='bbox 336 2971 382 3037; x_wconf 90' lang='lat' dir='ltr'>rei</span> <span class='ocrx_word' id='word_1_195' title='bbox 399 2969 617 3037; x_wconf 88' lang='lat' dir='ltr'>testimonium</span> <span class='ocrx_word' id='word_1_196' title='bbox 635 2979 889 3054; x_wconf 86' lang='lat' dir='ltr'>perpetuamque</span> <span class='ocrx_word' id='word_1_197' title='bbox 905 2970 1114 3038; x_wconf 88' lang='lat' dir='ltr'>stabilitatem</span> <span class='ocrx_word' id='word_1_198' title='bbox 1132 2976 1302 3052; x_wconf 88' lang='lat' dir='ltr'>presentes</span> 
     </span>
     <span class='ocr_line' id='line_1_26' title="bbox 183 3073 1301 3170; baseline -0.001 -27"><span class='ocrx_word' id='word_1_199' title='bbox 183 3077 301 3143; x_wconf 87' lang='lat' dir='ltr'>litteras</span> <span class='ocrx_word' id='word_1_200' title='bbox 326 3083 454 3146; x_wconf 86' lang='lat' dir='ltr'>nostras</span> <span class='ocrx_word' id='word_1_201' title='bbox 487 3073 710 3158; x_wconf 87' lang='lat' dir='ltr'>priuilegiales</span> <span class='ocrx_word' id='word_1_202' title='bbox 742 3076 888 3142; x_wconf 85' lang='lat' dir='ltr'>emanari</span> <span class='ocrx_word' id='word_1_203' title='bbox 922 3073 1068 3158; x_wconf 85' lang='lat' dir='ltr'>lecimus,</span> <span class='ocrx_word' id='word_1_204' title='bbox 1100 3077 1301 3170; x_wconf 82' lang='lat' dir='ltr'>appensione</span> 
     </span>
     <span class='ocr_line' id='line_1_27' title="bbox 184 3178 1301 3268; baseline 0.002 -20"><span class='ocrx_word' id='word_1_205' title='bbox 184 3184 306 3252; x_wconf 88' lang='lat' dir='ltr'>maioris</span> <span class='ocrx_word' id='word_1_206' title='bbox 322 3181 423 3268; x_wconf 88' lang='lat' dir='ltr'>sigilli</span> <span class='ocrx_word' id='word_1_207' title='bbox 441 3181 544 3248; x_wconf 88' lang='lat' dir='ltr'>nestri</span> <span class='ocrx_word' id='word_1_208' title='bbox 559 3178 754 3247; x_wconf 88' lang='lat' dir='ltr'>roborando.</span> <span class='ocrx_word' id='word_1_209' title='bbox 793 3183 914 3249; x_wconf 88' lang='lat' dir='ltr'>Datum</span> <span class='ocrx_word' id='word_1_210' title='bbox 932 3199 1001 3267; x_wconf 84' lang='lat' dir='ltr'>per</span> <span class='ocrx_word' id='word_1_211' title='bbox 1025 3200 1139 3248; x_wconf 86' lang='lat' dir='ltr'>manus</span> <span class='ocrx_word' id='word_1_212' title='bbox 1166 3180 1301 3250; x_wconf 88' lang='lat' dir='ltr'>discreti</span> 
     </span>
     <span class='ocr_line' id='line_1_28' title="bbox 183 3285 1302 3376; baseline -0.004 -17"><span class='ocrx_word' id='word_1_213' title='bbox 183 3293 241 3359; x_wconf 83' lang='lat' dir='ltr'>viri</span> <span class='ocrx_word' id='word_1_214' title='bbox 255 3291 400 3376; x_wconf 84' lang='lat' dir='ltr'>Magistri</span> <span class='ocrx_word' id='word_1_215' title='bbox 418 3287 577 3372; x_wconf 89' lang='lat' dir='ltr'>Demetrij</span> <span class='ocrx_word' id='word_1_216' title='bbox 596 3287 744 3362; x_wconf 81' lang='lat' dir='ltr'>hectoris</span> <span class='ocrx_word' id='word_1_217' title='bbox 769 3289 915 3356; x_wconf 79' lang='lat' dir='ltr'>Ecclesie</span> <span class='ocrx_word' id='word_1_218' title='bbox 943 3295 1052 3354; x_wconf 90' lang='lat' dir='ltr'>nostre</span> <span class='ocrx_word' id='word_1_219' title='bbox 1079 3285 1159 3354; x_wconf 86' lang='lat' dir='ltr'>ferio</span> <span class='ocrx_word' id='word_1_220' title='bbox 1185 3295 1302 3372; x_wconf 84' lang='lat' dir='ltr'>quarta</span> 
     </span>
     <span class='ocr_line' id='line_1_29' title="bbox 183 3394 1356 3486; baseline -0.002 -20"><span class='ocrx_word' id='word_1_221' title='bbox 183 3403 322 3486; x_wconf 85' lang='lat' dir='ltr'>proxima</span> <span class='ocrx_word' id='word_1_222' title='bbox 336 3403 410 3486; x_wconf 84' lang='lat' dir='ltr'>post</span> <span class='ocrx_word' id='word_1_223' title='bbox 426 3397 622 3464; x_wconf 86' lang='lat' dir='ltr'>dominicam</span> <span class='ocrx_word' id='word_1_224' title='bbox 640 3397 770 3485; x_wconf 82' lang='lat' dir='ltr'>ludica,</span> <span class='ocrx_word' id='word_1_225' title='bbox 788 3417 873 3464; x_wconf 86' lang='lat' dir='ltr'>auno</span> <span class='ocrx_word' id='word_1_226' title='bbox 889 3398 1021 3463; x_wconf 89' lang='lat' dir='ltr'>Domini</span> <span class='ocrx_word' id='word_1_227' title='bbox 1037 3394 1211 3463; x_wconf 88' lang='lat' dir='ltr'>millesimo</span> <span class='ocrx_word' id='word_1_228' title='bbox 1239 3407 1301 3464; x_wconf 87' lang='lat' dir='ltr'>tre·</span> <span class='ocrx_word' id='word_1_229' title='bbox 1354 3469 1356 3475; x_wconf 65' lang='grc'>,</span> 
     </span>
     <span class='ocr_line' id='line_1_30' title="bbox 174 3506 646 3590; baseline -0.004 -14"><span class='ocrx_word' id='word_1_230' title='bbox 174 3511 352 3576; x_wconf 69' lang='lat' dir='ltr'>«centesimo</span> <span class='ocrx_word' id='word_1_231' title='bbox 369 3506 646 3590; x_wconf 83' lang='lat' dir='ltr'>quiuquagesimo.</span> 
     </span>
    </p>
   </div>
   <div class='ocr_carea' id='block_1_2' title="bbox 284 3703 901 3784">
    <p class='ocr_par' dir='ltr' id='par_1_3' title="bbox 284 3703 901 3784">
     <span class='ocr_line' id='line_1_31' title="bbox 284 3703 901 3784; baseline -0.008 -14"><span class='ocrx_word' id='word_1_232' title='bbox 284 3703 670 3770; x_wconf 74' lang='lat' dir='ltr'>Ideszemltandb</span> <span class='ocrx_word' id='word_1_233' title='bbox 694 3704 802 3784; x_wconf 83' lang='lat' dir='ltr'>meg:</span> <span class='ocrx_word' id='word_1_234' title='bbox 895 3769 901 3782; x_wconf 62' lang='grc'><strong>,</strong></span> 
     </span>
    </p>
   </div>
   <div class='ocr_carea' id='block_1_3' title="bbox 293 3853 1195 3988">
    <p class='ocr_par' dir='ltr' id='par_1_4' title="bbox 293 3853 1195 3988">
     <span class='ocr_line' id='line_1_32' title="bbox 293 3853 1195 3988; baseline -0.007 -15"><span class='ocrx_word' id='word_1_235' title='bbox 293 3899 326 3988; x_wconf 77' lang='lat'>1)</span> <span class='ocrx_word' id='word_1_236' title='bbox 343 3904 374 3970; x_wconf 82' lang='lat' dir='ltr'><strong><em>A</em></strong></span> <span class='ocrx_word' id='word_1_237' title='bbox 390 3853 660 3988; x_wconf 67' lang='lat' dir='ltr'>seekeefehercdri</span> <span class='ocrx_word' id='word_1_238' title='bbox 677 3901 903 3986; x_wconf 80' lang='lat' dir='ltr'>kdptalunuule</span> <span class='ocrx_word' id='word_1_239' title='bbox 919 3901 968 3965; x_wconf 73' lang='lat' dir='ltr'>Iret</span> <span class='ocrx_word' id='word_1_240' title='bbox 983 3903 1195 3986; x_wconf 74' lang='lat' dir='ltr'>lor&#39;aelveicpc:</span> 
     </span>
    </p>
   </div>
   <div class='ocr_carea' id='block_1_4' title="bbox 144 4040 1430 4662">
    <p class='ocr_par' dir='ltr' id='par_1_5' title="bbox 144 4040 1430 4662">
     <span class='ocr_line' id='line_1_33' title="bbox 283 4040 1430 4129; baseline 0 -20"><span class='ocrx_word' id='word_1_241' title='bbox 283 4041 319 4128; x_wconf 86' lang='lat' dir='ltr'>e)</span> <span class='ocrx_word' id='word_1_242' title='bbox 341 4043 531 4129; x_wconf 78' lang='lat' dir='ltr'>Capitulum</span> <span class='ocrx_word' id='word_1_243' title='bbox 547 4043 695 4110; x_wconf 81' lang='lat' dir='ltr'>Ecclesia</span> <span class='ocrx_word' id='word_1_244' title='bbox 711 4041 864 4109; x_wconf 84' lang='lat' dir='ltr'>Albensis</span> <span class='ocrx_word' id='word_1_245' title='bbox 882 4041 1028 4110; x_wconf 87' lang='lat' dir='ltr'>omuibus</span> <span class='ocrx_word' id='word_1_246' title='bbox 1047 4040 1167 4110; x_wconf 83' lang='lat' dir='ltr'>(lhristi</span> <span class='ocrx_word' id='word_1_247' title='bbox 1201 4043 1303 4112; x_wconf 86' lang='lat' dir='ltr'>rideli-</span> <span class='ocrx_word' id='word_1_248' title='bbox 1429 4099 1430 4102; x_wconf 63' lang='lat'>,</span> 
     </span>
     <span class='ocr_line' id='line_1_34' title="bbox 172 4147 1303 4238; baseline -0.002 -20"><span class='ocrx_word' id='word_1_249' title='bbox 172 4153 237 4218; x_wconf 84' lang='lat' dir='ltr'>¹hus</span> <span class='ocrx_word' id='word_1_250' title='bbox 254 4158 324 4217; x_wconf 89' lang='lat' dir='ltr'>tam</span> <span class='ocrx_word' id='word_1_251' title='bbox 340 4151 545 4237; x_wconf 83' lang='lat' dir='ltr'>presentibus</span> <span class='ocrx_word' id='word_1_252' title='bbox 561 4169 658 4234; x_wconf 85' lang='lat' dir='ltr'>quam</span> <span class='ocrx_word' id='word_1_253' title='bbox 677 4147 791 4216; x_wconf 85' lang='lat' dir='ltr'>futuris</span> <span class='ocrx_word' id='word_1_254' title='bbox 807 4158 991 4235; x_wconf 87' lang='lat' dir='ltr'>presentem</span> <span class='ocrx_word' id='word_1_255' title='bbox 1008 4150 1164 4235; x_wconf 83' lang='lat' dir='ltr'>pagiuam</span> <span class='ocrx_word' id='word_1_256' title='bbox 1180 4151 1303 4238; x_wconf 83' lang='lat' dir='ltr'>inspec-</span> 
     </span>
     <span class='ocr_line' id='line_1_35' title="bbox 174 4256 1301 4344; baseline 0 -22"><span class='ocrx_word' id='word_1_257' title='bbox 174 4259 254 4325; x_wconf 88' lang='lat' dir='ltr'>turis</span> <span class='ocrx_word' id='word_1_258' title='bbox 270 4257 460 4326; x_wconf 87' lang='lat' dir='ltr'>salutem-iu</span> <span class='ocrx_word' id='word_1_259' title='bbox 476 4277 524 4343; x_wconf 93' lang='lat' dir='ltr'>eo,</span> <span class='ocrx_word' id='word_1_260' title='bbox 543 4259 597 4340; x_wconf 87' lang='lat' dir='ltr'>qui</span> <span class='ocrx_word' id='word_1_261' title='bbox 613 4265 662 4326; x_wconf 92' lang='lat' dir='ltr'>est</span> <span class='ocrx_word' id='word_1_262' title='bbox 678 4277 757 4324; x_wconf 88' lang='lat' dir='ltr'>vera</span> <span class='ocrx_word' id='word_1_263' title='bbox 772 4257 871 4344; x_wconf 88' lang='lat' dir='ltr'>salos,</span> <span class='ocrx_word' id='word_1_264' title='bbox 890 4256 972 4323; x_wconf 83' lang='lat' dir='ltr'>dans</span> <span class='ocrx_word' id='word_1_265' title='bbox 990 4256 1127 4341; x_wconf 89' lang='lat' dir='ltr'>quietem</span> <span class='ocrx_word' id='word_1_266' title='bbox 1162 4258 1301 4324; x_wconf 89' lang='lat' dir='ltr'>homiui-</span> 
     </span>
     <span class='ocr_line' id='line_1_36' title="bbox 174 4361 1301 4450; baseline 0 -20"><span class='ocrx_word' id='word_1_267' title='bbox 174 4365 242 4432; x_wconf 86' lang='lat' dir='ltr'>bus</span> <span class='ocrx_word' id='word_1_268' title='bbox 268 4361 323 4430; x_wconf 73' lang='lat' dir='ltr'>sd</span> <span class='ocrx_word' id='word_1_269' title='bbox 336 4365 558 4432; x_wconf 81' lang='lat' dir='ltr'>uniuersorum</span> <span class='ocrx_word' id='word_1_270' title='bbox 574 4363 729 4430; x_wconf 87' lang='lat' dir='ltr'>noticiam</span> <span class='ocrx_word' id='word_1_271' title='bbox 745 4362 859 4430; x_wconf 87' lang='lat' dir='ltr'>harum</span> <span class='ocrx_word' id='word_1_272' title='bbox 877 4363 961 4430; x_wconf 89' lang='lat' dir='ltr'>serie</span> <span class='ocrx_word' id='word_1_273' title='bbox 977 4362 1125 4430; x_wconf 84' lang='lat' dir='ltr'>volumus</span> <span class='ocrx_word' id='word_1_274' title='bbox 1136 4363 1301 4450; x_wconf 88' lang='lat' dir='ltr'>peuenirc,</span> 
     </span>
     <span class='ocr_line' id='line_1_37' title="bbox 169 4467 1300 4554; baseline 0.001 -20"><span class='ocrx_word' id='word_1_275' title='bbox 169 4469 261 4552; x_wconf 81' lang='lat' dir='ltr'>qnod</span> <span class='ocrx_word' id='word_1_276' title='bbox 276 4467 355 4535; x_wconf 87' lang='lat' dir='ltr'>licet</span> <span class='ocrx_word' id='word_1_277' title='bbox 370 4471 404 4537; x_wconf 94' lang='lat' dir='ltr'>in</span> <span class='ocrx_word' id='word_1_278' title='bbox 420 4479 517 4538; x_wconf 87' lang='lat' dir='ltr'>antee</span> <span class='ocrx_word' id='word_1_279' title='bbox 534 4470 740 4538; x_wconf 90' lang='lat' dir='ltr'>honorabiles</span> <span class='ocrx_word' id='word_1_280' title='bbox 758 4469 829 4554; x_wconf 85' lang='lat' dir='ltr'>viri,</span> <span class='ocrx_word' id='word_1_281' title='bbox 847 4469 992 4552; x_wconf 87' lang='lat' dir='ltr'>religiosi</span> <span class='ocrx_word' id='word_1_282' title='bbox 1020 4476 1050 4535; x_wconf 89' lang='lat' dir='ltr'>et</span> <span class='ocrx_word' id='word_1_283' title='bbox 1078 4470 1147 4536; x_wconf 91' lang='lat' dir='ltr'>Deo</span> <span class='ocrx_word' id='word_1_284' title='bbox 1179 4469 1300 4550; x_wconf 89' lang='lat' dir='ltr'>deuoti,</span> 
     </span>
     <span class='ocr_line' id='line_1_38' title="bbox 144 4571 1302 4662; baseline 0.003 -24"><span class='ocrx_word' id='word_1_285' title='bbox 144 4632 150 4638; x_wconf 88' lang='lat'><em>.</em></span> <span class='ocrx_word' id='word_1_286' title='bbox 168 4577 272 4644; x_wconf 84' lang='lat' dir='ltr'>:frater</span> <span class='ocrx_word' id='word_1_287' title='bbox 290 4571 477 4662; x_wconf 77' lang='lat' dir='ltr'>vilhelmus,</span> <span class='ocrx_word' id='word_1_288' title='bbox 494 4576 559 4644; x_wconf 88' lang='lat' dir='ltr'>Dei</span> <span class='ocrx_word' id='word_1_289' title='bbox 576 4582 607 4642; x_wconf 89' lang='lat' dir='ltr'>et</span> <span class='ocrx_word' id='word_1_290' title='bbox 621 4575 810 4661; x_wconf 84' lang='lat' dir='ltr'>Apostolice</span> <span class='ocrx_word' id='word_1_291' title='bbox 826 4574 920 4642; x_wconf 85' lang='lat' dir='ltr'>Sedis</span> <span class='ocrx_word' id='word_1_292' title='bbox 937 4574 1051 4660; x_wconf 88' lang='lat' dir='ltr'>gracia</span> <span class='ocrx_word' id='word_1_293' title='bbox 1066 4575 1179 4642; x_wconf 85' lang='lat' dir='ltr'>Abbas</span> <span class='ocrx_word' id='word_1_294' title='bbox 1207 4575 1302 4644; x_wconf 82' lang='lat' dir='ltr'>Sacri</span> 
     </span>
    </p>
   </div>
   <div class='ocr_carea' id='block_1_5' title="bbox 0 0 1591 5154">
    <p class='ocr_par' dir='ltr' id='par_1_6' title="bbox 0 0 1591 5154">
     <span class='ocr_line' id='line_1_39' title="bbox 0 0 1591 5154; baseline 0 0"><span class='ocrx_word' id='word_1_295' title='bbox 0 0 1591 5154; x_wconf 95' lang='lat' dir='ltr'> </span> 
     </span>
    </p>
   </div>
  </div>
 </body>
</html>
