3098 5132
595 320 754 420 „ann

119 513 374 584 admiscentibus
390 513 488 580 terris
503 515 647 580 exomni
662 519 759 600 parte
784 513 982 582 distinctam.
1013 513 1125 582 Prima
1150 523 1258 584 meta-.-

117 623 224 710 inoipit
238 622 331 690 iuxta
345 621 552 706 Danubium
577 621 702 688 atinde
725 620 935 708 progreditur
965 619 1010 689 ad
1039 620 1245 692 occidentem

118 731 157 798 ad
173 732 276 817 ripum
293 727 442 796 eiusdem
458 727 593 813 piscine,
608 727 664 796 ubi
681 735 732 796 cst
748 735 835 797 meta
852 747 924 796 oum
940 730 1064 810 Boruc;
1080 727 1156 798 inde
1171 737 1240 799 ten·

118 836 162 903 dit
176 856 247 904 cum
262 833 402 904 eleuatis
416 833 512 902 metis
528 841 633 919 usque
649 833 692 901 ad
707 842 829 904 metam
844 835 980 922 Boynoo
994 841 1027 903 et
1040 837 1184 923 Thome3
1208 844 1242 906 et
1259 859 1261 864 ·

120 943 192 1010 inde
205 942 350 1012 flectitur
365 941 411 1011 ad
427 941 690 1028 septemtrionem
705 963 778 1012 oum
795 943 934 1010 eleuatis
949 946 1045 1013 metis
1069 965 1173 1030 usque
1197 946 1262 1014 ad.

119 1057 235 1118 metam
250 1049 424 1140 Kachena;
451 1056 483 1116 et
498 1048 577 1116 inde
592 1048 698 1116 tendit
714 1069 785 1117 cum
802 1050 939 1118 eleuatis
956 1053 1049 1120 metis
1065 1051 1109 1118 ad
1134 1053 1238 1121 orien-

120 1167 179 1225 tem
195 1178 294 1243 nsque
310 1157 353 1224 ad
369 1157 474 1243 ripam
491 1162 683 1242 prenarrata
699 1155 833 1243 piscine,
850 1162 881 1223 et
891 1156 968 1224 inde
978 1159 1021 1226 ad
1031 1159 1219 1227 Danubium
1232 1183 1260 1244 ς,

121 1273 203 1331 terra
217 1285 293 1334 nero
309 1265 449 1334 arabilis
466 1263 636 1332 sufficiens
653 1271 704 1332 est
719 1263 762 1330 ad
779 1266 922 1350 quinque
937 1273 1059 1334 aratra.

223 1371 424 1441 contulimus
457 1372 560 1440 eciam
591 1370 622 1438 ei
654 1371 755 1438 aliam
787 1377 907 1438 terram
938 1391 1010 1440 oum
1043 1373 1139 1460 silua,
1181 1394 1263 1459 que·

121 1481 179 1548 init
214 1480 410 1566 piscatorum
452 1480 493 1547 de
533 1478 707 1563 Zagrabia.
755 1479 867 1546 Prima
897 1486 983 1546 meta
1019 1479 1115 1546 huius
1156 1487 1242 1548 terre

120 1589 227 1674 incipit
263 1590 303 1655 do
342 1587 456 1673 Odra,
505 1585 560 1654 ubi
598 1583 687 1652 cadit
724 1584 897 1672 Ribnyoha
934 1587 969 1652 in
1007 1585 1150 1672 Odram3
1208 1595 1241 1656 et

124 1696 206 1762 uenit
220 1697 371 1782 superius
387 1715 485 1781 snper
509 1695 712 1782 Ribnyoham
744 1695 787 1760 ad
817 1695 1108 1780 Timeneramlaca,
1141 1701 1173 1762 et
1204 1697 1264 1763 dc·-

124 1803 401 1870 'Iimeneremlaca
415 1801 506 1869 uenit
521 1803 556 1868 in
573 1801 716 1882 Zawam,
749 1800 838 1867 etde
855 1801 957 1868 Zawa
972 1800 1142 1870 descendit
1166 1801 1247 1870 infe-

126 1911 196 1994 rius,
212 1910 265 1976 ubi
283 1909 352 1978 exit
366 1909 407 1976 de
423 1909 523 1978 Zawa
539 1907 808 1994 Netnsiamlaka3
835 1908 876 1976 de
890 1908 1141 1978 Netuslamlaka
1155 1911 1247 1978 uadit
1263 1957 1267 1964 -

125 2019 155 2082 in
171 2016 340 2104 Chyrnich,
357 2023 390 2082 et
406 2016 447 2083 do
463 2015 627 2102 Chyrniob
644 2015 737 2083 uadit
751 2014 888 2084 inferius
904 2015 960 2082 ubi
975 2018 1043 2083 exit
1075 2015 1115 2082 de
1145 2017 1246 2104 Chyr-

127 2123 196 2190 nich
210 2124 445 2209 (iclinamlacu
479 2119 568 2190 etde
584 2121 813 2190 Goiinamiuoa
828 2121 919 2189 uadit
935 2120 977 2189 ad
994 2123 1154 2188 caminam
1185 2125 1242 2190 nbi

126 2232 206 2299 cadit
220 2230 448 2299 Golinamlaoa
463 2228 497 2296 in
515 2229 666 2315 Zawam3
692 2234 723 2296 et
739 2250 835 2318 super
851 2229 985 2296 Zawam
1001 2229 1094 2295 uadit
1105 2229 1262 2299 inferius--

130 2339 180 2404 ubi
194 2339 259 2406 erit
272 2339 554 2423 Mortynoastrug3
584 2343 617 2404 et
632 2335 675 2402 de
689 2337 956 2424 Mortynoastrug
971 2335 1062 2402 uadit
1078 2355 1181 2419 usque
1200 2340 1250 2406 ad,

128 2446 267 2530 Ruscam,
284 2447 392 2512 Rusca
408 2445 476 2511 exit
492 2442 532 2510 dc
547 2445 811 2529 Mortyncastrug
828 2451 860 2510 et
876 2445 964 2510 uenit
988 2445 1023 2510 in
1050 2442 1181 2528 Odram,
1213 2456 1265 2514 et-

131 2553 172 2620 rio
185 2553 266 2619 redit
281 2553 323 2620 ad
340 2551 480 2636 priorem
495 2559 627 2620 metam.
642 2550 711 2617 Heo
727 2557 802 2618 sunt
817 2550 951 2617 nomina
966 2570 1165 2639 camporum,
1184 2574 1265 2638 que·

131 2669 197 2728 sunt
210 2663 244 2728 in
261 2667 349 2727 terra
362 2659 513 2746 predicta
529 2685 536 2726 :
554 2659 645 2747 Pola,
660 2658 806 2744 Durnyo,
837 2658 982 2746 Lymyn,
1013 2658 1120 2746 Ruffa,
1153 2660 1261 2740 Pala,.

132 2769 255 2854 Polana,
271 2769 399 2835 Oriona.

227 2877 271 2942 lit
286 2895 329 2942 nc
344 2876 457 2958 aliqua
474 2873 688 2940 dissensionis
713 2871 851 2940 materia
882 2874 967 2942 inter
998 2877 1159 2962 prefatum
1191 2879 1268 2947 Th..

130 2981 275 3050 Comitem
291 2991 325 3050 et
340 2983 469 3067 iratres,
485 2983 538 3050 uel
556 2983 822 3070 consanguineos,
839 2983 894 3050 uel
911 2983 1162 3068 circumquaque
1171 2985 1249 3053 uici·

128 3112 180 3158 nos
195 3090 262 3160 eins
279 3091 421 3176 oriatur;
445 3089 533 3156 idem
549 3089 609 3154 Th.
628 3087 743 3156 Comes
760 3090 860 3176 peoijt
887 3111 907 3157 a
933 3094 1038 3176 nobis,
1072 3099 1108 3158 ut
1138 3111 1251 3160 omnes

129 3199 190 3265 eins
204 3197 438 3284 possessiones,
468 3203 535 3264 tam
554 3215 595 3263 ex
612 3196 809 3281 patrimonio
825 3217 922 3280 quam
947 3219 988 3264 ex
1013 3199 1116 3282 Regia
1148 3199 1267 3268 dona··

130 3310 223 3389 aione,
239 3307 295 3374 uel
313 3325 355 3372 ex
371 3303 549 3387 empcione,
565 3305 619 3370 nei
636 3323 827 3388 quocunque
843 3304 930 3372 iusto
947 3305 1048 3388 tytulo
1072 3305 1267 3390 acquisitas·

130 3425 181 3497 per
198 3411 326 3480 fidelem
342 3411 507 3478 hominem
523 3416 668 3478 nostrum
699 3409 858 3496 distingui
888 3433 909 3477 a
939 3411 1074 3478 fratrum
1106 3433 1266 3500 suorum,.

130 3521 177 3586 nel
193 3519 519 3606 consanguineorum,
536 3521 590 3586 uel
607 3519 860 3602 circumquaque
875 3518 1055 3587 uicinorum
1071 3523 1248 3605 posscssio-

130 3626 220 3693 nibus
237 3626 432 3694 faceremus.
457 3625 556 3692 Cuius
572 3625 657 3693 iuste
671 3625 828 3713 peticioni
843 3633 1027 3694 annuentes
1045 3626 1197 3694 dilectum
1216 3635 1265 3695 et

128 3731 250 3800 fidelem
267 3741 412 3802 nostrum
428 3733 528 3800 Petou
544 3733 585 3798 do
602 3735 684 3802 uilla
701 3733 877 3802 Baranoha
902 3733 1056 3802 duximus
1088 3739 1269 3804 transmit-1

131 3841 265 3925 tendum,
281 3843 337 3926 qui
354 3842 487 3910 Comitis
505 3842 726 3926 possessiones
744 3842 961 3928 supradictas,
979 3862 1114 3911 necnon
1125 3843 1260 3912 etalias

133 3949 318 4017 anctoritate
334 3957 446 4018 nostra
462 3948 618 4034 oircuiuit,
636 3956 669 4016 et
685 3947 784 4015 certis
801 3955 958 4015 motarum
990 3951 1139 4016 terminis
1170 3951 1270 4018 limi--

135 4053 223 4142 tanit3
247 4069 280 4126 et
296 4058 402 4126 eciam
417 4057 533 4126 fratres
550 4077 626 4125 suos
641 4077 681 4124 aa
698 4055 968 4144 consanguineos,
983 4076 1045 4123 neo
1076 4079 1141 4126 non
1172 4057 1250 4126 uici·

139 4185 188 4231 nos
204 4164 245 4231 ad
260 4171 406 4233 nostram
424 4165 538 4232 citauit
554 4167 766 4252 presenciam.
802 4165 843 4230 Et
867 4163 901 4230 in
933 4163 1049 4232 dostra
1080 4165 1269 4249 presencia·

142 4269 280 4338 dixerunt
296 4292 363 4338 una
378 4291 467 4356 uoce,
484 4271 678 4358 pristaidum
695 4278 840 4339 nostrum
856 4271 891 4338 in
908 4270 971 4337 hac
1001 4291 1102 4338 causa
1134 4273 1253 4338 iustum

142 4376 234 4462 fuisse,
250 4387 282 4448 et
293 4379 422 4458 'litteras
438 4397 533 4446 noras
550 4379 645 4448 nobis
661 4379 854 4448 ostendisse.
873 4379 942 4445 Nos
958 4385 1067 4445 autem
1083 4387 1254 4462 utramque

143 4492 253 4563 partem
267 4487 389 4554 iustam
406 4484 574 4554 audientes
591 4487 797 4571 precepimus
813 4486 974 4552 annotari.

235 4594 345 4662 Prima
361 4601 448 4661 terra
463 4595 497 4660 in
514 4594 641 4682 syrma,
657 4593 746 4662 cuius
763 4613 879 4661 nomen
897 4593 977 4677 Solt,
994 4612 1091 4678 super
1106 4612 1172 4676 qua
1187 4591 1271 4660 edi·
