3098 5132
789 917 863 988 158.

254 1109 364 1204 cyrio
381 1097 525 1184 nicaenas
540 1117 692 1183 sosarmo
707 1117 849 1186 namra
865 1119 1018 1208 copeyo
1033 1123 1396 1210 serpyazoooeomc

253 1225 364 1292 ceco
379 1223 519 1311 zdprdbc‘
528 1224 656 1312 perper
672 1227 704 1292 6³
714 1250 736 1291 α
746 1229 1215 1316 mapparoresdpieziavonias'
1224 1235 1398 1320 complem-

648 1333 778 1400 reodick
792 1335 874 1402 cest.
891 1336 991 1402 1230.

248 1525 413 1590 (dulcores,
432 1529 557 1581 Menum.
576 1531 642 1583 hist.
662 1531 752 1596 Episc.
772 1531 969 1597 Zegrnbiensis
989 1533 1012 1582 Ι.
1031 1533 1090 1582 ket.
1111 1537 1152 1582 65.
1173 1535 1191 1583 L
1210 1535 1244 1586 V.
1265 1537 1290 1585 ὁ.
1304 1535 1397 1601 Fejdr

250 1615 319 1668 (iod
338 1619 414 1684 Dipi.
433 1617 486 1670 111.
505 1621 563 1670 ket„
585 1625 609 1672 2.
629 1635 651 1672 r.
673 1624 733 1672 218.
752 1621 770 1671 L
790 1621 819 1672 ds
837 1619 949 1673 Fer-leci
968 1621 1116 1686 Illyrienm
1134 1622 1254 1676 Sacrum
1276 1625 1308 1676 V.
1328 1626 1395 1676 ket.

749 1714 808 1764 80³.
829 1712 897 1777 inp.)

787 2525 862 2596 lec.

253 2732 361 2798 Nemil
377 2731 476 2796 a-Me
493 2731 525 2794 dr
540 2715 676 2816 zdprdbi
690 2725 903 2814 fdispdcca'k
929 2723 1097 2792 Zlatenioh
1128 2725 1284 2812 helysdqet
1315 2731 1391 2790 tcir-

361 2839 464 2926 ιιῃχαιό
478 2835 579 2902 sedete
603 2859 625 2902 a
651 2835 803 2924 topnskoi
827 2837 967 2922 apdisdp
993 2837 1152 2901 szdmcira.
1179 2830 1278 2900 1230.

274 3110 278 3116 ,
360 3035 431 3120 Ego
446 3030 614 3102 Neemilus
626 3027 809 3096 Vicebanns
826 3031 859 3096 et
875 3026 991 3094 Comes
1007 3027 1249 3114 Zagrobiensis,
1266 3033 1384 3095 notum

253 3141 339 3211 facio
354 3140 515 3208 universis
528 3143 695 3225 presentes
705 3134 816 3202 literne
827 3133 1040 3220 inspecturis:
1057 3135 1228 3220 quodcum
1239 3135 1388 3203 venisset

252 3248 296 3316 ad
312 3268 365 3316 me
381 3247 514 3333 qnidam
526 3243 656 3330 iobegio
682 3244 812 3311 nomine
829 3243 942 3331 Teren,
958 3249 1150 3328 presentem
1168 3243 1247 3310 mihi
1270 3242 1391 3312 literas

252 3355 375 3424 domini
391 3353 490 3439 Regis
507 3349 716 3441 O(olomnni),
744 3357 780 3418 nt
796 3358 986 3437 preceptum
1004 3350 1232 3438 adimplerem,
1249 3349 1325 3418 veni
1340 3354 1392 3419 cd

252 3469 373 3531 terram
390 3461 431 3530 de
456 3459 625 3527 Zletenich
656 3459 700 3526 ed
717 3457 1007 3545 perambulandum
1040 3479 1124 3542 enm,
1157 3462 1189 3524 et
1213 3455 1390 3526 redderem

253 3590 326 3638 enm
356 3568 483 3654 prefato
515 3565 616 3633 'Perse
648 3567 691 3634 ed
722 3572 912 3652 preceptum
943 3565 1053 3650 Regis.
1101 3565 1251 3634 Memphi
1275 3572 1390 3634 antem

252 3675 489 3761 prohibuerunt
498 3674 578 3740 mihi
593 3681 716 3742 terram
742 3673 835 3741 illam
863 3665 1102 3760 perambulare,
1120 3674 1279 3762 dicentes,
1297 3675 1390 3758 qnod

252 3791 340 3852 terre
356 3781 415 3849 illa
432 3780 512 3849 dcte
528 3787 614 3850 esset
624 3781 768 3849 Ecclesie
785 3782 826 3849 de
837 3781 974 3866 Toplica
991 3802 1048 3866 per
1064 3781 1272 3867 privilegium
1282 3781 1389 3867 Regis

251 3889 388 3956 Andree.
421 3889 565 3974 eumque
598 3907 659 3974 ego
695 3889 858 3956 venissem
893 3889 936 3956 ad
967 3887 1145 3956 monachos
1177 3890 1212 3954 in
1237 3887 1388 3976 Topiicn,

251 4001 418 4064 ostensum
436 4001 486 4065 est
501 3995 580 4063 mihi
598 3996 808 4083 privilegium
826 4017 946 4083 eorum,
962 4017 1025 4081 quo
1042 3995 1217 4081 diiigenter
1232 3997 1386 4082 inspecto

252 4111 284 4172 et
299 4106 444 4190 perlecto
462 4125 571 4172 coram
598 4103 727 4172 domino
750 4105 892 4172 Martino
919 4103 1132 4173 Gorbaviensi
1160 4105 1331 4192 Episcopo,
1349 4117 1387 4172 et.

251 4231 358 4280 coram
374 4232 431 4279 sex
459 4211 731 4297 generacionibns
762 4212 873 4278 inveni
905 4209 1024 4297 prefati
1056 4219 1177 4278 terrem
1212 4213 1314 4278 'Perse
1345 4213 1384 4278 in

252 4317 424 4404 privilegio
457 4319 690 4388 monachornm
721 4319 849 4386 scilicet
881 4318 980 4404 Regis
1023 4318 1163 4387 Andrce.
1194 4318 1385 4386 Adfirmavit

251 4427 354 4491 eciam
380 4425 528 4494 dominus
554 4427 713 4494 Martinus
731 4425 960 4494 Gorbsviensis
977 4427 1171 4512 Episcopus,
1188 4425 1388 4512 qnodtcrra

249 4531 350 4599 'Perse
383 4541 470 4602 esset
500 4541 588 4602 terra
620 4535 845 4602 castrensium.
883 4535 924 4600 iit
942 4553 1014 4601 cunr
1041 4533 1194 4602 haberem
1211 4535 1386 4602 consilinm
