3120 5148
334 1201 371 1267 L.
389 1205 520 1295 soproni
535 1203 678 1290 fdirpa'o
708 1205 902 1290 mephappjo
931 1201 1133 1290 iopdnjcinalc
1165 1201 1350 1290 Eyycdack,
1382 1197 1456 1287 lopp
1482 1150 1485 1154 ¹

340 1311 456 1378 Tameia
474 1311 703 1378 keresltcdd'aele
713 1311 859 1414 ¹clszcdett
875 1313 1017 1397 holmijcit
1033 1312 1147 1378 otttesa
1157 1314 1273 1378 visszc.
1292 1309 1389 1376 XIII.
1400 1309 1458 1374 et·

796 1419 857 1486 zad
874 1419 1001 1484 koedete.

320 1603 392 1680 ¹(Itj.
412 1615 538 1680 Kubinyi
557 1616 686 1678 Ferencz,
707 1615 840 1665 Pdtliizet
858 1629 875 1665 a
893 1615 1011 1681 Megyar
1030 1615 1204 1668 Tdrtcnelmi
1223 1617 1359 1669 Emldlrelr
1379 1617 1401 1670 1.
1413 1613 1458 1666 ks·

676 1703 795 1768 tetthen,
815 1704 919 1754 Pesten
941 1707 1017 1756 1868.
1039 1709 1062 1755 8.
1082 1705 1111 1769 l.)

875 2543 927 2612 dl.

339 2745 448 2812 Endon
479 2748 607 2833 hercaep
640 2743 764 2832 Kaqois
794 2745 907 2812 stoloni
937 2747 1066 2832 sziqctet
1094 2746 1251 2829 tcirqyazd
1281 2741 1465 2829 odomonyo

524 2853 684 2922 Demoleos
700 2851 837 2940 adprobo·
850 2853 975 2940 pitspdlt
990 2856 1151 2920 szdmctrc.
1183 2851 1284 2916 1201.

449 3051 488 3118 ln
504 3049 636 3117 nemine
651 3049 772 3116 Sancte
788 3047 958 3116 Trinitatis
976 3054 1009 3112 et
1026 3045 1201 3114 Individue
1218 3045 1374 3115 Unitctis.
1400 3045 1460 3112 An·

343 3158 439 3226 dress
461 3157 523 3226 Dei
538 3157 651 3243 gracia
674 3156 854 3242 Dalmacio‚
877 3154 1079 3241 Chrowacie,
1104 3153 1305 3237 Olulmcque
1329 3153 1406 3220 Dux
1432 3157 1464 3220 in

342 3275 542 3354 perpetuum.
558 3266 647 3336 Juris
664 3265 753 3332 racio
771 3265 901 3332 videtur
917 3265 1084 3334 consulere
1098 3263 1240 3332 omnium
1259 3265 1314 3349 pie
1332 3263 1466 3352 petenti·
1549 3347 1550 3354 ἵ

341 3397 395 3443 nm
421 3384 498 3443 vota
521 3377 629 3442 animo
653 3373 777 3460 sedulo,
803 3372 1004 3456 attentisque
1027 3373 1161 3440 curibus
1186 3373 1307 3440 debere
1330 3371 1470 3440 admitti.
1549 3371 1550 3461 j

341 3485 461 3552 Verum
479 3501 590 3550 esrum
608 3501 739 3566 precum
756 3482 878 3548 cercior
894 3481 1133 3566 specialiorque
1160 3479 1256 3548 debet
1274 3499 1348 3547 esse
1365 3499 1473 3564 recep·

340 3591 399 3678 cio,
417 3609 500 3674 ques
516 3605 657 3674 persone
673 3587 877 3655 venerabiles
888 3595 920 3654 ot
931 3607 1028 3655 cause
1038 3607 1096 3672 pro
1108 3587 1223 3672 quibus
1236 3587 1326 3668 fiunt,
1343 3587 1472 3654 iaciunt

341 3719 414 3765 esse
431 3693 719 3763 commendabiles.
737 3695 878 3781 Dignum
897 3701 947 3762 est
963 3694 1048 3760 enim
1065 3701 1098 3762 ct
1111 3695 1235 3761 racioni
1253 3703 1472 3763 consentane-

342 3825 406 3888 um,
424 3809 459 3870 nt
475 3803 507 3868 in
524 3801 702 3868 remedium
721 3809 753 3868 et
769 3804 908 3868 salutem
925 3807 1071 3868 transeat
1086 3803 1269 3868 animarum
1285 3801 1473 3868 indubiten·
1548 3797 1549 3854 ἐ

343 3920 402 3996 ter,
418 3909 570 3994 quicquid
587 3908 656 3976 Deo
672 3910 767 3976 datur
784 3910 835 3975 vel
854 3907 979 3976 dicatur
995 3907 1160 3976 Ecclesiis.
1178 3909 1246 3976 Nos
1264 3909 1368 3995 igitur
1386 3909 1472 3976 dicte

346 4017 533 4086 devocionis
557 4017 821 4084 consideracione
845 4017 995 4084 commoti
1020 4016 1064 4082 ad
1088 4015 1200 4084 fratris
1218 4017 1322 4084 nostri
1348 4015 1472 4085 domini

347 4127 478 4194 Henrici
511 4127 721 4194 illustrissimi
753 4126 982 4208 Hungarornm
1008 4125 1118 4211 Regis,
1143 4124 1418 4192 ammonicionem
1443 4131 1474 4190 et

348 4238 466 4303 iustam
493 4235 681 4320 petitionem
713 4239 811 4319 atquc
828 4232 900 4318 pias
918 4252 1031 4319 preces
1058 4233 1257 4301 venerabilis
1290 4232 1478 4300 sacerdotis
1547 4263 1548 4330 }

345 4343 406 4411 Dei
423 4343 586 4410 Dominici
603 4341 757 4410 videlicet
782 4340 1011 4425 Zagrabiensis
1028 4340 1193 4427 Episcopi,
1219 4339 1371 4408 dedimus
1394 4342 1478 4408 insu·
1547 4349 1548 4379 t

343 4453 421 4538 lam,
439 4470 501 4536 que
518 4451 639 4535 Cognis
656 4450 784 4536 dicitur,
802 4447 1019 4534 Zagrcbiensi
1038 4448 1186 4518 Ecclesic
1202 4449 1291 4516 omni
1309 4450 1479 4517 concussi·

348 4555 1483 4643 oneetcontradiccioneremotapcrpetuopossidendam300ntentam

346 4685 423 4734 vero
439 4665 504 4733 hiis
520 4665 668 4738 terminis
684 4673 716 4734 et
733 4663 828 4738 metis
850 4691 857 4732 :
875 4666 916 4732 ab
933 4663 1056 4732 oriente
1073 4663 1129 4732 ubi
1161 4664 1259 4733 Saws
1289 4663 1416 4734 flavius
1448 4665 1481 4730 in
1546 4687 1547 4734 3
