3098 5132
813 276 973 376 jug

324 463 554 550 predecessori
581 477 613 536 et
637 469 739 538 Beato
764 471 874 539 Marco
905 491 927 538 a
960 469 1219 539 dominatoribus
1233 470 1336 555 Nigro
1345 470 1470 557 pontiur

327 571 486 642 debemus
517 575 638 644 bebere
669 579 703 645 in
733 579 827 646 nobis
858 577 1067 648 medietatem
1092 600 1151 667 por
1177 577 1399 666 particionem
1430 585 1470 644 et
1530 613 1531 662 ι

330 679 471 750 Sanctus
481 683 610 752 Marcus
619 685 723 752 aliam
731 686 950 773 medictatem,
962 707 988 754 s.
998 707 1025 756 a
1035 686 1112 754 dum
1123 691 1274 772 poterunt
1285 685 1414 767 haberi;
1428 689 1466 750 et

329 786 448 856 babere
458 788 613 857 debemus
622 791 823 875 negotiatum
834 788 949 859 Obersi
964 799 998 859 et
1013 793 1141 878 Aurem,
1159 811 1258 876 quam
1282 789 1469 858 comitatus-

331 893 419 962 Arbe
435 908 467 962 et
482 895 620 982 Ragusii
634 905 667 964 et
692 897 843 985 caraem,
861 903 894 964 et
909 881 1180 966 bonorificencias
1199 919 1315 966 omnes
1330 897 1470 980 Histric,¹

333 1009 367 1070 ut
383 1002 571 1074 babuerunt
584 1005 830 1089 predecessores
846 1005 960 1073 nostri.
1531 1001 1532 1010 ’

459 1203 594 1268 injussos,
612 1203 736 1254 urorum.
757 1219 797 1268 sp.
816 1203 884 1254 msc.
905 1203 978 1254 slav.
997 1165 1095 1255 uersu
1115 1203 1138 1254 1.
1157 1204 1217 1255 ror.
1237 1207 1281 1256 aa.
1304 1205 1334 1268 u)

864 1947 940 2017 lec.

337 2149 421 2216 Boia
435 2147 542 2236 {fjodb
557 2146 669 2233 tirdty
683 2149 866 2232 megarenses·
884 2147 927 2211 II.
953 2145 1124 2213 Endrdncle
1154 2143 1278 2215 diobol
1308 2151 1465 2237 helysdqet

568 2256 728 2340 tdryyozd
744 2255 879 2322 1229·AE
893 2253 1099 2339 adomdnydt.
1131 2251 1227 2322 1230.

440 2449 522 2515 Bela
551 2447 612 2513 Dei
646 2447 758 2530 gracia
788 2449 868 2537 Rex,
899 2395 1134 2532 primogenitus
1164 2447 1264 2532 Regis
1307 2449 1457 2536 Vngarie

331 2557 492 2624 universis
517 2547 701 2641 presentem
725 2556 879 2640 paginam
907 2555 1102 2640 inspecturis
1126 2553 1264 2621 salutem
1300 2563 1334 2624 et
1367 2571 1463 2624 omne·

331 2665 460 2732 bonum.
492 2661 573 2730 Oum
604 2682 663 2748 per
695 2662 815 2730 Divino
846 2663 1080 2750 inspiracionis
1111 2663 1264 2748 graciam,
1292 2665 1456 2733 voluntate

330 2773 434 2860 patris
463 2773 564 2839 nostri
595 2778 628 2838 et
659 2778 785 2838 maturo
815 2769 1006 2868 Principum
1040 2777 1128 2838 terre
1159 2778 1270 2838 nostre
1311 2773 1453 2857 consilio,

331 2879 463 2946 inutiles
494 2886 527 2946 et
566 2879 744 2964 superfluas
777 2877 1033 2964 perpetuitatum
1074 2877 1273 2946 donaciones
1289 2897 1455 2947 reuocare·

331 3005 411 3068 mus,
442 2987 587 3054 oblatum
620 2994 670 3054 est
700 2985 795 3053 nobis
827 2984 1038 3070 priuilegium
1072 2983 1177 3070 patris
1202 2985 1305 3052 nostri
1321 2988 1381 3054 sub
1397 2987 1461 3054 bac

331 3093 454 3162 forma:

438 3203 479 3268 In
517 3201 650 3267 nomine
679 3201 741 3268 stb.
757 3199 908 3268 Andreas
940 3200 1002 3268 sib.
1035 3197 1249 3286 (kdvetkeuik
1280 3199 1323 3266 ΙΙ
1353 3202 1462 3269 Endre

328 3311 508 3399 kirdlynak
528 3307 664 3378 lnce-ik
678 3308 952 3394 adomduyiaveie
967 3307 1049 3375 mint
1064 3307 1198 3374 ientebb
1216 3310 1290 3376 153.
1309 3327 1352 3377 su
1368 3309 1415 3396 a.)

436 3419 505 3486 Nos
535 3417 636 3502 igitur
667 3416 711 3483 ad
741 3417 968 3484 vehementem
998 3421 1030 3482 et
1056 3415 1233 3482 instantem
1264 3415 1458 3500 peticionem

332 3526 516 3595 Reveroudi
547 3523 661 3608 Vgrini
686 3523 874 3592 Goloeensis
907 3521 1152 3609 Arcbiepiscepi
1174 3540 1197 3587 a
1224 3529 1317 3608 patre
1346 3531 1454 3592 nostro

329 3637 451 3704 iactam
483 3631 698 3699 donacionem
729 3629 1000 3718 confirmavimus,
1024 3637 1057 3697 et
1080 3629 1324 3697 eontimacionis
1351 3643 1465 3702 nostre-

329 3743 447 3811 seriem
457 3739 554 3806 scribi
571 3739 742 3825 iacientes,
753 3737 855 3822 sigilli
871 3741 976 3806 nostri
994 3737 1209 3823 impressione
1225 3737 1457 3810 roboravimus.

332 3851 454 3915 Datum
469 3866 528 3931 per
545 3865 659 3914 manns
672 3845 794 3912 Mathis
810 3845 1042 3929 Zagrabiensis
1057 3843 1231 3930 Prepesiti,
1247 3843 1331 3911 Aulo
1348 3855 1463 3916 nostre

332 3951 534 4023 Canceilarii.
574 3955 670 4020 Anno
700 3953 812 4036 gracie
843 3949 1037 4018 MOCXXX.
1070 3951 1157 4017 Pons
1187 3950 1452 4040 Taramicomm,

331 4064 425 4132 dhar
450 4059 692 4149 Dapiierorum,
717 4059 878 4127 Michaele
892 4057 960 4125 tilio
977 4056 1075 4142 Opud
1094 4056 1337 4144 pincernarum,
1353 4061 1464 4130 Pousa-

333 4171 401 4238 tilio
426 4169 559 4239 Soulum
591 4169 780 4253 Agasonum
813 4173 996 4233 nostrorum
1037 4165 1249 4252 Magistratus
1264 4169 1464 4253 tenentibnsr

334 4281 414 4348 Jula
429 4279 528 4346 fratre
543 4275 678 4344 Ratbolt
694 4272 889 4360 Woyevoda
911 4273 1080 4339 existente.

423 4477 589 4538 (Tbelcsics,
608 4475 733 4526 Menum.
751 4473 817 4522 bist.
836 4471 930 4534 Epioe.
949 4471 1144 4536 Zagrabiensis
1162 4471 1186 4522 1.
1206 4470 1264 4522 ket.
1285 4474 1327 4523 ⁶8.
1344 4473 1376 4538 l.)
