3120 5148
788 259 948 368 „ra-

304 463 499 552 Evangelia,
515 463 638 530 firmam
657 483 769 549 pacem
788 468 821 528 et
837 461 1040 530 concordiam
1067 468 1176 530 tencre
1201 463 1363 550 deinceps
1395 455 1435 530 ad

305 573 475 642 duodecim
493 572 589 638 annis
606 570 766 640 universis
782 568 967 637 homiuibus
983 570 1136 638 Civitatis
1153 571 1300 660 Rugusii,
1317 580 1354 637 ut
1372 591 1435 637 non

305 679 508 748 offendamus
525 699 579 748 eos
596 698 655 744 uec
671 678 704 744 in
722 677 829 762 robus,
848 697 907 743 uec
923 677 1045 743 offendi
1062 675 1220 744 iaciemus
1237 679 1279 744 ab
1311 679 1435 762 aliquo,

306 809 364 854 neo
381 787 544 871 patiamur
558 785 677 856 offendi
696 783 859 852 bonafide
876 784 947 850 sine
963 783 1081 852 fraude
1107 791 1139 850 et
1170 783 1257 851 malo
1288 783 1432 870 ingenio.

306 895 356 963 Ita
373 893 513 980 quidem,
532 893 619 978 quod
635 914 694 964 uos
711 893 868 960 Barensos
885 891 1088 960 studebimus
1105 898 1137 957 et
1164 893 1339 976 diligenter
1375 901 1434 958 tru-

305 1003 464 1068 ctabimus
481 1022 553 1067 cum
571 1001 724 1068 omuibus
737 999 888 1068 vasoellis
905 999 1085 1086 Apulorum
1103 1001 1291 1088 causalium,
1308 1000 1364 1084 qui
1379 1019 1434 1086 per

304 1117 413 1196 partes
429 1115 556 1176 nostras
572 1109 744 1176 transitum
760 1107 944 1192 habuerint,
961 1117 996 1175 ut
1007 1191 1009 1196 ,
1022 1109 1131 1173 iurent
1161 1109 1203 1172 ad
1235 1109 1339 1176 Sacra
1372 1107 1433 1174 Dei

304 1216 497 1303 Evangelia,
513 1237 576 1284 non
592 1217 755 1284 offendere
780 1216 929 1283 homiues
955 1213 1103 1283 Civitatis
1133 1215 1271 1301 Rugusii
1305 1237 1366 1284 nec
1400 1217 1431 1282 in

304 1327 400 1392 rebus
417 1345 475 1392 neo
491 1325 524 1393 in
542 1324 706 1410 personis5
732 1326 808 1392 etsi
825 1325 885 1393 hoo
902 1324 1009 1393 facore
1025 1321 1197 1410 noluerint,
1229 1345 1294 1392 nou
1327 1325 1430 1409 peroi-

304 1433 429 1518 piemns
447 1453 514 1521 eos,
531 1432 589 1500 sed
605 1433 804 1518 expellemus
821 1453 878 1500 eos
895 1453 915 1498 a
932 1439 1027 1516 portu
1052 1439 1083 1498 et
1100 1431 1279 1500 tenimento
1311 1441 1431 1518 nostro,

305 1563 364 1608 noc
380 1542 483 1607 ullum
501 1539 656 1606 auxilium
673 1540 738 1606 aud
756 1540 922 1606 consilium
939 1541 986 1605 eis
1003 1538 1163 1606 dabimus.
1198 1539 1239 1606 Et
1254 1538 1283 1608 si
1308 1539 1430 1606 contin·

307 1649 400 1736 gerit,
418 1648 503 1731 qnod
519 1648 616 1733 absit,
632 1647 776 1732 aliquem
795 1647 836 1712 de
862 1648 1038 1714 tenimento
1068 1647 1146 1713 Buri
1179 1647 1346 1714 offendere
1377 1647 1434 1712 ali·
1471 1690 1485 1697 -

306 1776 399 1838 quaem
416 1757 625 1841 Ragusinum‚
643 1777 713 1823 oum
731 1757 879 1840 requisiti
895 1756 1053 1824 fuerimus
1071 1757 1111 1822 de
1126 1755 1252 1824 iustitia
1268 1755 1433 1842 facienda,

304 1865 433 1950 plenam
450 1865 498 1932 eis
514 1864 669 1932 iustitiam
687 1863 852 1932 faciemus.
871 1864 938 1930 Hec
955 1865 1065 1930 omnia
1081 1861 1328 1932 observabimus
1344 1864 1431 1930 bonu

305 1971 367 2039 tide
385 1973 455 2038 siue
471 1972 585 2040 frande
602 1981 634 2039 et
650 1974 735 2040 malo
749 1974 893 2059 ingenio,
911 1974 1003 2040 salva
1013 1973 1172 2038 fidelitate
1184 1977 1215 2036 et
1225 1969 1432 2038 ordinatione

305 2078 423 2147 domini
441 2081 542 2147 nostri
559 2079 656 2162 Regis
672 2081 847 2147 Frederici.
871 2079 925 2147 Sic
942 2101 1001 2147 nos
1018 2081 1106 2146 Deus
1133 2079 1275 2164 adjuvet,
1307 2084 1342 2143 et
1372 2077 1433 2142 hcc

305 2187 406 2254 Sacra
424 2186 484 2255 Dei
503 2187 693 2271 Evangelia.
733 2189 975 2254 Incaruationis
992 2187 1095 2254 nostri
1109 2185 1188 2252 Jesu
1205 2183 1327 2251 Christi
1345 2205 1431 2251 anuo

304 2295 477 2362 millesimo
495 2294 714 2363 ducentesimo
730 2296 847 2382 primo.
872 2296 1042 2380 Regnante
1059 2294 1190 2360 domino
1217 2299 1328 2360 nostro
1355 2291 1431 2358 Fro-

306 2403 415 2469 ‹lcrioo
432 2402 635 2469 invictissimi
650 2403 748 2490 Regis
766 2403 887 2490 Sicilie,
904 2405 1053 2470 Ducatus
1070 2401 1200 2488 Apulis,
1217 2408 1249 2468 et
1265 2398 1431 2484 Principa-

304 2517 357 2578 tus
375 2509 494 2596 Oapue,
512 2530 597 2577 anno
614 2518 737 2598 quarto,
769 2531 879 2579 mense
894 2511 1072 2578 Februario
1103 2509 1157 2577 die
1188 2515 1316 2594 octavo,
1346 2505 1430 2573 iudi·

305 2617 413 2684 ctione
428 2625 555 2701 quarta.
595 2617 689 2696 Quod
705 2618 884 2689 Robbertus
902 2619 1056 2687 Notarius
1075 2624 1190 2704 rogatu
1207 2629 1316 2684 nostro
1350 2615 1429 2682 sori·

304 2727 370 2814 psit
388 2727 452 2792 imo
471 2723 628 2794 interluit.

431 2926 705 2992 (Ljubios,ldonum.
727 2943 767 2992 sp.
788 2923 1294 2988 hist.Sluu.lt1erid.1.kdt.20.l)

837 3755 890 3832 53.

301 3953 412 4020 Eudae
427 3953 456 4020 a
450 3977 554 4042 resep
573 3955 742 4021 Kainai
694 3957 742 4021 bel
741 3961 878 4044 padpaod·
903 3963 1050 4026 aaudiat
1074 3958 1280 4044 azabatyozzo
1312 3955 1427 4021 Boron
1543 3935 1544 3952 χ

591 4067 724 4152 zcipruiba'
739 4068 843 4132 de'lecia
859 4070 1014 4135 azdrrorirmo
1035 4069 1128 4136 1202

407 4263 446 4330 In
473 4263 599 4329 nomine
616 4262 736 4330 Sancte
753 4265 922 4334 Trinitatis
940 4273 971 4333 et
987 4265 1160 4334 Indiuidue
1175 4264 1329 4335 Unitatis.
1360 4267 1426 4332 Aa·

301 4367 394 4438 dress
404 4369 464 4436 Dei
476 4371 587 4454 gracia
598 4371 778 4457 Dalmacio‚
795 4373 993 4462 Cirrowaoie,
1011 4371 1210 4458 Chulrneque
1225 4375 1301 4440 Dux
1314 4375 1347 4439 in
1359 4392 1429 4456 por·

276 4487 443 4576 petuam.
478 4477 637 4556 Quoniam
658 4482 689 4546 iu
706 4503 812 4548 rerum
837 4484 1064 4570 temporalium
1090 4476 1241 4550 mutabili
1266 4481 1427 4548 varietate

300 4587 396 4654 nichil
424 4585 505 4652 adeo
531 4589 740 4672 perpetuitati
765 4590 906 4657 ereditur
930 4590 1106 4670 conforme,
1124 4609 1220 4674 quruu
1240 4587 1326 4676 quod
1343 4589 1426 4656 viro·
