3150 5162
621 307 780 409 —m—r-

138 509 339 578 oontinentes
355 533 364 573 :
381 507 467 592 quod
483 504 569 574 idem
585 505 747 594 Beriulau,
763 506 903 592 anohlr,
918 505 1052 595 Stepan,
1068 509 1171 596 Vytk,
1187 509 1264 576 Vul-

137 618 230 704 chey,
262 623 295 683 et
326 615 515 700 Dragnzlau
546 633 619 681 oum
653 613 802 681 omnibus
834 615 902 682 suis
918 615 1075 699 proximis
1106 619 1265 704 prenomi-

136 733 248 793 natam
265 731 385 792 terram
401 722 660 807 requisivissent3
676 720 808 790 taudem
825 725 859 788 in
877 721 1045 806 assignato
1062 725 1109 792 eis
1125 726 1262 793 termino

136 833 179 900 ad
210 831 463 918 productionem
495 833 625 900 testium
656 829 839 899 faciendam
872 831 996 898 nullam
1014 832 1262 918 produccionem

136 943 246 1008 facere
278 941 469 1028 potuissent,
500 960 561 1006 nec
592 939 695 1006 eciam
711 938 855 1022 aliquam
877 937 1050 1006 ostendere
1066 941 1266 1029 cautionem,

137 1056 170 1116 et
187 1045 262 1114 ideo
279 1047 385 1114 eidem
401 1049 541 1116 Martiuo
558 1066 630 1113 cum
646 1046 796 1113 undecim
813 1046 876 1113 sibi
891 1045 1111 1116 consimilibus
1126 1047 1263 1115 homini-

137 1157 196 1224 bus
213 1155 437 1222 adiudicatum
453 1155 568 1222 luisset
584 1161 833 1239 sacramentum,
852 1161 884 1222 et
901 1155 1040 1224 iurasset
1049 1178 1122 1224 cum
1133 1157 1264 1247 eisdem,

137 1283 274 1346 quornm
305 1263 482 1329 iuratorum
508 1260 639 1328 nomina
657 1261 690 1327 in
707 1269 842 1346 utroque
861 1262 1031 1348 privilegio
1048 1265 1265 1334 continentur.

136 1371 206 1438 Nos
222 1370 322 1454 igitur
337 1390 476 1437 unacum
496 1369 653 1454 Magistro
669 1369 960 1455 MoysSimigieusi
981 1378 1014 1438 et
1038 1373 1261 1442 Worosdieusi

135 1479 269 1561 comite,
284 1477 439 1560 Magistro
458 1477 595 1545 Nicolao
626 1477 742 1546 Judice
761 1476 857 1546 Gurie
873 1478 1003 1547 domine
1019 1481 1144 1564 Regino
1160 1503 1259 1567 quon·

134 1585 211 1652 dam
243 1585 393 1670 macioso
424 1593 457 1652 et
485 1587 632 1671 plurimis
658 1587 763 1671 Regni
796 1585 956 1654 nobilibus
983 1589 1115 1674 publico
1141 1589 1261 1658 iudicio

135 1693 366 1782 assidentibus,
398 1693 536 1760 Iwanlra
568 1693 636 1761 filio
668 1693 792 1779 qulay,
824 1695 1007 1782 Hrenconc,
1037 1696 1192 1765 Furcasio
1218 1699 1259 1766 de

137 1801 290 1889 Zagoria,
320 1803 505 1870 Pcuorseno
521 1801 590 1869 lilio
607 1803 701 1884 Rata,
717 1809 750 1871 et
764 1801 851 1888 eliis,
867 1802 1112 1874 considerantes
1128 1805 1261 1873 cosdem

137 1908 330 1996 Beryulaum
351 1915 383 1976 et
415 1929 490 1976 euos
523 1915 682 1993 cognatos
715 1911 958 1996 prenominatos
989 1911 1079 1978 litem
1111 1913 1263 1997 primitus

136 2017 300 2101 litigatam
311 2022 343 2083 el
353 2037 486 2084 exuovo
497 2017 700 2086 terminatum
718 2017 933 2104 resumpsisse
948 2025 980 2084 et
996 2019 1192 2087 recidivasse
1204 2019 1262 2110 (i),

137 2126 354 2211 decrevimus,
371 2123 503 2192 eosdem
521 2125 693 2193 manifeste
710 2127 981 2210 calumpniatores
998 2129 1203 2194 remansisse.
1219 2131 1261 2195 Et

136 2253 334 2319 quamquam
351 2233 439 2318 ipsos
465 2231 642 2300 secundum
660 2234 868 2300 constitutam
886 2232 1063 2301 vindictam
1080 2235 1264 2321 calumpnie

134 2343 344 2428 exigentibus
361 2341 506 2428 ipsorum
522 2339 657 2430 meritis,
674 2342 793 2409 assatis
811 2361 868 2429 per
889 2340 1030 2410 medium
1061 2344 1151 2410 nasis
1182 2341 1264 2410 iudi·

134 2471 209 2518 care
242 2449 474 2538 debuissemus,
505 2458 615 2518 temen
648 2451 729 2534 ipsis
761 2451 966 2538 pepercimus
997 2452 1040 2517 ad
1065 2450 1262 2520 instanciam

133 2557 319 2646 potencium
335 2557 559 2626 misericordia
575 2557 748 2644 mediante,
764 2560 985 2644 relinquentes
1001 2562 1107 2646 ipsam
1139 2566 1259 2626 terram

132 2669 276 2738 blattino
307 2673 339 2733 et
354 2667 458 2750 ipsius
488 2668 730 2735 successoribus
746 2675 905 2754 perpetuo
921 2667 1162 2754 possidendam,
1180 2667 1262 2754 ipsis

131 2775 304 2843 Berlulano
337 2781 370 2840 et
399 2775 469 2842 suis
500 2777 596 2842 sociis
639 2777 821 2862 prenotatis
852 2797 891 2844 ac
922 2777 1069 2863 ipsorum
1104 2776 1262 2863 proximis

131 2883 332 2950 auctoritate
363 2884 566 2970 presencium
593 2884 627 2948 in
644 2882 767 2950 futuros
784 2903 988 2951 successores
1004 2883 1174 2950 silentium
1190 2905 1261 2970 per-

132 2999 268 3078 petuum
285 2993 497 3078 imponentes.
514 2993 553 3058 Iu
586 2990 677 3058 cuins
694 2991 740 3058 rei
758 2991 856 3057 robur
871 2997 904 3058 et
920 2989 1132 3059 stabilitatem
1150 3011 1263 3076 perpe-

136 3109 227 3168 tnam
259 3106 427 3185 presentes
471 3098 663 3166 contulimus
693 3099 795 3184 sigilli
826 3099 927 3165 nostri
968 3097 1144 3164 munimine
1175 3097 1267 3164 robo-

134 3217 245 3293 ratas,
281 3228 367 3274 anno
399 3207 531 3274 Domini
557 3205 710 3276 MCCLX.
727 3207 840 3292 primo.
866 3206 1029 3274 Pristaldo
1046 3204 1141 3275 Gnrie
1156 3213 1264 3272 nostre

131 3315 260 3384 Thema
290 3317 356 3384 lilio
382 3317 532 3403 Sanctus,
548 3324 580 3384 ct
596 3315 740 3383 terrestri
757 3315 916 3402 pristaldo
942 3313 1068 3382 Boseuo
1084 3313 1149 3380 lilio
1164 3313 1262 3380 Inuse

135 3425 362 3493 existentibus.

217 3625 382 3690 (Thaletica,
401 3625 525 3677 Monum.
547 3625 612 3677 hist.
631 3625 723 3690 Episc.
742 3623 937 3690 ngrabiensis
956 3623 978 3674 1.
999 3625 1057 3674 rot.
1081 3625 1139 3674 lit.
1162 3621 1193 3688 1.)
