<?xml version="1.0" encoding="UTF-8"?>
<!DOCTYPE html PUBLIC "-//W3C//DTD XHTML 1.0 Transitional//EN"
    "http://www.w3.org/TR/xhtml1/DTD/xhtml1-transitional.dtd">
<html xmlns="http://www.w3.org/1999/xhtml" xml:lang="en" lang="en">
 <head>
  <title>
</title>
<meta http-equiv="Content-Type" content="text/html;charset=utf-8" />
  <meta name='ocr-system' content='tesseract 3.04.00' />
  <meta name='ocr-capabilities' content='ocr_page ocr_carea ocr_par ocr_line ocrx_word'/>
</head>
<body>
  <div class='ocr_page' id='page_1' title='image "./codexdiplomatic10wenzgoog_0120.png"; bbox 0 0 3120 5148; ppageno 0'>
   <div class='ocr_carea' id='block_1_1' title="bbox 677 299 716 395">
    <p class='ocr_par' dir='ltr' id='par_1_1' title="bbox 677 299 716 395">
     <span class='ocr_line' id='line_1_1' title="bbox 677 299 716 395; baseline 0.026 -1"><span class='ocrx_word' id='word_1_1' title='bbox 677 299 716 395; x_wconf 76' lang='lat' dir='ltr'><strong>rt</strong></span> 
     </span>
    </p>
   </div>
   <div class='ocr_carea' id='block_1_2' title="bbox 129 511 1265 2882">
    <p class='ocr_par' dir='ltr' id='par_1_2' title="bbox 129 511 1265 2882">
     <span class='ocr_line' id='line_1_2' title="bbox 129 511 1257 612; baseline 0.002 -20"><span class='ocrx_word' id='word_1_2' title='bbox 129 511 211 593; x_wconf 82' lang='lat' dir='ltr'><strong>duas</strong></span> <span class='ocrx_word' id='word_1_3' title='bbox 234 523 465 594; x_wconf 85' lang='lat' dir='ltr'><strong>distineciones</strong></span> <span class='ocrx_word' id='word_1_4' title='bbox 483 545 518 594; x_wconf 87' lang='lat' dir='ltr'><strong>se</strong></span> <span class='ocrx_word' id='word_1_5' title='bbox 534 523 664 611; x_wconf 84' lang='lat' dir='ltr'><strong>dividit,</strong></span> <span class='ocrx_word' id='word_1_6' title='bbox 681 525 785 608; x_wconf 83' lang='lat' dir='ltr'><strong>prims</strong></span> <span class='ocrx_word' id='word_1_7' title='bbox 810 531 894 593; x_wconf 89' lang='lat' dir='ltr'><strong>mete</strong></span> <span class='ocrx_word' id='word_1_8' title='bbox 911 525 1041 612; x_wconf 81' lang='lat' dir='ltr'><strong>signum</strong></span> <span class='ocrx_word' id='word_1_9' title='bbox 1057 526 1195 594; x_wconf 88' lang='lat' dir='ltr'><strong>occurrit</strong></span> <span class='ocrx_word' id='word_1_10' title='bbox 1211 523 1257 596; x_wconf 84' lang='lat' dir='ltr'><strong>vi·</strong></span> 
     </span>
     <span class='ocr_line' id='line_1_3' title="bbox 129 629 1261 722; baseline 0.004 -23"><span class='ocrx_word' id='word_1_11' title='bbox 129 635 280 702; x_wconf 78' lang='lat' dir='ltr'><strong>dentibus</strong></span> <span class='ocrx_word' id='word_1_12' title='bbox 297 636 331 700; x_wconf 93' lang='lat' dir='ltr'><strong>in</strong></span> <span class='ocrx_word' id='word_1_13' title='bbox 348 635 465 702; x_wconf 84' lang='lat' dir='ltr'><strong>arbore</strong></span> <span class='ocrx_word' id='word_1_14' title='bbox 481 636 631 720; x_wconf 82' lang='lat' dir='ltr'><strong>populea,</strong></span> <span class='ocrx_word' id='word_1_15' title='bbox 650 634 756 698; x_wconf 82' lang='lat' dir='ltr'><strong>altera</strong></span> <span class='ocrx_word' id='word_1_16' title='bbox 772 629 863 722; x_wconf 88' lang='lat' dir='ltr'><strong>(uero</strong></span> <span class='ocrx_word' id='word_1_17' title='bbox 880 634 981 722; x_wconf 87' lang='lat' dir='ltr'><strong>metu)</strong></span> <span class='ocrx_word' id='word_1_18' title='bbox 999 634 1202 719; x_wconf 85' lang='lat' dir='ltr'><strong>protenditur</strong></span> <span class='ocrx_word' id='word_1_19' title='bbox 1219 637 1261 704; x_wconf 91' lang='lat' dir='ltr'><strong>ad</strong></span> 
     </span>
     <span class='ocr_line' id='line_1_4' title="bbox 131 740 1262 828; baseline 0.001 -20"><span class='ocrx_word' id='word_1_20' title='bbox 131 742 380 810; x_wconf 83' lang='lat' dir='ltr'>meridionalem</span> <span class='ocrx_word' id='word_1_21' title='bbox 403 741 535 826; x_wconf 83' lang='lat' dir='ltr'><strong>plagam</strong></span> <span class='ocrx_word' id='word_1_22' title='bbox 547 741 639 808; x_wconf 83' lang='lat' dir='ltr'><strong>iuxta</strong></span> <span class='ocrx_word' id='word_1_23' title='bbox 649 740 791 827; x_wconf 78' lang='lat' dir='ltr'><strong>Servum,</strong></span> <span class='ocrx_word' id='word_1_24' title='bbox 802 741 858 807; x_wconf 92' lang='lat' dir='ltr'><strong>ubi</strong></span> <span class='ocrx_word' id='word_1_25' title='bbox 868 741 965 809; x_wconf 90' lang='lat' dir='ltr'><strong>arbor</strong></span> <span class='ocrx_word' id='word_1_26' title='bbox 975 741 1123 810; x_wconf 88' lang='lat' dir='ltr'><strong>nucisera</strong></span> <span class='ocrx_word' id='word_1_27' title='bbox 1133 743 1262 828; x_wconf 81' lang='lat' dir='ltr'><strong>signum</strong></span> 
     </span>
     <span class='ocr_line' id='line_1_5' title="bbox 130 848 1257 936; baseline 0.003 -19"><span class='ocrx_word' id='word_1_28' title='bbox 130 857 239 936; x_wconf 83' lang='lat' dir='ltr'><strong>gestat</strong></span> <span class='ocrx_word' id='word_1_29' title='bbox 256 851 390 918; x_wconf 79' lang='lat' dir='ltr'><strong>evidens</strong></span> <span class='ocrx_word' id='word_1_30' title='bbox 407 853 530 916; x_wconf 83' lang='lat' dir='ltr'><strong>factum</strong></span> <span class='ocrx_word' id='word_1_31' title='bbox 546 850 736 936; x_wconf 84' lang='lat' dir='ltr'><strong>cespitibus,</strong></span> <span class='ocrx_word' id='word_1_32' title='bbox 754 848 798 915; x_wconf 91' lang='lat' dir='ltr'><strong>ibi</strong></span> <span class='ocrx_word' id='word_1_33' title='bbox 816 848 971 916; x_wconf 84' lang='lat' dir='ltr'><strong>diuiditur</strong></span> <span class='ocrx_word' id='word_1_34' title='bbox 988 856 1076 916; x_wconf 85' lang='lat' dir='ltr'><strong>meta</strong></span> <span class='ocrx_word' id='word_1_35' title='bbox 1093 851 1257 920; x_wconf 83' lang='lat' dir='ltr'><strong>Oarachu-</strong></span> 
     </span>
     <span class='ocr_line' id='line_1_6' title="bbox 135 955 1261 1046; baseline 0.002 -22"><span class='ocrx_word' id='word_1_36' title='bbox 135 981 186 1046; x_wconf 84' lang='lat' dir='ltr'><strong>na,</strong></span> <span class='ocrx_word' id='word_1_37' title='bbox 204 959 281 1026; x_wconf 86' lang='lat' dir='ltr'><strong>inde</strong></span> <span class='ocrx_word' id='word_1_38' title='bbox 299 959 504 1044; x_wconf 82' lang='lat' dir='ltr'>protenditur</span> <span class='ocrx_word' id='word_1_39' title='bbox 520 963 631 1025; x_wconf 86' lang='lat' dir='ltr'><strong>contra</strong></span> <span class='ocrx_word' id='word_1_40' title='bbox 648 957 849 1026; x_wconf 87' lang='lat' dir='ltr'><strong>occidentem</strong></span> <span class='ocrx_word' id='word_1_41' title='bbox 866 959 959 1024; x_wconf 86' lang='lat' dir='ltr'><strong>iuxta</strong></span> <span class='ocrx_word' id='word_1_42' title='bbox 978 955 1156 1043; x_wconf 87' lang='lat' dir='ltr'><strong>predictum</strong></span> <span class='ocrx_word' id='word_1_43' title='bbox 1172 959 1261 1026; x_wconf 84' lang='lat' dir='ltr'><strong>fluui-</strong></span> 
     </span>
     <span class='ocr_line' id='line_1_7' title="bbox 134 1063 1257 1153; baseline 0.002 -21"><span class='ocrx_word' id='word_1_44' title='bbox 134 1087 187 1134; x_wconf 87' lang='lat' dir='ltr'><strong>um</strong></span> <span class='ocrx_word' id='word_1_45' title='bbox 205 1066 250 1132; x_wconf 86' lang='lat' dir='ltr'><strong>ad</strong></span> <span class='ocrx_word' id='word_1_46' title='bbox 275 1067 389 1153; x_wconf 83' lang='lat' dir='ltr'><strong>rivrrm,</strong></span> <span class='ocrx_word' id='word_1_47' title='bbox 407 1065 462 1149; x_wconf 87' lang='lat' dir='ltr'><strong>qui</strong></span> <span class='ocrx_word' id='word_1_48' title='bbox 480 1072 615 1132; x_wconf 81' lang='lat' dir='ltr'><strong>uocatur</strong></span> <span class='ocrx_word' id='word_1_49' title='bbox 638 1065 795 1151; x_wconf 85' lang='lat' dir='ltr'><strong>Seregna,</strong></span> <span class='ocrx_word' id='word_1_50' title='bbox 812 1065 857 1130; x_wconf 90' lang='lat' dir='ltr'><strong>ibi</strong></span> <span class='ocrx_word' id='word_1_51' title='bbox 875 1084 952 1130; x_wconf 80' lang='lat' dir='ltr'><strong>uero</strong></span> <span class='ocrx_word' id='word_1_52' title='bbox 976 1063 1142 1149; x_wconf 91' lang='lat' dir='ltr'><strong>predictus</strong></span> <span class='ocrx_word' id='word_1_53' title='bbox 1166 1065 1257 1134; x_wconf 86' lang='lat' dir='ltr'><strong>rivus</strong></span> 
     </span>
     <span class='ocr_line' id='line_1_8' title="bbox 135 1172 1260 1259; baseline -0.002 -19"><span class='ocrx_word' id='word_1_54' title='bbox 135 1175 236 1241; x_wconf 81' lang='lat' dir='ltr'><strong>intrat</strong></span> <span class='ocrx_word' id='word_1_55' title='bbox 252 1176 394 1259; x_wconf 85' lang='lat' dir='ltr'><strong>Sawam,</strong></span> <span class='ocrx_word' id='word_1_56' title='bbox 419 1174 473 1240; x_wconf 93' lang='lat' dir='ltr'><strong>ubi</strong></span> <span class='ocrx_word' id='word_1_57' title='bbox 490 1193 627 1256; x_wconf 85' lang='lat' dir='ltr'><strong>quercus</strong></span> <span class='ocrx_word' id='word_1_58' title='bbox 645 1179 695 1240; x_wconf 88' lang='lat' dir='ltr'><strong>est</strong></span> <span class='ocrx_word' id='word_1_59' title='bbox 710 1173 809 1242; x_wconf 76' lang='lat' dir='ltr'><strong>index</strong></span> <span class='ocrx_word' id='word_1_60' title='bbox 826 1181 921 1240; x_wconf 87' lang='lat' dir='ltr'><strong>mete.</strong></span> <span class='ocrx_word' id='word_1_61' title='bbox 944 1175 1045 1240; x_wconf 85' lang='lat' dir='ltr'><strong>Rirus</strong></span> <span class='ocrx_word' id='word_1_62' title='bbox 1062 1173 1123 1240; x_wconf 87' lang='lat' dir='ltr'><strong>iste</strong></span> <span class='ocrx_word' id='word_1_63' title='bbox 1141 1172 1260 1240; x_wconf 83' lang='lat' dir='ltr'><strong>diuidit</strong></span> 
     </span>
     <span class='ocr_line' id='line_1_9' title="bbox 134 1281 1260 1368; baseline -0.001 -18"><span class='ocrx_word' id='word_1_64' title='bbox 134 1291 254 1351; x_wconf 88' lang='lat' dir='ltr'><strong>metam</strong></span> <span class='ocrx_word' id='word_1_65' title='bbox 273 1305 294 1349; x_wconf 90' lang='lat' dir='ltr'><strong>a</strong></span> <span class='ocrx_word' id='word_1_66' title='bbox 310 1281 385 1350; x_wconf 88' lang='lat' dir='ltr'><strong>tiliis</strong></span> <span class='ocrx_word' id='word_1_67' title='bbox 402 1282 496 1368; x_wconf 85' lang='lat' dir='ltr'><strong>Zese,</strong></span> <span class='ocrx_word' id='word_1_68' title='bbox 513 1281 600 1349; x_wconf 90' lang='lat' dir='ltr'><strong>idem</strong></span> <span class='ocrx_word' id='word_1_69' title='bbox 617 1301 693 1348; x_wconf 84' lang='lat' dir='ltr'><strong>vero</strong></span> <span class='ocrx_word' id='word_1_70' title='bbox 710 1281 834 1348; x_wconf 89' lang='lat' dir='ltr'><strong>rivulus</strong></span> <span class='ocrx_word' id='word_1_71' title='bbox 858 1301 971 1348; x_wconf 82' lang='lat' dir='ltr'><strong>versus</strong></span> <span class='ocrx_word' id='word_1_72' title='bbox 989 1281 1189 1350; x_wconf 87' lang='lat' dir='ltr'><strong>occidentem</strong></span> <span class='ocrx_word' id='word_1_73' title='bbox 1207 1302 1260 1349; x_wconf 84' lang='lat' dir='ltr'><strong>cx·</strong></span> 
     </span>
     <span class='ocr_line' id='line_1_10' title="bbox 135 1388 1264 1476; baseline -0.003 -18"><span class='ocrx_word' id='word_1_74' title='bbox 135 1393 179 1458; x_wconf 89' lang='lat' dir='ltr'><strong>bit</strong></span> <span class='ocrx_word' id='word_1_75' title='bbox 195 1392 239 1458; x_wconf 84' lang='lat' dir='ltr'><strong>dc</strong></span> <span class='ocrx_word' id='word_1_76' title='bbox 256 1391 366 1476; x_wconf 82' lang='lat' dir='ltr'><strong>Saue,</strong></span> <span class='ocrx_word' id='word_1_77' title='bbox 379 1390 487 1474; x_wconf 86' lang='lat' dir='ltr'><strong>ibique</strong></span> <span class='ocrx_word' id='word_1_78' title='bbox 503 1388 632 1474; x_wconf 83' lang='lat' dir='ltr'><strong>siguum</strong></span> <span class='ocrx_word' id='word_1_79' title='bbox 644 1395 726 1455; x_wconf 89' lang='lat' dir='ltr'><strong>mete</strong></span> <span class='ocrx_word' id='word_1_80' title='bbox 737 1395 787 1456; x_wconf 86' lang='lat' dir='ltr'><strong>cst</strong></span> <span class='ocrx_word' id='word_1_81' title='bbox 797 1390 936 1475; x_wconf 89' lang='lat' dir='ltr'><strong>positum</strong></span> <span class='ocrx_word' id='word_1_82' title='bbox 947 1389 980 1455; x_wconf 86' lang='lat' dir='ltr'><strong>in</strong></span> <span class='ocrx_word' id='word_1_83' title='bbox 994 1389 1175 1475; x_wconf 87' lang='lat' dir='ltr'><strong>ulmo,inde</strong></span> <span class='ocrx_word' id='word_1_84' title='bbox 1186 1411 1264 1456; x_wconf 82' lang='lat' dir='ltr'><strong>uero</strong></span> 
     </span>
     <span class='ocr_line' id='line_1_11' title="bbox 136 1497 1264 1584; baseline 0 -21"><span class='ocrx_word' id='word_1_85' title='bbox 136 1497 342 1584; x_wconf 86' lang='lat' dir='ltr'><strong>protenditur</strong></span> <span class='ocrx_word' id='word_1_86' title='bbox 359 1497 400 1564; x_wconf 84' lang='lat' dir='ltr'><strong>ad</strong></span> <span class='ocrx_word' id='word_1_87' title='bbox 420 1497 717 1583; x_wconf 82' lang='lat' dir='ltr'><strong>septemtrionalem</strong></span> <span class='ocrx_word' id='word_1_88' title='bbox 735 1498 867 1582; x_wconf 84' lang='lat' dir='ltr'><strong>plagam</strong></span> <span class='ocrx_word' id='word_1_89' title='bbox 881 1516 984 1580; x_wconf 90' lang='lat' dir='ltr'><strong>usque</strong></span> <span class='ocrx_word' id='word_1_90' title='bbox 994 1497 1036 1563; x_wconf 86' lang='lat' dir='ltr'><strong>ad</strong></span> <span class='ocrx_word' id='word_1_91' title='bbox 1046 1497 1199 1564; x_wconf 87' lang='lat' dir='ltr'><strong>maiorem</strong></span> <span class='ocrx_word' id='word_1_92' title='bbox 1217 1497 1264 1563; x_wconf 91' lang='lat' dir='ltr'><strong>di·</strong></span> 
     </span>
     <span class='ocr_line' id='line_1_12' title="bbox 136 1604 1263 1694; baseline -0.007 -16"><span class='ocrx_word' id='word_1_93' title='bbox 136 1609 348 1678; x_wconf 86' lang='lat' dir='ltr'><strong>stincoionem</strong></span> <span class='ocrx_word' id='word_1_94' title='bbox 365 1606 502 1692; x_wconf 82' lang='lat' dir='ltr'><strong>predicti</strong></span> <span class='ocrx_word' id='word_1_95' title='bbox 518 1606 617 1694; x_wconf 79' lang='lat' dir='ltr'><strong>fluvii,</strong></span> <span class='ocrx_word' id='word_1_96' title='bbox 633 1607 688 1672; x_wconf 92' lang='lat' dir='ltr'><strong>ubi</strong></span> <span class='ocrx_word' id='word_1_97' title='bbox 705 1605 808 1672; x_wconf 84' lang='lat' dir='ltr'><strong>eciam</strong></span> <span class='ocrx_word' id='word_1_98' title='bbox 818 1607 851 1672; x_wconf 86' lang='lat' dir='ltr'><strong>in</strong></span> <span class='ocrx_word' id='word_1_99' title='bbox 863 1607 976 1672; x_wconf 86' lang='lat' dir='ltr'><strong>arbore</strong></span> <span class='ocrx_word' id='word_1_100' title='bbox 986 1604 1126 1692; x_wconf 84' lang='lat' dir='ltr'><strong>populea</strong></span> <span class='ocrx_word' id='word_1_101' title='bbox 1135 1605 1263 1690; x_wconf 84' lang='lat' dir='ltr'><strong>signum</strong></span> 
     </span>
     <span class='ocr_line' id='line_1_13' title="bbox 137 1711 1264 1800; baseline -0.002 -20"><span class='ocrx_word' id='word_1_102' title='bbox 137 1721 220 1784; x_wconf 87' lang='lat' dir='ltr'><strong>mete</strong></span> <span class='ocrx_word' id='word_1_103' title='bbox 231 1721 381 1800; x_wconf 86' lang='lat' dir='ltr'><strong>apparet.</strong></span> <span class='ocrx_word' id='word_1_104' title='bbox 408 1714 528 1780; x_wconf 89' lang='lat' dir='ltr'><strong>Verum</strong></span> <span class='ocrx_word' id='word_1_105' title='bbox 539 1713 762 1781; x_wconf 82' lang='lat' dir='ltr'><strong>Sarvefluuius</strong></span> <span class='ocrx_word' id='word_1_106' title='bbox 773 1711 1013 1780; x_wconf 83' lang='lat' dir='ltr'><strong>diuiditomnes</strong></span> <span class='ocrx_word' id='word_1_107' title='bbox 1031 1719 1135 1780; x_wconf 86' lang='lat' dir='ltr'><strong>metas</strong></span> <span class='ocrx_word' id='word_1_108' title='bbox 1151 1735 1172 1778; x_wconf 87' lang='lat' dir='ltr'><strong>a</strong></span> <span class='ocrx_word' id='word_1_109' title='bbox 1189 1713 1264 1780; x_wconf 89' lang='lat' dir='ltr'><strong>filiis</strong></span> 
     </span>
     <span class='ocr_line' id='line_1_14' title="bbox 140 1821 1264 1910; baseline -0.002 -20"><span class='ocrx_word' id='word_1_110' title='bbox 140 1823 232 1892; x_wconf 85' lang='lat' dir='ltr'><strong>Zesa.</strong></span> <span class='ocrx_word' id='word_1_111' title='bbox 270 1822 338 1892; x_wconf 85' lang='lat' dir='ltr'><strong>Sed</strong></span> <span class='ocrx_word' id='word_1_112' title='bbox 363 1823 514 1909; x_wconf 85' lang='lat' dir='ltr'><strong>quoniam</strong></span> <span class='ocrx_word' id='word_1_113' title='bbox 538 1821 690 1890; x_wconf 87' lang='lat' dir='ltr'><strong>memorie</strong></span> <span class='ocrx_word' id='word_1_114' title='bbox 714 1827 905 1888; x_wconf 76' lang='lat' dir='ltr'><strong>novercatur</strong></span> <span class='ocrx_word' id='word_1_115' title='bbox 935 1821 1068 1910; x_wconf 83' lang='lat' dir='ltr'><strong>oblivio,</strong></span> <span class='ocrx_word' id='word_1_116' title='bbox 1093 1821 1264 1890; x_wconf 81' lang='lat' dir='ltr'><strong>oblivionis</strong></span> 
     </span>
     <span class='ocr_line' id='line_1_15' title="bbox 139 1929 1263 2016; baseline 0.002 -20"><span class='ocrx_word' id='word_1_117' title='bbox 139 1933 224 1998; x_wconf 84' lang='lat' dir='ltr'><strong>enim</strong></span> <span class='ocrx_word' id='word_1_118' title='bbox 241 1937 333 1998; x_wconf 88' lang='lat' dir='ltr'><strong>ortus</strong></span> <span class='ocrx_word' id='word_1_119' title='bbox 350 1938 400 1998; x_wconf 88' lang='lat' dir='ltr'><strong>est</strong></span> <span class='ocrx_word' id='word_1_120' title='bbox 416 1931 568 1998; x_wconf 85' lang='lat' dir='ltr'><strong>memorie</strong></span> <span class='ocrx_word' id='word_1_121' title='bbox 598 1929 757 2016; x_wconf 83' lang='lat' dir='ltr'><strong>detectus,</strong></span> <span class='ocrx_word' id='word_1_122' title='bbox 789 1930 885 1997; x_wconf 88' lang='lat' dir='ltr'><strong>buius</strong></span> <span class='ocrx_word' id='word_1_123' title='bbox 918 1931 1020 1998; x_wconf 80' lang='lat' dir='ltr'><strong>nostri</strong></span> <span class='ocrx_word' id='word_1_124' title='bbox 1037 1931 1114 1998; x_wconf 85' lang='lat' dir='ltr'><strong>sacti</strong></span> <span class='ocrx_word' id='word_1_125' title='bbox 1146 1931 1263 1999; x_wconf 86' lang='lat' dir='ltr'><strong>seriem</strong></span> 
     </span>
     <span class='ocr_line' id='line_1_16' title="bbox 138 2037 1264 2124; baseline -0.002 -18"><span class='ocrx_word' id='word_1_126' title='bbox 138 2041 242 2123; x_wconf 86' lang='lat' dir='ltr'><strong>sripto</strong></span> <span class='ocrx_word' id='word_1_127' title='bbox 261 2039 492 2106; x_wconf 87' lang='lat' dir='ltr'><strong>commendare</strong></span> <span class='ocrx_word' id='word_1_128' title='bbox 509 2038 673 2105; x_wconf 91' lang='lat' dir='ltr'><strong>iussimus.</strong></span> <span class='ocrx_word' id='word_1_129' title='bbox 691 2037 735 2104; x_wconf 89' lang='lat' dir='ltr'><strong>Ut</strong></span> <span class='ocrx_word' id='word_1_130' title='bbox 746 2045 855 2106; x_wconf 85' lang='lat' dir='ltr'><strong>autem</strong></span> <span class='ocrx_word' id='word_1_131' title='bbox 866 2037 988 2104; x_wconf 89' lang='lat' dir='ltr'><strong>firmius</strong></span> <span class='ocrx_word' id='word_1_132' title='bbox 1001 2037 1264 2124; x_wconf 82' lang='lat' dir='ltr'><strong>roburobttneat,</strong></span> 
     </span>
     <span class='ocr_line' id='line_1_17' title="bbox 138 2145 1265 2233; baseline 0.002 -21"><span class='ocrx_word' id='word_1_133' title='bbox 138 2147 232 2230; x_wconf 81' lang='lat' dir='ltr'><strong>sigilii</strong></span> <span class='ocrx_word' id='word_1_134' title='bbox 244 2147 349 2214; x_wconf 89' lang='lat' dir='ltr'><strong>nostri</strong></span> <span class='ocrx_word' id='word_1_135' title='bbox 360 2147 563 2233; x_wconf 82' lang='lat' dir='ltr'><strong>inpressione</strong></span> <span class='ocrx_word' id='word_1_136' title='bbox 575 2146 849 2214; x_wconf 87' lang='lat' dir='ltr'><strong>communivimus.</strong></span> <span class='ocrx_word' id='word_1_137' title='bbox 860 2147 954 2212; x_wconf 87' lang='lat' dir='ltr'><strong>Anno</strong></span> <span class='ocrx_word' id='word_1_138' title='bbox 969 2145 1138 2212; x_wconf 86' lang='lat' dir='ltr'><strong>Dominicc</strong></span> <span class='ocrx_word' id='word_1_139' title='bbox 1154 2147 1265 2214; x_wconf 86' lang='lat' dir='ltr'><strong>Incar-</strong></span> 
     </span>
     <span class='ocr_line' id='line_1_18' title="bbox 139 2251 1265 2340; baseline 0 -20"><span class='ocrx_word' id='word_1_140' title='bbox 139 2255 288 2322; x_wconf 88' lang='lat' dir='ltr'><strong>nacionis</strong></span> <span class='ocrx_word' id='word_1_141' title='bbox 306 2254 480 2322; x_wconf 89' lang='lat' dir='ltr'><strong>millesimo</strong></span> <span class='ocrx_word' id='word_1_142' title='bbox 498 2253 717 2321; x_wconf 84' lang='lat' dir='ltr'><strong>ducentesimo</strong></span> <span class='ocrx_word' id='word_1_143' title='bbox 729 2253 841 2340; x_wconf 89' lang='lat' dir='ltr'><strong>primo,</strong></span> <span class='ocrx_word' id='word_1_144' title='bbox 859 2256 1018 2338; x_wconf 83' lang='lat' dir='ltr'><strong>regnante</strong></span> <span class='ocrx_word' id='word_1_145' title='bbox 1030 2251 1265 2336; x_wconf 83' lang='lat' dir='ltr'><strong>gloriosissimo</strong></span> 
     </span>
     <span class='ocr_line' id='line_1_19' title="bbox 139 2359 1265 2447; baseline 0.001 -18"><span class='ocrx_word' id='word_1_146' title='bbox 139 2363 239 2430; x_wconf 80' lang='lat' dir='ltr'><strong>tratre</strong></span> <span class='ocrx_word' id='word_1_147' title='bbox 249 2369 361 2430; x_wconf 89' lang='lat' dir='ltr'><strong>nostro</strong></span> <span class='ocrx_word' id='word_1_148' title='bbox 371 2365 460 2447; x_wconf 82' lang='lat' dir='ltr'><strong>Rege</strong></span> <span class='ocrx_word' id='word_1_149' title='bbox 476 2361 636 2436; x_wconf 82' lang='lat' dir='ltr'><strong>Hemrioo.</strong></span> <span class='ocrx_word' id='word_1_150' title='bbox 655 2361 770 2430; x_wconf 83' lang='lat' dir='ltr'><strong>Testes</strong></span> <span class='ocrx_word' id='word_1_151' title='bbox 786 2367 892 2428; x_wconf 88' lang='lat' dir='ltr'><strong>antem</strong></span> <span class='ocrx_word' id='word_1_152' title='bbox 909 2359 1005 2428; x_wconf 90' lang='lat' dir='ltr'><strong>huius</strong></span> <span class='ocrx_word' id='word_1_153' title='bbox 1021 2363 1068 2429; x_wconf 89' lang='lat' dir='ltr'><strong>rei</strong></span> <span class='ocrx_word' id='word_1_154' title='bbox 1084 2370 1160 2430; x_wconf 88' lang='lat' dir='ltr'><strong>sunt</strong></span> <span class='ocrx_word' id='word_1_155' title='bbox 1176 2363 1265 2431; x_wconf 84' lang='lat' dir='ltr'><strong>ioba-</strong></span> 
     </span>
     <span class='ocr_line' id='line_1_20' title="bbox 143 2469 1264 2559; baseline 0.003 -23"><span class='ocrx_word' id='word_1_156' title='bbox 143 2471 257 2555; x_wconf 84' lang='lat' dir='ltr'><strong>giones</strong></span> <span class='ocrx_word' id='word_1_157' title='bbox 275 2473 387 2556; x_wconf 88' lang='lat' dir='ltr'><strong>nostri,</strong></span> <span class='ocrx_word' id='word_1_158' title='bbox 404 2489 539 2554; x_wconf 88' lang='lat' dir='ltr'><strong>quornm</strong></span> <span class='ocrx_word' id='word_1_159' title='bbox 555 2470 688 2538; x_wconf 90' lang='lat' dir='ltr'><strong>nomina</strong></span> <span class='ocrx_word' id='word_1_160' title='bbox 704 2470 763 2538; x_wconf 90' lang='lat' dir='ltr'><strong>hec</strong></span> <span class='ocrx_word' id='word_1_161' title='bbox 779 2475 874 2536; x_wconf 87' lang='lat' dir='ltr'><strong>sunt:</strong></span> <span class='ocrx_word' id='word_1_162' title='bbox 900 2469 975 2556; x_wconf 85' lang='lat' dir='ltr'><strong>Mog</strong></span> <span class='ocrx_word' id='word_1_163' title='bbox 994 2469 1119 2559; x_wconf 80' lang='lat' dir='ltr'><strong>Comes,</strong></span> <span class='ocrx_word' id='word_1_164' title='bbox 1135 2469 1264 2558; x_wconf 72' lang='lat' dir='ltr'><strong>Nycho-</strong></span> 
     </span>
     <span class='ocr_line' id='line_1_21' title="bbox 141 2576 1264 2666; baseline 0.001 -21"><span class='ocrx_word' id='word_1_165' title='bbox 141 2579 210 2648; x_wconf 87' lang='lat' dir='ltr'><strong>laus</strong></span> <span class='ocrx_word' id='word_1_166' title='bbox 227 2576 358 2666; x_wconf 76' lang='lat' dir='ltr'><strong>Comes,</strong></span> <span class='ocrx_word' id='word_1_167' title='bbox 370 2579 532 2646; x_wconf 87' lang='lat' dir='ltr'><strong>Martinus</strong></span> <span class='ocrx_word' id='word_1_168' title='bbox 550 2577 677 2664; x_wconf 81' lang='lat' dir='ltr'><strong>comes,</strong></span> <span class='ocrx_word' id='word_1_169' title='bbox 695 2579 760 2646; x_wconf 82' lang='lat' dir='ltr'><strong>Ata</strong></span> <span class='ocrx_word' id='word_1_170' title='bbox 770 2579 895 2665; x_wconf 82' lang='lat' dir='ltr'><strong>Comes,</strong></span> <span class='ocrx_word' id='word_1_171' title='bbox 906 2579 1026 2645; x_wconf 83' lang='lat' dir='ltr'><strong>Orescn</strong></span> <span class='ocrx_word' id='word_1_172' title='bbox 1044 2577 1172 2665; x_wconf 65' lang='lat' dir='ltr'><strong>eomes</strong></span> <span class='ocrx_word' id='word_1_173' title='bbox 1190 2579 1264 2647; x_wconf 74' lang='lat' dir='ltr'><strong>Gra</strong></span> 
     </span>
     <span class='ocr_line' id='line_1_22' title="bbox 140 2685 1264 2776; baseline 0.004 -22"><span class='ocrx_word' id='word_1_174' title='bbox 140 2709 198 2755; x_wconf 89' lang='lat' dir='ltr'><strong>sun</strong></span> <span class='ocrx_word' id='word_1_175' title='bbox 215 2709 295 2757; x_wconf 85' lang='lat' dir='ltr'><strong>vero</strong></span> <span class='ocrx_word' id='word_1_176' title='bbox 312 2685 427 2756; x_wconf 80' lang='lat' dir='ltr'><strong>Comes</strong></span> <span class='ocrx_word' id='word_1_177' title='bbox 443 2697 494 2756; x_wconf 89' lang='lat' dir='ltr'><strong>est</strong></span> <span class='ocrx_word' id='word_1_178' title='bbox 510 2687 686 2776; x_wconf 82' lang='lat' dir='ltr'><strong>pristaldos</strong></span> <span class='ocrx_word' id='word_1_179' title='bbox 704 2687 846 2757; x_wconf 86' lang='lat' dir='ltr'><strong>eiusdem</strong></span> <span class='ocrx_word' id='word_1_180' title='bbox 863 2688 919 2754; x_wconf 88' lang='lat' dir='ltr'><strong>rei.</strong></span> <span class='ocrx_word' id='word_1_181' title='bbox 937 2687 1056 2756; x_wconf 86' lang='lat' dir='ltr'><strong>Datum</strong></span> <span class='ocrx_word' id='word_1_182' title='bbox 1075 2710 1131 2774; x_wconf 88' lang='lat' dir='ltr'><strong>per</strong></span> <span class='ocrx_word' id='word_1_183' title='bbox 1149 2709 1264 2758; x_wconf 86' lang='lat' dir='ltr'><strong>manus</strong></span> 
     </span>
     <span class='ocr_line' id='line_1_23' title="bbox 141 2791 1005 2882; baseline 0.001 -20"><span class='ocrx_word' id='word_1_184' title='bbox 141 2791 256 2865; x_wconf 84' lang='lat' dir='ltr'><strong>Jacobi</strong></span> <span class='ocrx_word' id='word_1_185' title='bbox 281 2797 445 2882; x_wconf 85' lang='lat' dir='ltr'><strong>Propositi</strong></span> <span class='ocrx_word' id='word_1_186' title='bbox 460 2795 609 2882; x_wconf 80' lang='lat' dir='ltr'><strong>Magistri</strong></span> <span class='ocrx_word' id='word_1_187' title='bbox 633 2799 735 2866; x_wconf 89' lang='lat' dir='ltr'><strong>nostri</strong></span> <span class='ocrx_word' id='word_1_188' title='bbox 752 2803 785 2864; x_wconf 91' lang='lat' dir='ltr'><strong>et</strong></span> <span class='ocrx_word' id='word_1_189' title='bbox 801 2795 1005 2864; x_wconf 79' lang='lat' dir='ltr'><strong>Cancelterii.</strong></span> 
     </span>
    </p>
   </div>
   <div class='ocr_carea' id='block_1_3' title="bbox 259 2994 1140 3062">
    <p class='ocr_par' dir='ltr' id='par_1_3' title="bbox 259 2994 1140 3062">
     <span class='ocr_line' id='line_1_24' title="bbox 259 2994 1140 3062; baseline -0.002 -14"><span class='ocrx_word' id='word_1_190' title='bbox 259 2995 425 3062; x_wconf 74' lang='lat' dir='ltr'><strong>(Thalcsics,</strong></span> <span class='ocrx_word' id='word_1_191' title='bbox 444 2997 567 3051; x_wconf 84' lang='lat' dir='ltr'><strong>Menum.</strong></span> <span class='ocrx_word' id='word_1_192' title='bbox 588 2997 654 3048; x_wconf 90' lang='lat' dir='ltr'><strong>hist.</strong></span> <span class='ocrx_word' id='word_1_193' title='bbox 673 2996 764 3062; x_wconf 75' lang='lat' dir='ltr'><strong>Episc.</strong></span> <span class='ocrx_word' id='word_1_194' title='bbox 784 2995 899 3061; x_wconf 74' lang='lat' dir='ltr'><strong>Zegrsb.</strong></span> <span class='ocrx_word' id='word_1_195' title='bbox 921 2997 943 3049; x_wconf 92' lang='lat'><strong>1.</strong></span> <span class='ocrx_word' id='word_1_196' title='bbox 964 2994 1024 3046; x_wconf 80' lang='lat' dir='ltr'><strong>koc.</strong></span> <span class='ocrx_word' id='word_1_197' title='bbox 1049 3001 1088 3047; x_wconf 84' lang='lat'><strong>10.</strong></span> <span class='ocrx_word' id='word_1_198' title='bbox 1109 2997 1140 3060; x_wconf 84' lang='lat' dir='ltr'><strong>l.)</strong></span> 
     </span>
    </p>
   </div>
   <div class='ocr_carea' id='block_1_4' title="bbox 572 3285 838 3298">
    <p class='ocr_par' dir='ltr' id='par_1_4' title="bbox 572 3285 838 3298">
     <span class='ocr_line' id='line_1_25' title="bbox 572 3285 838 3298; baseline -0.008 0"><span class='ocrx_word' id='word_1_199' title='bbox 572 3285 838 3298; x_wconf 52' lang='lat' dir='ltr'><strong>nnn-*0—</strong></span> 
     </span>
    </p>
   </div>
   <div class='ocr_carea' id='block_1_5' title="bbox 679 3815 732 3901">
    <p class='ocr_par' dir='ltr' id='par_1_5' title="bbox 679 3815 732 3901">
     <span class='ocr_line' id='line_1_26' title="bbox 679 3815 732 3901; baseline 0.057 -4"><span class='ocrx_word' id='word_1_200' title='bbox 679 3815 732 3901; x_wconf 72' lang='lat'><strong>52.</strong></span> 
     </span>
    </p>
   </div>
   <div class='ocr_carea' id='block_1_6' title="bbox 142 4023 1268 4204">
    <p class='ocr_par' dir='ltr' id='par_1_6' title="bbox 142 4023 1268 4204">
     <span class='ocr_line' id='line_1_27' title="bbox 142 4023 1268 4117; baseline -0.004 -23"><span class='ocrx_word' id='word_1_201' title='bbox 142 4023 312 4096; x_wconf 63' lang='lat' dir='ltr'><strong>Betaelrb&#39;tc&#39;s</strong></span> <span class='ocrx_word' id='word_1_202' title='bbox 328 4031 470 4117; x_wconf 76' lang='lat' dir='ltr'><strong>Rapuea</strong></span> <span class='ocrx_word' id='word_1_203' title='bbox 485 4030 703 4096; x_wconf 62' lang='lat' dir='ltr'><strong>dalmaticato</strong></span> <span class='ocrx_word' id='word_1_204' title='bbox 728 4029 812 4093; x_wconf 79' lang='lat' dir='ltr'><strong>Buri</strong></span> <span class='ocrx_word' id='word_1_205' title='bbox 837 4029 1001 4096; x_wconf 75' lang='lat' dir='ltr'><strong>elucebunt</strong></span> <span class='ocrx_word' id='word_1_206' title='bbox 1024 4025 1157 4094; x_wconf 77' lang='lat' dir='ltr'><strong>odrosok</strong></span> <span class='ocrx_word' id='word_1_207' title='bbox 1186 4027 1268 4092; x_wconf 77' lang='lat' dir='ltr'><strong>b&#39;o&#39;zt.</strong></span> 
     </span>
     <span class='ocr_line' id='line_1_28' title="bbox 664 4138 757 4204; baseline -0.022 0"><span class='ocrx_word' id='word_1_208' title='bbox 664 4138 757 4204; x_wconf 80' lang='grc'><em>1201.</em></span> 
     </span>
    </p>
   </div>
   <div class='ocr_carea' id='block_1_7' title="bbox 143 4327 1270 4750">
    <p class='ocr_par' dir='ltr' id='par_1_7' title="bbox 143 4327 1270 4750">
     <span class='ocr_line' id='line_1_29' title="bbox 250 4327 1268 4423; baseline -0.006 -21"><span class='ocrx_word' id='word_1_209' title='bbox 250 4335 316 4404; x_wconf 86' lang='lat' dir='ltr'><strong>Nos</strong></span> <span class='ocrx_word' id='word_1_210' title='bbox 334 4336 508 4423; x_wconf 84' lang='lat' dir='ltr'><strong>Garganus</strong></span> <span class='ocrx_word' id='word_1_211' title='bbox 524 4336 563 4404; x_wconf 91' lang='lat' dir='ltr'><strong>de</strong></span> <span class='ocrx_word' id='word_1_212' title='bbox 595 4335 731 4405; x_wconf 83' lang='lat' dir='ltr'><strong>Cortisio</strong></span> <span class='ocrx_word' id='word_1_213' title='bbox 764 4333 974 4402; x_wconf 88' lang='lat' dir='ltr'><strong>Justiciarius</strong></span> <span class='ocrx_word' id='word_1_214' title='bbox 1004 4329 1170 4412; x_wconf 80' lang='lat' dir='ltr'><strong>Berensis,</strong></span> <span class='ocrx_word' id='word_1_215' title='bbox 1203 4327 1268 4396; x_wconf 83' lang='lat' dir='ltr'><strong>Leo</strong></span> 
     </span>
     <span class='ocr_line' id='line_1_30' title="bbox 143 4437 1270 4530; baseline -0.008 -20"><span class='ocrx_word' id='word_1_216' title='bbox 143 4443 310 4511; x_wconf 81' lang='lat' dir='ltr'><strong>Mancinus</strong></span> <span class='ocrx_word' id='word_1_217' title='bbox 328 4445 523 4513; x_wconf 79' lang='lat' dir='ltr'><strong>barensium</strong></span> <span class='ocrx_word' id='word_1_218' title='bbox 539 4441 657 4530; x_wconf 86' lang='lat' dir='ltr'><strong>Judcx,</strong></span> <span class='ocrx_word' id='word_1_219' title='bbox 673 4445 832 4529; x_wconf 85' lang='lat' dir='ltr'><strong>Rogerius</strong></span> <span class='ocrx_word' id='word_1_220' title='bbox 850 4441 951 4508; x_wconf 80' lang='lat' dir='ltr'><strong>Medii</strong></span> <span class='ocrx_word' id='word_1_221' title='bbox 962 4440 1162 4508; x_wconf 83' lang='lat' dir='ltr'><strong>Ammiratus</strong></span> <span class='ocrx_word' id='word_1_222' title='bbox 1173 4437 1270 4518; x_wconf 87' lang='lat' dir='ltr'><strong>fitius,</strong></span> 
     </span>
     <span class='ocr_line' id='line_1_31' title="bbox 144 4541 1268 4637; baseline -0.009 -19"><span class='ocrx_word' id='word_1_223' title='bbox 144 4559 174 4618; x_wconf 88' lang='lat' dir='ltr'><strong>et</strong></span> <span class='ocrx_word' id='word_1_224' title='bbox 188 4551 257 4617; x_wconf 88' lang='lat' dir='ltr'><strong>Leo</strong></span> <span class='ocrx_word' id='word_1_225' title='bbox 273 4549 386 4619; x_wconf 88' lang='lat' dir='ltr'><strong>Utcius</strong></span> <span class='ocrx_word' id='word_1_226' title='bbox 402 4555 490 4620; x_wconf 83' lang='lat' dir='ltr'><strong>cives</strong></span> <span class='ocrx_word' id='word_1_227' title='bbox 507 4552 594 4637; x_wconf 83' lang='lat' dir='ltr'><strong>Bari,</strong></span> <span class='ocrx_word' id='word_1_228' title='bbox 613 4551 780 4619; x_wconf 79' lang='lat' dir='ltr'><strong>voluntate</strong></span> <span class='ocrx_word' id='word_1_229' title='bbox 797 4557 828 4616; x_wconf 89' lang='lat' dir='ltr'><strong>et</strong></span> <span class='ocrx_word' id='word_1_230' title='bbox 844 4547 999 4616; x_wconf 84' lang='lat' dir='ltr'><strong>mandato</strong></span> <span class='ocrx_word' id='word_1_231' title='bbox 1030 4543 1173 4612; x_wconf 87' lang='lat' dir='ltr'><strong>omnium</strong></span> <span class='ocrx_word' id='word_1_232' title='bbox 1208 4541 1268 4608; x_wconf 83' lang='lat' dir='ltr'><strong>Ba·</strong></span> 
     </span>
     <span class='ocr_line' id='line_1_32' title="bbox 146 4649 1266 4750; baseline -0.011 -20"><span class='ocrx_word' id='word_1_233' title='bbox 146 4659 297 4750; x_wconf 82' lang='lat' dir='ltr'><strong>rcusium,</strong></span> <span class='ocrx_word' id='word_1_234' title='bbox 315 4659 457 4736; x_wconf 85' lang='lat' dir='ltr'><strong>iuramus</strong></span> <span class='ocrx_word' id='word_1_235' title='bbox 475 4661 508 4728; x_wconf 91' lang='lat' dir='ltr'><strong>in</strong></span> <span class='ocrx_word' id='word_1_236' title='bbox 527 4661 636 4729; x_wconf 86' lang='lat' dir='ltr'><strong>anima</strong></span> <span class='ocrx_word' id='word_1_237' title='bbox 654 4661 795 4749; x_wconf 87' lang='lat' dir='ltr'><strong>ipsorum</strong></span> <span class='ocrx_word' id='word_1_238' title='bbox 814 4665 845 4724; x_wconf 87' lang='lat' dir='ltr'><strong>et</strong></span> <span class='ocrx_word' id='word_1_239' title='bbox 863 4661 971 4724; x_wconf 87' lang='lat' dir='ltr'><strong>nostre</strong></span> <span class='ocrx_word' id='word_1_240' title='bbox 999 4653 1040 4724; x_wconf 87' lang='lat' dir='ltr'><strong>ad</strong></span> <span class='ocrx_word' id='word_1_241' title='bbox 1073 4653 1174 4721; x_wconf 82' lang='lat' dir='ltr'><strong>Sucro</strong></span> <span class='ocrx_word' id='word_1_242' title='bbox 1205 4649 1266 4718; x_wconf 87' lang='lat' dir='ltr'><strong>Dei</strong></span> 
     </span>
    </p>
   </div>
   <div class='ocr_carea' id='block_1_8' title="bbox 0 0 1576 5148">
    <p class='ocr_par' dir='ltr' id='par_1_8' title="bbox 0 0 1576 5148">
     <span class='ocr_line' id='line_1_33' title="bbox 0 0 1576 5148; baseline 0 0"><span class='ocrx_word' id='word_1_243' title='bbox 0 0 1576 5148; x_wconf 95' lang='lat' dir='ltr'><strong> </strong></span> 
     </span>
    </p>
   </div>
  </div>
 </body>
</html>
