3080 5146
677 231 740 297 343

623 324 784 334 γ--ι--ι-η

132 423 220 493 alios
238 433 479 514 contemptores
506 427 582 496 fidei
612 449 653 496 ac
684 436 905 516 persecutores
936 431 1048 518 populi
1079 429 1268 519 Christiani,

131 553 194 602 uec
210 555 280 602 nou
297 534 510 621 prorogatio,
527 535 613 621 quod
631 535 716 604 iuter
731 537 912 606 Ecclesiam
929 546 962 606 et
976 537 1161 626 Principem
1172 540 1266 608 nerti-

132 649 194 727 tur,
226 643 338 729 Reges
354 649 450 730 terre,
473 643 623 713 Prolatos
639 645 871 732 Ecclesiam,
902 652 935 714 et
949 647 1032 716 aliua
1048 647 1160 716 muudi
1176 647 1266 716 Priu-

130 747 226 833 cipes
243 749 396 820 duximus
412 752 631 822 aduocaudos.
654 753 820 838 Rogamus
836 753 946 838 itaque
962 754 1168 824 decetionem
1177 761 1267 826 tuam

130 863 165 923 et
180 856 355 928 hortamur
370 865 505 944 attente,
536 881 595 947 per
611 861 877 948 apostoliea-tibi
902 861 1025 951 scripta
1055 861 1267 952 precipiendo

131 963 345 1056 mandantes,
376 968 532 1052 quatinus
548 967 592 1037 ad
606 970 806 1056 presentiam
837 977 982 1040 nostram
1012 973 1101 1039 omui
1132 991 1267 1058 prorsus
1359 954 1362 962 “

130 1073 310 1142 occasione
325 1075 518 1164 postposita,
534 1077 696 1162 usquead
712 1078 897 1164 proximum
925 1077 1044 1147 festum
1069 1077 1181 1148 Sancti
1212 1079 1265 1148 Jo-

131 1183 258 1253 bannis
274 1185 423 1271 Baptiste
437 1186 654 1272 personaliter
670 1188 782 1256 uenire
797 1207 963 1275 procures,
979 1195 1015 1256 nt
1029 1186 1103 1274 ipsa
1111 1185 1266 1258 Ecclesia

132 1311 177 1358 ex
192 1297 251 1360 tue
268 1291 463 1363 uisitatiouis
478 1295 599 1363 honore
613 1293 786 1382 spirituale
801 1293 967 1380 gaudium,
995 1301 1028 1363 et
1044 1315 1085 1364 ex
1100 1302 1158 1364 tua
1172 1294 1266 1364 iudu-

132 1400 221 1468 stria
247 1401 421 1469 consilium
452 1402 613 1490 percipiat
643 1401 859 1489 prolaturum.
897 1401 1057 1490 sciturus,
1089 1402 1175 1489 quod
1205 1423 1266 1472 uos

134 1509 261 1576 dictum
276 1509 464 1598 Principem
480 1511 515 1578 iu
531 1511 755 1596 predicatione
770 1518 883 1582 uonna
898 1509 1080 1596 citauimus,
1105 1519 1141 1580 ut
1156 1530 1216 1600 per
1229 1532 1266 1582 se

136 1617 192 1686 nel
208 1639 269 1705 per
284 1639 363 1687 suos
377 1620 513 1690 nuncios
528 1619 562 1690 iu
572 1619 719 1690 Concilio
728 1619 927 1688 celebrando
937 1624 1126 1706 compareat
1133 1638 1265 1707 respou-

135 1745 235 1794 surus
251 1726 355 1796 Nobis
369 1734 402 1795 et
417 1727 503 1814 alijs,
534 1726 591 1812 qui
607 1727 734 1814 aliquid
750 1733 863 1796 contra
887 1727 996 1815 ipsum
1022 1727 1265 1815 proponendum

137 1835 304 1922 unxerint,
323 1841 356 1904 el
369 1835 626 1908 satisfactionem
643 1835 807 1924 ydoneam
823 1833 1026 1923 prestiturus.
1042 1837 1093 1904 De
1109 1855 1266 1922 persona·

137 1965 209 2012 rum
226 1953 334 2012 autem
350 1952 383 2012 et
398 1945 604 2014 erectionem
619 1941 787 2014 moderato
802 1963 936 2012 numero
951 1943 1051 2028 illam,
1081 1964 1154 2012 oum
1168 1963 1265 2011 reue·

137 2053 192 2138 ris,
210 2051 451 2140 prouidentiam
466 2053 599 2138 habeas,
631 2053 717 2140 quod
733 2058 787 2120 tue
801 2051 899 2120 nimis
930 2071 1086 2120 onerosus
1116 2050 1265 2118 Ecclesia

138 2181 205 2227 nou
214 2161 344 2229 existas.
357 2163 475 2230 Datum
486 2161 639 2248 Lugduni
649 2161 757 2230 idibus
766 2159 927 2247 Jauuarij,
943 2159 1265 2228 Pontificatusnostri

140 2291 224 2339 auno
238 2271 395 2340 secundo.

142 2472 278 2533 (Eredetic
298 2471 482 2536 berhtam,
501 2471 619 2536 melyrlll
639 2487 656 2522 a
675 2471 759 2536 pa'pai
784 2467 956 2534 blompecset
983 2466 1159 2520 leunsindron
1186 2467 1265 2534 ldgg,

390 2579 407 2614 a
425 2563 510 2613 budai
538 2563 643 2628 kirilyi
671 2562 799 2612 kamarai
818 2559 1012 2622 lerdltarban.)

569 2849 833 2858 ---—-—--———-

665 3385 740 3451 247.

141 3591 160 3653 1
168 3590 198 3655 V.
225 3589 311 3654 Bc'io
332 3585 440 3670 liroly
465 3584 603 3652 Hodcso
620 3604 717 3650 cumea
747 3584 779 3649 έε
802 3583 940 3648 robonoi
970 3585 1121 3648 ezdotdro
1151 3581 1262 3647 saubd·

141 3699 244 3784 lycaon
259 3719 282 3760 c
307 3693 414 3760 Vialo'z
429 3694 558 3760 birtoko
574 3697 657 3758 alcio
664 3695 747 3777 jo‘ro'
778 3690 1026 3757 botocdslrodciai
1057 3689 1265 3778 1050οῑ00690,

657 3799 754 3866 1246.

242 3995 325 4066 Bela
340 3997 400 4064 Dei
426 3995 539 4082 gracia
570 3994 725 4080 Vngarie‚
757 3993 937 4080 Dalmacie‚
970 3993 1115 4082 (treacle,
1146 3995 1260 4080 Reme,

139 4107 257 4192 Seruio,
276 4104 429 4192 Gallium,
444 4103 635 4172 hodomerie
651 4102 874 4186 Cumauieqne
889 4101 959 4170 Rex
968 4102 1132 4171 universis
1142 4103 1264 4172 christi

138 4215 286 4284 fidelibus
297 4233 433 4300 presens
444 4211 600 4297 scriptum
611 4210 816 4296 inspecturis,
827 4211 1011 4278 salutemet
1026 4210 1115 4279 omui
1130 4212 1262 4280 bouum.

137 4323 262 4402 Quanto
278 4323 414 4409 Regalis
431 4320 644 4408 providencia
659 4325 784 4388 ceteros
801 4318 973 4404 diguitatis
988 4319 1182 4388 auctoritate
1192 4339 1262 4405 pre·

137 4431 232 4518 cellit,
248 4438 341 4500 muto
356 4451 407 4518 ea,
438 4449 503 4516 que
518 4449 575 4516 per
590 4427 696 4514 ipsius
712 4427 915 4496 Maiestatem
932 4427 1106 4499 salubriter
1120 4449 1159 4495 ac
1189 4447 1262 4514 pro·

136 4540 208 4613 vida
222 4537 424 4626 ordinantur,
439 4537 574 4607 firmiori
591 4536 711 4604 debent
726 4537 839 4605 robore
856 4536 1010 4606 stabiliri.
1049 4533 1192 4608 Proinde
1216 4535 1261 4606 ad
