3080 5146
577 315 735 410 „aaa

94 515 205 576 torem.
223 507 339 574 Aetam
355 506 502 574 Venetiis
519 508 607 592 apud
622 509 804 575 Ecclesiam
820 507 940 575 Sancte
956 509 1057 575 liaris
1074 508 1113 575 de
1130 511 1225 576 'l'em‘

100 616 158 699 plo,
173 615 206 680 iu
237 613 406 699 presentia
436 611 546 680 fratris
578 613 706 681 Alberti
730 615 878 698 Magistri
896 615 1045 682 i'ratram
1062 604 1221 683 Minorem

100 722 136 788 de
148 721 301 805 Venetiis,
317 721 429 789 fratris
445 712 613 805 Galaegne
630 722 775 790 eiusdem
791 719 936 808 Ordinis,
965 723 1074 791 fratris
1091 725 1221 793 Albarti

100 829 264 913 presbiteri
281 827 454 912 Capeliani
469 827 593 895 Miliaie
624 828 770 916 Templi,
789 829 899 898 fratris
915 829 1063 896 Leaaarii
1079 830 1223 898 eiusdem

94 935 223 1002 ‘Ordinis
239 935 355 1002 Militia
369 935 508 1023 Templi,
526 936 705 1004 Banaaarsi
737 937 852 1004 Clerici
879 937 967 1004 diate
981 936 1101 1005 Sancte
1116 937 1223 1006 llario

99 1041 136 1108 de
149 1043 296 1130 Templo,
312 1042 436 1110 damini
451 1041 626 1109 Alexandri
644 1043 685 1110 de
703 1045 801 1110 Resio
828 1043 956 1112 Judiais
972 1045 1148 1128 Tarvisini,
1166 1045 1222 1113 sl-

98 1151 174 1218 berti
190 1151 231 1217 de
247 1150 370 1218 Sanata
384 1149 563 1232 Bonisana,
579 1151 708 1219 Pauleti
724 1151 766 1218 de
781 1150 902 1219 Braida
917 1159 951 1221 et
981 1153 1119 1221 aliarum
1150 1153 1222 1240 pla·

98 1257 173 1325 riam
188 1258 232 1326 ad
249 1259 312 1324 hoo
326 1256 457 1324 testium
472 1265 670 1341 rogatorum.
685 1257 756 1342 liga
780 1255 915 1326 Gabriel
945 1257 1104 1328 Paulinae
1119 1260 1219 1328 Nota·

98 1365 158 1432 rius
174 1371 205 1432 et
220 1364 361 1432 Daaalis
377 1363 453 1432 aule
468 1363 678 1432 Venetiarum
710 1363 931 1434 Gauaellan‘us
948 1363 1106 1451 predialis
1122 1368 1221 1434 iater-

96 1471 149 1559 iui,
165 1479 197 1538 et
211 1479 346 1555 rogatas
378 1471 505 1556 saripai,
537 1471 698 1560 complevi
729 1477 762 1540 et
777 1474 937 1541 roboravi.
970 1477 1052 1538 data
1068 1479 1142 1540 sunt
1159 1471 1219 1540 bea

96 1577 237 1645 Venatiis
269 1577 304 1643 in
335 1575 424 1644 l'eliai
457 1577 528 1644 arbi
555 1579 697 1644 Rivoalti
714 1579 749 1644 ia
765 1577 894 1646 Palatio
910 1578 1065 1665 Duaatus,
1080 1599 1214 1665 presen-

90 1684 185 1768 tibus,
200 1685 397 1771 valentibus,
416 1685 693 1754 consentientibus
710 1694 742 1752 et
751 1687 1011 1774 approbantibus
1030 1685 1091 1754 heo
1107 1688 1217 1754 amaia

94 1791 241 1875 predialis
258 1792 430 1878 Stephano
448 1791 488 1860 de
504 1792 614 1860 Piaiaa
630 1793 745 1862 Judiee
771 1801 803 1861 et
834 1796 969 1860 Restare
1000 1793 1217 1880 predictorum

88 1897 330 1968 dadretinaram
341 1907 374 1967 et
389 1900 592 1968 Consiliariis
602 1901 671 1968 suis
687 1908 719 1967 et
729 1903 831 1967 sentis
843 1901 929 1986 aliis,
940 1920 1076 1985 quarum
1087 1903 1220 1968 nomina

94 2005 221 2074 inferias
237 2007 445 2086 denotantur,
457 2009 620 2094 quietiam
632 2007 847 2094 promiserunt
858 2015 890 2074 at
906 2011 1096 2076 iuraverunt
1110 2008 1218 2074 amnia

96 2115 312 2200 aaprasaripta
328 2113 498 2182 attendero
514 2121 547 2180 et
559 2117 742 2200 observare,
752 2121 783 2182 et
792 2115 981 2182 fidelitatem
992 2113 1121 2181 domino
1131 2113 1217 2180 Duai

95 2221 219 2304 susque
250 2219 491 2288 saaaessaribus
507 2221 540 2287 in
557 2220 703 2306 Dnaatu;
717 2228 749 2288 et
780 2222 1011 2288 abiuraaerunt
1028 2219 1115 2286 amni
1128 2219 1216 2284 iura-

95 2336 192 2394 menta
210 2337 243 2396 et
277 2327 437 2418 fidelitati,
460 2347 523 2413 que
553 2329 608 2412 vel
641 2327 728 2412 quod
757 2326 914 2394 sedissent
932 2333 1045 2394 aantra
1064 2325 1219 2393 honorem

95 2435 207 2502 domini
239 2436 347 2503 Daais
365 2443 398 2503 et
431 2433 650 2504 Venetiaram.
680 2433 822 2501 Nomina
859 2440 967 2500 antem
997 2432 1218 2518 predictorum

90 2543 331 2611 dadretinorum
363 2549 439 2611 sunt
455 2567 463 2610 :
479 2543 666 2629 Stephanus
696 2543 739 2609 de
769 2541 881 2608 Piaiaa
905 2539 1012 2609 ludex
1041 2548 1074 2610 et
1099 2543 1219 2609 Reatar

87 2653 341 2741 dadretinorum,
372 2653 485 2720 Oreste
501 2652 544 2720 de
559 2650 739 2737 Scolatora,
766 2653 881 2717 Praete
897 2651 938 2718 (16
954 2649 1123 2731 Matalara,
1142 2651 1216 2717 Per·

93 2763 232 2846 regrinus
265 2758 308 2826 da
339 2757 508 2845 Genanno,
538 2761 655 2850 Petrus
685 2759 726 2824 de
756 2759 885 2846 Niaola,
903 2757 1030 2825 Petrina
1047 2759 1215 2842 dePaate,

92 2867 233 2954 Limessi,
249 2867 363 2935 Miaha
378 2867 419 2934 (16
434 2866 583 2952 Limissa,
601 2867 719 2934 Niaola
745 2867 885 2948 Rabeus,
903 2867 1038 2932 Valeina
1054 2865 1096 2933 de
1113 2867 1216 2934 illata-

87 2977 185 3064 ·farra,
216 2975 343 3043 Paulus
374 2975 416 3042 de
448 2975 636 3060 Lampreaa,
666 2972 818 3040 Andreas
850 2970 890 3040 de
906 2973 1105 3060 Catapagno,
1122 2971 1217 3043 (iube

88 3083 129 3149 (16
143 3083 262 3166 bisina,
281 3081 357 3148 Vita
382 3082 423 3148 de
454 3079 637 3166 Leonarda,
664 3081 778 3148 Petrus
794 3078 834 3148 de
850 3080 953 3147 Arbor
970 3079 1168 3148 Consiliator
1183 3087 1216 3150 et

92 3189 305 3259 Camerarius.
335 3189 541 3274 Bogxelanus
569 3188 610 3253 de
650 3185 758 3271 Segla,
804 3187 994 3254 Damiaiaas
1023 3187 1064 3251 de
1096 3186 1216 3271 Regali

86 3295 279 3366 Consiliator
310 3303 342 3362 et
356 3295 529 3364 Tribunus.
563 3293 684 3362 Omnes
716 3293 893 3380 supradicti
926 3291 1090 3359 sexdecim
1122 3301 1216 3361 erant

91 3401 277 3474 (tonsiliarii
294 3403 372 3471 dieti
389 3401 548 3489 Stephani
561 3401 690 3470 tludiais
708 3410 741 3469 et
757 3403 915 3469 Raetoris.
932 3401 1081 3468 Andreas
1098 3401 1138 3470 da
1154 3402 1216 3470 Pe·

91 3511 174 3596 trina,
190 3513 300 3580 lliaha
316 3511 358 3578 de
374 3509 544 3596 Ceralelli,
561 3511 636 3575 Vita
658 3509 807 3595 Zadulin,
824 3511 938 3575 Petrus
954 3509 994 3576 (16
1010 3509 1128 3597 Raala,
1146 3510 1214 3576 lla·

89 3619 158 3684 dius
188 3620 232 3686 de
264 3617 390 3702 Vitaaa,
422 3616 516 3684 Zarai
548 3616 589 3684 de
604 3614 752 3702 Zeregla,
777 3615 914 3684 Sizonus
932 3614 971 3682 da
989 3617 1215 3703 Soandarella,

90 3726 213 3795 Blasins
247 3726 290 3794 de
320 3726 490 3811 Pesenigo,
522 3725 627 3792 Prada
659 3723 700 3790 de
732 3725 877 3808 Seregla,
910 3721 1155 3808 Nicolagener
1172 3724 1213 3791 da

88 3835 221 3922 Soanda,
240 3834 348 3901 idiaba
378 3834 418 3900 de
434 3835 531 3916 Pasil,
557 3833 740 3919 bliresalao,
759 3833 842 3900 Cosa
859 3831 899 3898 de
916 3831 1088 3920 Petragna,
1104 3831 1215 3899 Miaha

90 3939 125 4009 de
154 3943 319 4026 Carlafar,
355 3939 429 4007 Vita
459 3940 626 4027 ripaeos,
641 3939 821 4006 Damianos
837 3939 1007 4024 Mengaaa,
1024 3939 1155 4008 Blasins
1172 3939 1214 4006 de

89 4047 176 4136 Sope,
207 4049 366 4132 Dimigna
397 4047 541 4141 Meliora,
570 4049 716 4132 Designa
747 4047 787 4113 de
804 4046 905 4132 Birio,
937 4047 1052 4114 Vitaaa
1079 4046 1119 4114 de
1136 4049 1212 4115 Sao·

88 4157 198 4240 latura,
217 4153 324 4222 (tandi
341 4155 381 4221 de
398 4153 550 4222 Jolrauue
574 4155 702 4238 Ragno,
733 4155 844 4220 Preste
861 4153 902 4219 de
918 4153 1069 4240 Boaasin,
1086 4151 1214 4220 Oaailla

89 4262 321 4346 deSeolatura,
354 4261 519 4327 Mattheus
545 4261 586 4328 da
612 4259 774 4342 Grintasa,
799 4261 947 4328 Marinus
962 4259 1004 4325 de
1020 4260 1213 4346 Dobreraia,

89 4370 224 4436 llarinas
241 4367 282 4434 ds
300 4367 483 4456 Grabegua,
511 4367 678 4434 lohannes
695 4367 736 4433 de
753 4367 930 4450 Batauam,
948 4367 1064 4432 Petrus
1081 4367 1122 4432 de
1140 4367 1211 4433 tiri-

87 4496 209 4559 sarana,
242 4475 380 4542 Vilanus
412 4473 454 4540 de
485 4473 675 4556 Prodaaela,
691 4475 818 4542 ldadius
834 4474 874 4540 de
892 4475 995 4558 blata,
1012 4473 1089 4540 Vita
1105 4475 1210 4558 Spen-

86 4585 162 4672 zala,
191 4583 340 4652 Marinus
371 4583 564 4665 lienevetre,
596 4583 696 4650 Drese
728 4583 768 4650 de
786 4581 877 4665 Vale,
906 4582 1026 4650 Paulus
1044 4582 1084 4649 de
1101 4581 1212 4670 Salbe,
