3080 5146
312 1241 335 1310 I
339 1244 373 1312 V.
388 1237 472 1310 Belo
486 1237 666 1329 kirdlyrruk
683 1239 749 1306 rude
766 1241 924 1328 olomdrrya
939 1260 1131 1326 uqyarrarou
1147 1235 1314 1328 tdrqybuo.
1341 1241 1437 1310 1255.

417 1441 498 1506 Bela
514 1438 574 1507 Dei
600 1437 707 1524 gratia
724 1437 875 1524 Vngarie,
893 1438 1066 1522 Dalmatie,
1086 1433 1224 1522 Oroatis,
1239 1437 1352 1524 Rame‚
1367 1437 1439 1504 Ser-

310 1549 374 1627 uie,
406 1545 556 1636 Gaitioie,
573 1547 764 1614 bodomerie
781 1546 1001 1630 Ounruuieque
1025 1547 1094 1612 Rex
1125 1545 1286 1631 omnibus,
1318 1546 1434 1630 quibus

315 1659 481 1738 presentes
511 1654 722 1722 ostenduntur
739 1663 805 1720 tom
822 1655 1028 1740 presentibus
1055 1671 1152 1737 quam
1168 1652 1287 1719 suturis
1302 1655 1438 1720 salutem

314 1763 347 1826 in
365 1762 506 1828 omnium
518 1761 690 1828 salvatore.
709 1760 815 1827 Offioii
834 1764 933 1828 nostri
951 1761 1094 1826 debitum
1114 1759 1266 1828 remediis
1282 1759 1433 1844 inuigilat

315 1867 541 1954 subiectorum,
572 1868 649 1953 quia
681 1867 756 1934 dnm
788 1889 898 1936 eorum
916 1889 1013 1935 onera
1037 1868 1232 1953 relevamus,
1250 1865 1329 1934 dnm
1345 1887 1441 1934 sean-

313 1976 391 2041 dala
415 1995 626 2056 removemus,
642 1996 702 2044 uos
718 1975 751 2042 in
768 1977 944 2044 eorundem
963 1975 1071 2062 quiete
1088 1975 1297 2062 quiescimus,
1328 1983 1362 2044 et
1386 1995 1440 2062 pa·

316 2085 364 2151 ois
395 2083 535 2170 ipsorum
568 2084 702 2151 eomodo
734 2083 945 2166 gratulamur.
978 2083 1120 2150 Proinde
1149 2081 1193 2150 ad
1219 2081 1439 2152 universorum

316 2191 468 2258 noticiam
485 2191 633 2260 volumus
647 2191 814 2276 pervenire
831 2217 838 2258 :
855 2191 941 2275 quod
958 2211 1028 2257 oum
1045 2191 1128 2257 inter
1143 2189 1297 2258 dilectum
1315 2195 1349 2256 et
1364 2190 1439 2256 iide-

316 2297 376 2363 lem
394 2305 537 2365 nostrum
566 2298 744 2364 Hernicum
775 2297 931 2364 Comitem
958 2298 1195 2382 symigiensem
1213 2304 1246 2363 et
1261 2305 1442 2364 castrenses

317 2405 357 2472 de
369 2405 472 2490 Garig
482 2426 522 2472 ex
533 2425 598 2472 uua
608 2413 708 2492 parte,
721 2405 954 2490 etjobagiones
970 2403 1077 2472 castri
1094 2405 1128 2470 in
1144 2404 1218 2491 ipsa
1234 2404 1338 2490 Garig
1354 2405 1438 2471 exis·

318 2518 424 2579 tentes
458 2533 499 2578 ex
531 2514 644 2600 attera,
676 2513 732 2598 qui
764 2533 785 2579 a
809 2519 954 2599 tempore
968 2513 1066 2598 Regis
1083 2509 1263 2596 Oolomani,
1281 2511 1441 2580 carissimi

313 2617 426 2684 fratris
441 2621 543 2686 nostri
559 2619 647 2688 elare
662 2621 825 2707 memorie,
859 2629 892 2687 et
922 2625 998 2686 ante
1028 2619 1062 2686 in
1093 2617 1197 2703 Garig
1226 2625 1331 2686 terras
1363 2639 1437 2705 pos·

315 2723 477 2812 sederant,
508 2747 606 2812 super
621 2727 768 2796 terminis
784 2735 940 2794 terrorum
958 2747 1099 2815 suarum,
1116 2747 1223 2794 eoram
1239 2727 1334 2793 nobis
1349 2745 1441 2811 ques·

315 2831 361 2898 tio
392 2839 579 2921 uerteretur,
608 2837 755 2904 volentes
771 2833 960 2902 scandalum
977 2856 1035 2902 seu
1052 2835 1248 2902 discordium
1267 2831 1384 2899 tollere
1401 2831 1441 2896 de

317 2941 423 3008 medio
440 2943 627 3028 eorundem,
645 2965 687 3010 ne
703 2944 736 3009 in
758 2949 856 3010 antea
876 2949 1056 3028 graventur
1079 2941 1246 3009 laboribus
1262 2947 1295 3008 et
1326 2959 1445 3025 expen-

318 3050 373 3138 sis,
405 3049 526 3117 dietum
551 3051 719 3118 Herrioum
738 3052 903 3134 Comitem,
924 3051 980 3135 qui
997 3051 1069 3134 vioe
1086 3071 1146 3117 sua
1163 3047 1382 3134 Pangraeium
1398 3044 1443 3112 os·

319 3157 456 3223 iioialrm
477 3177 569 3224 suum
602 3157 643 3225 de
675 3157 780 3242 (iarig
810 3157 853 3224 ad
884 3158 945 3224 boo
977 3157 1156 3244 deputavit,
1189 3162 1221 3222 et
1251 3154 1445 3238 Magistrum

319 3262 531 3330 Benedictum
557 3263 948 3349 Quinqueoeolesionsem,
963 3263 1090 3332 fidetem
1107 3263 1270 3331 bominem
1287 3268 1442 3344 nostrum,

318 3391 378 3456 pro
404 3371 496 3439 metis
513 3372 687 3438 eorundem
704 3371 921 3456 distingendis
937 3369 1087 3440 duximus
1103 3369 1382 3450 transmittendos,
1398 3387 1438 3434 ne

322 3497 493 3564 proeesssu
525 3485 713 3566 temporum,
731 3480 850 3564 prefati
861 3479 1057 3564 jobagiones
1074 3479 1114 3546 de
1130 3487 1217 3546 terra
1233 3473 1444 3544 castrensium

321 3585 454 3654 valeant
471 3605 642 3674 ooeupure,
664 3587 716 3653 rel
733 3592 916 3655 castrenses
933 3595 1047 3655 eontra
1064 3588 1151 3673 ipsos
1168 3585 1371 3653 ooeasionsm
1389 3601 1444 3651 seu

319 3694 490 3760 materiam
522 3695 674 3760 babeant·
693 3693 891 3777 querelandi.
923 3697 972 3760 Ex
988 3693 1106 3777 quibus
1123 3692 1253 3778 quidem
1269 3691 1447 3774 iobagioni·

321 3801 381 3868 bus
397 3801 505 3868 Castri
521 3807 604 3870 meto
620 3809 708 3868 terre
723 3801 893 3884 iohannis,
918 3803 976 3869 titii
1009 3803 1160 3888 Wotkan,
1191 3821 1254 3885 que
1284 3798 1440 3865 Lokouob

322 3915 537 3996 nuncupatur,
568 3907 657 3994 apud
688 3909 861 3976 ecelesiam
888 3909 1001 3978 Sanoti
1017 3907 1176 3976 Jobsnnis
1194 3906 1374 3990 existentis,
1391 3906 1448 3972 boo

323 4015 438 4082 ordino
454 4015 686 4099 distinguntur,
702 4024 797 4102 prout
812 4016 969 4102 Magister
984 4014 1183 4082 Benedictus
1199 4021 1231 4082 et
1246 4013 1447 4098 Pangraoius

325 4123 504 4207 memorati,
519 4123 611 4190 nobis
627 4123 660 4189 in
676 4123 808 4208 seriptis
832 4128 1073 4208 presentarunt.
1108 4121 1227 4209 Ineipit
1242 4120 1330 4188 enirn
1347 4119 1383 4186 in
1399 4139 1448 4186 oa-

325 4231 394 4316 pite
419 4229 633 4298 Labatinniob
653 4231 741 4317 apud
759 4231 914 4298 Sanctum
930 4231 1134 4313 Johannem3
1158 4230 1235 4298 inde
1250 4228 1357 4313 vergit
1372 4227 1451 4295 infe·

324 4339 392 4407 rius
410 4339 574 4424 usquead
591 4341 698 4406 loeum
715 4339 769 4406 ubi
785 4339 851 4406 enit
868 4359 926 4424 per
942 4340 1064 4407 vallem
1080 4339 1123 4404 ad
1139 4338 1222 4406 duas
1254 4343 1359 4405 metas
1391 4341 1450 4404 ter-

323 4465 417 4528 reas;
441 4445 518 4514 inda
536 4467 593 4533 per
609 4448 785 4533 planioiem
801 4447 892 4514 vadit
918 4447 960 4514 ad
977 4447 1058 4513 duas
1075 4453 1178 4514 metas
1195 4465 1236 4512 ex
1253 4451 1348 4532 purte
1366 4449 1449 4512 terre

321 4552 448 4639 Castri3
474 4555 557 4621 inde
588 4554 631 4621 ad
662 4565 760 4642 eaput
790 4555 981 4623 Solatinnik
1011 4555 1066 4622 nbi
1094 4560 1143 4622 est
1159 4558 1246 4621 meta
1262 4553 1323 4622 sub
1340 4553 1452 4619 arbore
1525 4575 1526 4637 r

323 4660 499 4752 gir-tiansa3
525 4659 602 4726 inde
618 4681 678 4750 per
694 4662 881 4730 Satntinnik
899 4662 1003 4732 eundo
1029 4662 1096 4730 erit
1126 4657 1199 4754 (ad)
1232 4659 1316 4730 duos
1349 4665 1452 4730 metas
