3078 5128
604 355 765 466 jou

116 565 345 637 uniuersorum
362 561 515 632 noticiam
532 568 643 632 tenore
660 562 864 648 presencium
891 564 1047 632 uolumus
1073 562 1251 650 peruenire,

117 673 298 760 quodcum
316 673 493 756 Gregorius
511 671 594 765 fitius
619 671 812 758 Vechezlov,
847 671 887 738 dc
917 693 1035 758 genere
1071 675 1161 740 Marc
1192 672 1249 757 fiiij

116 782 269 851 Broohvn
286 781 329 848 de
346 780 519 867 Brocbina,
537 780 695 864 quendam
716 780 886 865 hominem,
904 781 995 849 cuins
1030 791 1149 848 terram
1182 781 1249 849 uic·

115 891 224 959 lenter
240 897 470 975 occupauerat,
486 889 547 954 sub
564 887 771 972 proteccicne
789 885 922 954 Andrec
947 889 1085 955 condam
1113 889 1249 956 Comitis

122 997 164 1066 de
182 999 272 1065 Gora
288 997 394 1079 Regia
419 994 615 1062 auctoritate
647 995 869 1080 constitutum,
902 1015 983 1064 ausu
1012 998 1182 1064 temerario
1214 997 1248 1063 in

124 1105 263 1190 propria
280 1103 376 1171 domo
392 1122 453 1168 sua
468 1103 709 1189 combussisset,
734 1121 774 1167 sc
791 1103 922 1187 insuper
954 1104 1118 1171 bominem
1150 1105 1251 1189 Regis

122 1211 349 1280 dehonestans
365 1210 588 1296 uerberasset;
614 1229 671 1295 pro
687 1217 779 1277 tante
793 1210 995 1280 infidelitatis
1012 1232 1148 1282 excesso
1165 1231 1253 1296 pena

118 1321 267 1386 eiusdem
285 1325 371 1386 esset
387 1316 430 1384 ad
447 1325 580 1384 mortem
596 1317 860 1403 condempnatus,
892 1325 925 1385 et
939 1321 1043 1406 culpis
1069 1339 1250 1404 promeren-

117 1429 207 1494 tibus
222 1428 341 1512 laqueo
359 1446 555 1512 suspensus;
588 1445 648 1492 nec
665 1446 731 1494 nen
742 1434 781 1496 ‚et
797 1423 935 1511 quedam
952 1426 1057 1513 ipsius
1075 1436 1165 1496 terra
1196 1446 1252 1492 no·

120 1535 211 1602 mine
228 1535 429 1617 Drenchyna
445 1532 561 1600 fuisset
578 1532 722 1617 predicto
739 1533 777 1600 A.
804 1533 923 1600 Comiti
950 1554 970 1599 a
1002 1533 1133 1600 domino
1164 1533 1254 1616 Rege

121 1646 245 1711 collata
259 1693 269 1728 ,
293 1663 389 1728 quam
407 1641 504 1728 ydem
520 1641 636 1708 Comes
653 1641 810 1710 fratribus
827 1651 859 1710 et
875 1642 941 1708 filio
958 1643 1094 1730 predicti
1111 1639 1253 1707 infidelis

122 1750 345 1820 redimendam
363 1749 558 1833 exponebat,
576 1769 635 1815 nco
652 1747 752 1832 ijdcm
768 1749 927 1817 redimere
952 1751 1157 1818 noluissent:
1184 1755 1254 1814 tan·

122 1857 195 1926 dem
214 1857 293 1943 quia
309 1857 478 1926 uicinitate
494 1857 586 1923 nobis
603 1857 785 1943 sciscebat,
806 1865 900 1942 prout
910 1861 952 1926 ab
964 1859 1092 1927 illarum
1104 1855 1253 1924 Porcium

126 1966 291 2034 nobilibus
307 1965 369 2032 suit
386 1985 445 2049 pro
462 1972 590 2032 centum
617 1974 649 2034 et
675 1965 810 2049 triginta
841 1965 960 2034 marcis
993 1968 1161 2049 extimata,
1194 1982 1253 2030 nos

125 2074 230 2159 ipsam
247 2082 442 2160 terrampro
459 2071 572 2140 eadem
600 2093 748 2158 snmpma
780 2073 915 2159 pecunie
946 2074 1013 2141 filio
1044 2073 1190 2140 eiusdem
1222 2078 1254 2136 et

124 2182 276 2248 omnibus
293 2181 446 2248 iratribus
462 2189 494 2246 et
511 2180 661 2266 cognatis
677 2181 746 2248 suis
765 2182 970 2267 presentibus
988 2187 1020 2248 et
1036 2199 1101 2246 non
1127 2183 1253 2246 contra·

126 2285 310 2356 dicentibus
342 2288 446 2355 libere
484 2288 752 2374 comparauimus,
793 2297 826 2354 ot
857 2295 1076 2373 comparatam
1109 2285 1254 2371 plurimis

126 2393 219 2461 annis
233 2394 368 2480 pacifice
382 2391 510 2460 iustiori
536 2392 631 2460 modo
657 2392 871 2478 possedimus.
910 2393 1015 2473 Quam
1049 2392 1252 2486 postmodum

126 2501 244 2569 dilecto
262 2509 295 2570 et
310 2501 398 2568 fideii
416 2509 524 2569 nostro
542 2499 689 2586 predicto
706 2501 747 2570 M.
764 2501 881 2568 Comiti
899 2521 957 2586 pro
974 2501 1124 2569 fidelibus
1151 2501 1253 2569 serui-

127 2609 186 2695 cijs
201 2607 270 2677 suis
285 2607 357 2675 loco
375 2615 407 2675 et
423 2615 565 2694 tempore
582 2607 674 2676 nobis
690 2608 845 2695 impensis
861 2629 901 2676 ac
932 2608 1036 2675 eciam
1067 2609 1254 2696 impendcn·
1324 2681 1327 2686 ,

129 2717 189 2803 dis,
220 2701 285 2784 sibi
302 2717 437 2801 suisque
453 2717 628 2784 heredibus
644 2717 839 2784 contulimus
864 2717 935 2784 iure
965 2725 1122 2804 perpetuo
1153 2716 1255 2804 possi·

129 2825 287 2910 dendam;
311 2823 359 2891 ita
374 2827 493 2911 tamen,
511 2823 597 2908 quod
614 2824 694 2892 nulli
710 2833 895 2893 nostrorum
927 2843 1149 2893 successorum
1180 2824 1251 2909 ipse

129 2935 179 3000 nol
197 2933 267 3000 eius
283 2933 459 3018 posteritas
475 2953 532 3018 pro
550 2931 638 2999 dicta
655 2940 743 3000 terra
760 2935 931 3018 quicquam
949 2932 1254 3001 dcseruiretencan·

129 3049 187 3108 tur.
212 3041 262 3107 Ad
279 3043 341 3108 bec
358 3041 522 3108 dictasti.
539 3039 656 3107 comes
672 3061 708 3108 se
723 3041 815 3107 nobis
832 3044 893 3109 sub
909 3047 1115 3109 sacramento
1130 3037 1255 3123 obliga·

131 3150 183 3234 nit,
200 3148 287 3234 quod
304 3147 457 3231 quamdiu
474 3145 537 3215 sibi
554 3147 622 3213 nita
638 3167 745 3216 comos
762 3149 927 3224 existeret,
944 3147 1163 3214 omnimodam
1181 3147 1255 3212 fide·

131 3257 252 3324 litatem
269 3263 302 3322 et
317 3253 492 3323 seruicium
510 3253 686 3322 exhiberet.
712 3256 867 3323 Volumus
884 3254 998 3341 eciam,
1016 3254 1103 3339 quod
1136 3251 1164 3322 si
1195 3253 1255 3321 ali·

132 3383 191 3450 qne
206 3363 315 3430 littere
331 3361 407 3429 huic
423 3361 509 3428 sacto
525 3362 687 3430 contrarie
718 3384 826 3431 coram
858 3363 969 3447 aliquo
995 3364 1107 3448 judice
1139 3361 1259 3429 inerint

133 3471 358 3553 demonstrate,
376 3467 410 3535 in
426 3468 516 3536 nullo
533 3489 590 3556 per
607 3469 738 3538 easdem
756 3469 961 3557 presentibus
978 3471 1083 3555 possit
1093 3467 1256 3553 derogari.

132 3577 180 3646 Ne
194 3577 291 3663 igitur
304 3597 458 3663 processu
483 3577 636 3663 temporis
668 3579 712 3645 ab
742 3579 851 3661 atiquo
882 3577 941 3644 bec
972 3584 1083 3645 nostra
1115 3575 1253 3644 donacio

134 3687 275 3770 quentin
293 3685 417 3752 irritum
449 3685 616 3770 reuocari,
640 3693 810 3769 presentes
843 3686 967 3753 litteras
999 3693 1110 3752 nostro
1141 3684 1253 3769 sigillo

135 3793 299 3860 roboratos
316 3791 420 3860 eidem
437 3793 547 3859 Marco
580 3791 696 3860 Ocmiti
728 3793 957 3862 concessimus.
997 3793 1093 3860 Anno
1124 3791 1255 3860 Domini

135 3899 249 3969 M⁰GO⁰
264 3899 515 3986 quadragesimo
532 3907 655 3986 quarto.
770 3971 773 3980 ,

138 4097 269 4158 (Ersdetie
287 4097 473 4166 borhdrtytn,
505 4097 775 4165 shsrtyszsinegen
794 4099 909 4167 ftiggbtt
937 4099 1032 4164 peccet
1059 4101 1212 4168 strenarum
1240 4117 1257 4154 a

137 4187 215 4240 budai
232 4190 334 4257 kirdlyi
354 4189 528 4242 kamardnsk
547 4205 564 4242 a
582 4189 699 4256 usgrabi
718 4191 851 4257 orszsgos
872 4190 1046 4242 levetur-bau
1065 4189 1129 4244 leuc
1160 4191 1256 4244 onme-

605 4282 673 4349 nyai
692 4283 778 4348 tubat)

559 4562 824 4579 h-——u——u—-a
