3208 5158
808 881 880 948 381.

281 1083 410 1168 Mitotp
426 1079 533 1147 Sanni
549 1105 647 1146 contos
665 1081 724 1147 IV.
741 1080 822 1146 Bata
837 1079 944 1164 lirolp
968 1082 1251 1166 mepbapydadnak
1268 1080 1408 1166 folyldn

325 1190 432 1255 Knalo
440 1189 520 1274 fo'ld
529 1185 695 1272 felerdszdt
711 1187 858 1273 dampnati
873 1211 895 1252 a
911 1187 1063 1272 topaskai
1079 1187 1237 1274 apdtnak.
1263 1189 1362 1253 1264.

389 1384 556 1452 Universis
588 1383 648 1452 bas
680 1384 793 1451 literas
824 1381 1027 1469 inspecturis,
1060 1382 1211 1470 Myohael
1229 1382 1344 1449 Comes
1362 1382 1404 1448 de

282 1493 370 1560 Sana
399 1493 580 1576 subscripto
610 1489 739 1558 veritati
772 1489 869 1556 fidem
900 1489 1064 1558 adhibere.
1080 1489 1238 1557 Novar-int
1254 1491 1408 1566 universi,

282 1599 368 1682 quod
393 1619 452 1666 nos
469 1597 510 1664 de
527 1595 684 1664 mandato
700 1607 732 1664 et
748 1603 901 1684 preoepto
917 1597 1181 1666 exoellentissimi
1197 1597 1320 1664 domini
1337 1619 1411 1666 nos·

283 1705 326 1773 tri
344 1705 441 1790 Regis
459 1707 613 1792 Vngarie,
628 1704 837 1774 medietatem
853 1713 939 1774 terre
955 1705 996 1771 de
1011 1705 1114 1772 Krala
1138 1725 1209 1772 eum
1240 1709 1308 1774 suis
1340 1725 1410 1790 per-

282 1812 436 1880 tineneiis
468 1814 631 1900 omnibus,
648 1813 733 1880 sient
751 1833 823 1880 eam
839 1813 1021 1880 Pribislans
1038 1815 1151 1880 (lomes
1168 1815 1270 1880 tenuit
1287 1816 1321 1880 in
1338 1815 1407 1880 vita

282 1940 344 1986 sna
375 1928 408 1987 et
422 1921 578 2006 possedit,
594 1921 723 1988 domino
739 1921 860 1989 Abbati
882 1921 922 1986 de
938 1920 1075 2006 Topliea
1091 1941 1148 2006 per
1164 1922 1298 1989 fratrem
1314 1921 1406 1988 Desi-

283 2027 408 2094 derinm
440 2028 633 2096 monaohnm
665 2047 769 2114 suum,
802 2028 856 2110 qui
874 2047 946 2093 enm
964 2027 1080 2094 litteris
1096 2037 1130 2094 et
1145 2035 1297 2116 preeepto
1315 2027 1407 2095 venit

284 2133 327 2201 ad
341 2155 400 2202 nos
417 2143 567 2222 exparte
599 2134 721 2202 domini
753 2135 864 2220 Regis,
897 2135 1140 2218 assignavimus
1171 2135 1204 2200 in
1237 2135 1409 2221 presencia

286 2241 407 2310 domini
438 2241 572 2327 Episopi
603 2241 750 2308 badislai
783 2261 820 2308 eo
845 2241 914 2307 inre
931 2247 963 2306 et
979 2261 1018 2307 ea
1033 2241 1193 2326 libertate,
1218 2262 1283 2326 qna
1299 2242 1405 2308 dietus

284 2349 464 2418 Pribislaus
497 2369 567 2416 eam
593 2349 706 2428 tenuit,
725 2355 880 2435 perpetuo
897 2349 1139 2437 possidendam,
1157 2357 1189 2416 et
1204 2349 1328 2416 ibidem
1345 2370 1405 2436 pro

285 2457 453 2523 voluntate
468 2477 530 2523 sna
545 2457 717 2540 grangiam
733 2455 956 2523 edificandam.
974 2458 1012 2523 ln
1029 2459 1119 2524 ouius
1129 2457 1177 2524 rei
1187 2458 1407 2524 testimonium

286 2569 466 2648 presentem
497 2563 652 2648 paginam
678 2563 781 2646 sigilli
806 2565 909 2629 nostri
925 2565 1102 2630 munimine
1119 2565 1303 2630 roboratam
1321 2565 1409 2630 dioto

284 2669 405 2736 Abbati
420 2669 624 2738 contulimus.
655 2673 775 2737 Datum
807 2691 894 2736 anno
924 2670 1055 2738 Domini
1087 2672 1181 2740 MCC.
1206 2673 1410 2756 sexagesimo

253 2777 258 2784 “
285 2783 411 2864 quarto,
428 2777 502 2844 idus
517 2779 631 2845 Maroii
648 2777 818 2845 ininsula.
842 2779 1024 2846 Pristaldus
1041 2783 1149 2845 noster
1175 2779 1318 2847 Jaeobns
1350 2781 1410 2847 Go-

286 2903 355 2951 mes
370 2891 481 2952 noster
496 2885 636 2954 Ourialis
653 2886 693 2952 de
708 2884 850 2952 Biohieb.

370 3083 535 3148 (Thalosies,
553 3083 676 3136 Manum.
694 3084 760 3135 birt.
780 3085 873 3149 Elpiso.
892 3084 1089 3149 zagrabiensis
1106 3085 1129 3134 1.
1148 3085 1208 3136 lot.
1230 3083 1338 3147 (28.1.)
