3098 5132
585 325 744 424 jec-

8 531 9 590 l
118 519 283 604 Sclavenie,
324 521 474 587 omnibns
505 519 548 586 ad
574 541 655 604 quos
686 527 854 606 presentes
880 521 987 590 littere
1019 522 1226 608 pervenerint

116 628 236 694 salutem
252 628 286 692 in
302 628 453 695 Domino.
471 629 572 710 liegie
587 628 769 696 Maiestatis
787 629 953 697 celsitudo
970 635 1038 696 tam
1053 629 1225 717 providam

115 736 198 801 debet
212 735 333 801 habere
349 734 679 822 circumspectionem,
691 743 726 802 ut
735 743 856 822 quanto
866 737 937 820 quis
947 739 990 806 ad
1000 735 1225 824 supportanda

115 841 206 923 Regni
219 841 353 926 negotia
370 841 543 910 officiosior
558 845 696 910 occurrit
706 851 738 910 11
752 843 787 909 in
798 843 949 928 gerendis
966 845 1063 912 rebus
1080 863 1115 912 11
1132 844 1226 910 offert

114 949 342 1034 promptiorem,
383 956 476 1016 tanto
507 951 698 1036 propensius
730 948 838 1034 dignis
871 951 1060 1020 meritorum
1091 949 1224 1036 premiis

111 1056 355 1123 remunerandus
387 1063 562 1125 censeatur.
595 1057 802 1144 Quapropter
827 1057 987 1126 universis
1018 1064 1128 1126 notum
1155 1055 1223 1122 riori

111 1164 265 1230 volomus:
290 1161 377 1246 quod
393 1162 601 1232 dilectissimo
616 1172 650 1232 et
674 1164 761 1232 fideli
788 1171 897 1232 nostro
913 1163 1090 1252 Stephano,
1109 1164 1228 1232 Sancte

110 1269 332 1354 Yagrabiensis
356 1270 501 1338 Ecclesia
527 1271 707 1339 venerabili
732 1273 1013 1359 episcopocum
1030 1270 1225 1340 discretione

109 1383 300 1464 procurante,
332 1396 389 1462 pre
429 1379 543 1446 ceteris
575 1381 682 1465 Regni
713 1380 922 1465 Primatibns,
948 1377 1113 1447 discordia
1143 1379 1227 1445 inter

109 1492 224 1569 patrem
250 1491 395 1552 nostrum
424 1491 457 1550 et
480 1505 540 1552 nos
556 1486 632 1553 olim
648 1491 761 1554 exorta
778 1487 869 1556 etad
885 1485 1110 1554 inextimabile
1125 1485 1227 1569 Regni

109 1591 331 1660 detrimentum
363 1613 570 1663 succrescens
601 1603 652 1662 est
683 1597 726 1663 ad
757 1591 962 1664 concordiam
992 1599 1155 1680 revocata,
1188 1600 1222 1662 11

110 1699 250 1768 universa
281 1720 374 1786 gens,
422 1702 521 1770 variis
551 1705 825 1788 perturbationum
858 1703 1010 1790 procellis
1051 1701 1223 1790 fluctuans,

115 1809 144 1873 in
178 1829 259 1896 pace
298 1809 467 1898 collocata,
506 1815 625 1878 terram
658 1813 747 1898 Paer,
793 1813 834 1879 de
865 1811 980 1880 Castro
1009 1809 1222 1895 Zagrabicnsi

109 1925 279 2003 exceptam,
305 1917 381 1984 licet
405 1923 552 2004 respecto
585 1919 788 1987 servitiorum
830 1940 959 1988 suorum
992 1918 1158 1986 minimam
1191 1926 1224 1983 11

108 2023 220 2091 meritis
244 2024 443 2111 inequalem,
469 2026 530 2093 sibi
556 2032 590 2094 et
614 2046 673 2094 111
698 2027 892 2114 posteritati,
919 2029 1015 2094 certis
1042 2026 1136 2093 metis
1170 2045 1221 2092 11-

108 2133 269 2216 signatam,
285 2134 478 2200 contulimus
493 2133 563 2200 iure
579 2136 775 2203 hereditario
791 2137 825 2201 in
850 2144 1041 2222 perpetuum
1057 2131 1223 2221 possiden-

107 2237 182 2305 dam.
198 2240 435 2326 lncipitautem
452 2241 558 2327 prima
574 2248 659 2310 meta
675 2243 862 2328 supradicte
878 2251 974 2331 terre,
990 2263 1053 2329 quc
1070 2247 1120 2310 est
1137 2246 1223 2307 meta

110 2353 215 2431 terrea,
232 2353 265 2413 ct
290 2345 406 2414 dividit
438 2347 573 2415 candem
599 2356 718 2417 terram
735 2350 776 2417 dc
806 2358 894 2418 terra
924 2349 1013 2417 Petri
1029 2350 1090 2416 filii
1105 2347 1225 2432 Gorclr,

106 2474 161 2537 quc
191 2453 293 2521 tendit
323 2475 436 2524 versus
476 2456 675 2524 occidentem
716 2477 813 2544 super
855 2465 995 2527 montem
1036 2478 1138 2542 usquc
1181 2455 1224 2524 ad

107 2564 258 2647 quandam
275 2587 415 2652 pomum,
442 2567 502 2634 sub
528 2586 593 2650 qua
618 2571 704 2633 meta
721 2575 771 2634 est
796 2573 913 2652 terrea,
931 2566 1007 2636 indc
1022 2565 1225 2652 procedendo

108 2692 212 2756 parum
243 2676 302 2740 sub
335 2675 476 2758 quadam
507 2661 604 2762 ylice
628 2681 678 2741 111
702 2679 789 2741 meto
820 2679 927 2742 erecta
951 2675 992 2740 de
1023 2681 1122 2762 terra,
1146 2675 1225 2741 inde

105 2779 198 2846 tendit
213 2800 271 2864 pcr
286 2787 390 2849 metas
406 2782 439 2848 in
450 2784 565 2850 arbore
582 2800 675 2848 cruce
701 2781 861 2869 signatas,
879 2787 911 2849 ct
928 2781 962 2848 in
980 2782 1094 2848 eodem
1112 2789 1223 2848 monte

105 2888 245 2972 superius
260 2894 310 2956 111
326 2895 412 2956 meta
427 2897 545 2975 terrea,
563 2909 625 2973 que
641 2887 758 2956 dividit
772 2895 891 2956 terram
902 2890 1095 2978 populorum
1108 2887 1223 2975 011111,

8 3079 9 3082 ¹
104 2994 174 3062 inde
203 2997 310 3065 tendit
326 3017 384 3083 per
400 3005 504 3066 metas
538 2998 572 3065 in
603 2997 719 3066 arbore
735 3017 829 3066 cruce
845 2997 1005 3084 signatas,
1036 2998 1115 3065 inde
1131 2996 1223 3064 vadit

8 3119 9 3122 ’
104 3103 141 3168 ad
156 3123 306 3190 magnam
321 3107 407 3172 viam
425 3107 517 3176 iuxta
533 3125 629 3190 quam
647 3111 695 3174 est
706 3113 792 3174 meta
807 3113 923 3194 terrea,
942 3106 982 3173 de
998 3125 1062 3191 qua
1078 3105 1220 3172 declinat

8 3213 9 3216 ’
103 3229 210 3280 versus
240 3216 539 3299 septemtrionalem
571 3222 709 3300 partem,
742 3215 818 3281 item
835 3213 940 3282 eundo
965 3216 1058 3284 iuxta
1082 3212 1220 3280 eandem

103 3318 183 3385 viam
198 3342 219 3387 a
234 3323 343 3407 capite
367 3323 508 3391 eiusdem
525 3323 577 3391 vie
591 3323 682 3390 vadit
701 3343 797 3409 super
816 3323 970 3391 verticem
985 3322 1102 3390 montis
1117 3321 1223 3389 cuins-

104 3425 174 3493 dam
191 3429 224 3494 in
241 3449 305 3514 quo
321 3438 370 3498 111
385 3438 480 3516 meta,
512 3430 587 3498 item
604 3431 687 3498 inter
702 3431 853 3499 verticem
884 3429 1004 3498 montis
1030 3429 1174 3498 eiusdem
1190 3435 1224 3496 et

8 3591 9 3596 ,
101 3533 231 3602 alterius
241 3538 358 3606 montis
375 3544 425 3605 est
440 3537 537 3606 vallis
549 3539 696 3624 quedam,
724 3539 871 3620 quelicet
886 3539 931 3608 sit
947 3543 1059 3624 pastus
1069 3537 1223 3620 ferarum,

8 3715 9 3730 ,
101 3647 204 3709 tamen
236 3655 285 3714 est
315 3655 414 3734 meta,
445 3645 563 3714 deinde
595 3647 698 3715 tendit
729 3669 787 3733 per
804 3647 935 3714 arbores
952 3665 1045 3713 cruce
1071 3644 1221 3728 signatas

8 3777 9 3808 2
100 3755 255 3834 usquead
272 3755 490 3823 summitatem
507 3755 624 3824 montis
634 3763 667 3824 et
676 3755 720 3822 ibi
735 3763 784 3824 est
794 3763 883 3822 meta
896 3753 937 3821 de
946 3761 1033 3820 terra
1045 3757 1154 3821 erecta
1165 3753 1224 3820 sub

99 3861 239 3946 quadam
255 3851 381 3950 arbore,
398 3881 459 3948 que
470 3863 646 3950 vulgariter
658 3860 946 3948 diciturgurthaia,
964 3860 1222 3929 etindedescen-

99 3968 146 4035 dit
163 3989 220 4055 per
243 3971 378 4038 arbores
402 3972 657 4057 crucesignatos
674 3991 775 4058 usque
791 3971 834 4038 ad
850 3969 982 4036 fluvium
998 3969 1162 4036 Biatricha
1176 3969 1222 4036 ibi

100 4085 147 4145 est
164 4085 248 4145 meta
265 4076 306 4144 de
322 4085 409 4145 terra
426 4085 543 4164 erecta,
569 4085 600 4146 11
617 4077 693 4147 inde
710 4077 856 4162 graditur
872 4075 1006 4144 inferius
1022 4075 1065 4142 ad
1090 4075 1222 4142 fluvium

97 4185 291 4256 Breszovica
307 4185 362 4253 ubi
388 4192 523 4272 uterque
547 4187 664 4255 fluvius
680 4187 712 4254 in
741 4205 839 4252 onom
865 4184 1113 4270 conveniuntur,
1129 4191 1162 4251 11
1178 4182 1224 4249 ibi

8 4355 9 4360 ,
99 4303 147 4362 111
166 4301 253 4362 meta
277 4301 384 4362 erecta
399 4294 440 4360 dc
465 4301 564 4381 terra,
582 4293 623 4362 de
638 4315 725 4379 aqua
749 4293 942 4362 Bresoovica
958 4291 1050 4360 vadit
1074 4291 1224 4375 superins

8 4397 9 4492 J
98 4425 197 4488 usquc
215 4403 254 4468 ad
282 4422 436 4491 magnam
453 4402 539 4470 viam
556 4405 647 4470 iuxta
673 4423 770 4486 quam
787 4401 872 4468 viam
901 4409 950 4468 111
966 4409 1051 4468 meta
1066 4400 1099 4466 in
1117 4398 1225 4484 capite

8 4503 9 4592 f
98 4511 242 4582 eiusdem
269 4509 359 4576 11111
385 4511 426 4578 do
452 4519 537 4578 terra
564 4520 681 4595 erecta,
707 4511 782 4579 inde
808 4509 912 4576 tondit
928 4527 1037 4576 versus
1054 4505 1223 4573 meridiem

8 4665 10 4676 ι
96 4637 154 4702 per
185 4637 339 4702 magnam
374 4617 457 4687 viam
486 4638 587 4706 usque
619 4618 661 4688 ad
685 4618 799 4704 locum,
830 4616 884 4700 qui
902 4621 1034 4682 vocatur
1059 4611 1222 4698 Predolia,
