3080 5146
592 324 753 463 „re-⁷..

96 557 167 622 tom
186 573 248 626 sen
264 551 416 644 sonetum,
441 572 539 643 snper
553 575 618 642 qno
633 558 717 626 inter
732 559 837 645 ipsum
854 557 982 643 questio
998 555 1146 632 taltorta
1162 583 1235 634 oum

96 663 234 735 duabus
250 666 341 734 uillis
356 665 519 752 Karaoha‚
537 673 569 734 et
584 669 695 754 sopita
711 667 771 737 tuit
790 689 847 756 per
864 669 1064 740 sentenciam
1081 673 1144 742 uiri
1169 673 1235 742 lla·

96 775 216 860 gnifiei
232 776 271 844 B.
286 773 428 843 Palatini
445 775 581 844 Comitis
596 775 829 862 Posoniensis3
854 782 886 844 et
901 779 949 846 rio
964 784 1049 848 mete
1065 787 1150 848 terre
1165 802 1236 868 pre-

97 880 191 951 diote
207 884 432 952 terminantur.
449 885 492 952 Vt
507 883 607 967 igitur
623 882 730 952 (lictus
747 884 863 953 Comes
878 886 915 951 B.
932 891 964 954 et
980 885 1113 957 heredes
1122 889 1236 977 ipsiu,

97 989 327 1077 heredumque
342 1010 472 1058 suornm
488 1010 691 1060 snooessores
717 990 898 1076 predictam
929 1001 1050 1062 terram
1081 997 1236 1064 Karaoha

98 1099 236 1185 possint
252 1097 386 1184 pacifice
402 1105 435 1165 et
451 1105 607 1184 perpetuo
632 1098 812 1184 possidere,
844 1107 1013 1184 presentes
1044 1101 1170 1172 litteras
1201 1105 1234 1171 in

97 1205 328 1275 testimonium
344 1206 416 1274 dari
430 1205 566 1273 lenimus
583 1206 686 1292 sigilli
702 1208 805 1275 nostri
820 1207 961 1294 duplicis
978 1209 1153 1279 munimine
1183 1233 1232 1278 ro-

98 1315 251 1383 boratas.
276 1313 396 1380 Datum
413 1333 470 1400 per
487 1333 602 1382 manns
619 1313 730 1382 dileoti
748 1323 782 1382 et
811 1315 919 1383 fidelis
949 1317 1054 1385 nostri
1084 1317 1235 1403 Magistri

98 1419 276 1507 Smaragdi
292 1421 444 1488 Albensis
460 1420 607 1489 Eoolesie
622 1421 797 1510 Propositi,
814 1422 890 1490 aule
905 1430 1015 1492 nostre
1040 1425 1118 1494 Vioe
1150 1425 1235 1495 Oan-

101 1529 242 1614 oellarij‚
273 1549 360 1596 anno
376 1528 509 1597 Domini
523 1527 698 1598 millesimo
714 1529 934 1598 dueentesimo
965 1531 1233 1620 quinquegesimo

100 1643 207 1722 sexto,
227 1636 306 1705 lllll
313 1648 332 1701 ⁰.
348 1635 422 1704 idus
437 1635 644 1724 Nouembris,
669 1637 774 1722 Regni
790 1644 897 1706 autern
913 1639 1017 1707 nostri
1032 1659 1118 1710 anno
1149 1643 1232 1712 vioe·

101 1743 185 1811 simo
203 1742 359 1812 seeundo.

103 1942 249 2004 (Eredetie
281 1941 466 2008 borhtrtyan,
497 1957 515 1994 a
539 1944 628 2010 stiggtt
658 1942 753 2008 penset
783 1945 937 2010 elverzett3
971 1945 1046 2000 kozli
1070 1948 1127 2000 telo.
1146 1949 1232 2017 Dsrgi

509 2025 643 2103 Somo‘gyi
661 2036 749 2088 Antan
773 2034 827 2099 tr.)

536 2323 802 2338 m

635 2863 712 2932 296.

106 3057 126 3121 1
129 3057 165 3124 V.
180 3061 267 3126 Rota
283 3059 463 3145 kirtlyaak
480 3061 720 3148 priviloqiuata,
750 3061 897 3149 melyiyel
906 3073 911 3084 ’
926 3059 1071 3148 bizonyoo
1103 3061 1232 3147 Mttoty

107 3189 203 3232 contet
219 3167 339 3234 Buzad
354 3165 489 3234 bdnoait
504 3171 631 3237 osteor
647 3171 679 3236 e'a
695 3170 854 3237 Lanolrot
880 3189 979 3236 contro
1010 3169 1128 3235 Bozad
1156 3171 1231 3236 bria·

106 3275 225 3361 aakfla
239 3277 312 3342 tozt
327 3275 437 3342 nadre
453 3279 590 3343 varnerii
606 3276 750 3363 stirpen
776 3280 846 3344 loo‘zt
876 3279 992 3346 tinient
1023 3275 1229 3346 ttrtokosrrtt

525 3389 701 3473 meyet·b'et't.
726 3386 823 3454 1256.

213 3580 283 3647 Nos
298 3579 480 3650 Lodonioos
496 3583 557 3649 Dei
574 3583 687 3671 grania
704 3582 884 3672 Hungarie,
900 3582 1044 3668 Polonie,
1063 3583 1232 3650 Dalmatio

107 3684 165 3751 stb.
181 3687 252 3755 Rex
267 3691 330 3756 stb.
346 3691 432 3776 qnod
449 3691 509 3756 viri
526 3690 692 3776 Magnifioi
708 3691 875 3758 limerlonr
901 3691 1071 3760 Palatinus
1096 3695 1129 3758 et
1158 3690 1228 3757 Ste-

109 3791 233 3876 planus
246 3796 419 3881 Woynoda
436 3798 673 3864 'l'ransilnanns
691 3797 803 3866 fideles
820 3798 921 3883 nostri
938 3807 970 3866 et
986 3799 1098 3868 dilecti
1125 3819 1231 3885 perso-

109 3900 221 3971 naliter
238 3902 330 3970 iuxta
346 3906 583 3972 continenciam
601 3907 780 3972 litterarum
799 3905 934 3974 Comitis
959 3907 1091 3993 (inpelle
1121 3913 1232 3974 nostre

6 4075 8 4080 ,
111 4011 365 4079 enoeatoriarnm
380 4011 576 4100 simplicium
592 4013 700 4099 ipsam
732 4015 960 4081 enoeaoionem
993 4015 1026 4080 in
1057 4015 1231 4100 Wisegrod

111 4113 188 4182 laoie
202 4117 247 4185 ad
263 4118 379 4186 laniem
395 4119 516 4187 laetam
533 4119 602 4188 lore
619 4119 849 4189 denotaneium
865 4121 964 4189 toreio
990 4119 1044 4189 dio
1073 4123 1153 4189 letio
1183 4143 1231 4192 se·

113 4223 211 4294 onntle
226 4226 374 4312 proxime
399 4235 475 4313 post
505 4227 621 4294 testum
654 4228 748 4297 Beati
778 4229 866 4296 Lnoe
895 4228 1113 4314 llwangolisto
1143 4251 1230 4299 anno

112 4328 236 4399 Domini
251 4335 428 4402 millesimo
456 4333 664 4403 GCO⁰LXX⁰
694 4336 793 4404 ternio
826 4337 1012 4422 preteritum
1044 4339 1079 4404 in
1110 4337 1229 4407 Nostro

112 4435 300 4510 serenitatis
316 4448 493 4530 conspeetu
510 4451 746 4532 eomparentos‚
779 4452 892 4512 eontra
921 4431 1094 4513 Nicolaum
1127 4447 1229 4514 lilium

112 4543 235 4616 llahold
250 4549 411 4634 quasdam
428 4553 557 4620 litteras
574 4553 719 4638 Capitoli
736 4555 884 4628 lloclesie
916 4553 1068 4620 Albensis
1099 4553 1159 4621 stb.
1192 4554 1228 4620 in

112 4661 246 4727 nostrum
264 4659 443 4731 eduxerant
460 4667 669 4749 eonspeotum
700 4663 868 4750 habentes,
900 4663 985 4749 quod
1016 4663 1050 4730 in
1082 4663 1228 4757 personis
