3080 5146
621 943 697 1010 252.
748 954 754 968 t

101 1144 153 1208 IV.
178 1143 456 1228 Belo-irirdlynoir
473 1141 582 1224 Pokoy
597 1149 627 1204 et
643 1139 796 1204 erearum
806 1135 954 1220 fiildebet
969 1143 1126 1226 tarpyaad
1147 1140 1228 1206 odo·

104 1252 212 1336 mdoya
230 1247 448 1314 Kodurkaica
479 1243 714 1332 nanzetrepbcli
729 1245 902 1312 Androaiir
917 1258 1027 1311 mester
1051 1247 1226 1338 Errdrefic

523 1356 681 1418 szdmdro.
701 1351 795 1418 1248.

203 1547 281 1618 bela
298 1549 362 1615 Dei
379 1547 492 1630 gracia
517 1545 695 1631 Hungarie,
728 1545 905 1629 Daimacie‚
936 1543 1082 1631 (iroaoie,
1113 1546 1224 1626 Reme,

103 1657 221 1737 Seruio,
239 1653 387 1740 Gallioie,
407 1653 596 1720 Lodomerie
612 1652 834 1735 Cumanieque
849 1652 917 1718 Rex
935 1653 1083 1720 omnibns
1103 1654 1226 1721 Obristi

103 1762 248 1830 fidelibus
264 1781 398 1846 presens
409 1761 570 1846 scriptum
585 1759 784 1844 inspecturis
800 1760 938 1827 salutem
953 1759 989 1826 in
1004 1763 1146 1828 omnium
1163 1761 1227 1829 sai-

101 1876 221 1938 uatore.
246 1867 504 1954 Circumspeooio
520 1869 644 1951 Regum
659 1867 800 1953 prouida
815 1866 986 1951 condignis
1001 1869 1135 1954 premijs
1161 1869 1224 1936 sibi

104 1979 315 2060 obsequentes
330 1977 379 2042 sie
395 1973 493 2042 debet
508 1993 688 2056 occurrere,
714 1979 750 2040 vt
764 1992 806 2040 ex
832 1971 935 2057 digna
959 1977 1225 2046 remuneracione

105 2085 291 2166 premiorum
309 2080 392 2148 alios
408 2081 511 2148 eciam
529 2079 679 2162 exemplo
695 2077 857 2145 consimili
873 2077 917 2146 ad
932 2079 1058 2146 maiora
1084 2081 1223 2150 fidelita-

102 2190 140 2258 tis
155 2209 251 2276 opera
267 2185 387 2257 reddat
402 2187 610 2271 promciores.
649 2185 793 2252 Proinde
826 2185 871 2252 ad
902 2187 1125 2258 vniuersorum
1156 2197 1224 2256 tom

104 2296 297 2381 presencium
326 2315 422 2379 quam
448 2301 649 2379 posterorum
682 2291 835 2360 noticiam
869 2293 1041 2378 peruenire
1072 2296 1225 2366 nolumus

105 2403 298 2488 presencium
318 2422 374 2488 per
390 2409 533 2468 tenorem
552 2425 560 2466 :
577 2399 751 2484 quodcum
768 2419 829 2467 nos
844 2400 1060 2467 consideratis
1079 2402 1226 2486 probita-

104 2508 429 2595 rannemundus
455 2491 556 2574 noso-r
572 2506 721 2590 Magistri
737 2505 914 2573 unumne
940 2505 998 2589 cuj
1023 2507 1154 2576 Annae
1185 2509 1228 2577 ue

108 2635 219 2700 genere
234 2613 449 2683 Kadarkaiuz
466 2613 624 2698 quasdam
641 2618 744 2680 terras
760 2610 801 2678 de
816 2613 930 2680 Castro
946 2613 1141 2702 Zeghunria‚
1166 2617 1213 2686 Po

106 2742 164 2808 ooy
178 2721 332 2790 videlicet
348 2729 380 2788 et
396 2719 558 2805 Prualom,
590 2739 692 2804 prope
709 2720 879 2786 confinium
896 2722 1001 2804 Regni
1025 2725 1128 2792 nostri
1159 2726 1229 2792 exi-

105 2837 228 2915 stentes,
262 2849 323 2915 pro
340 2833 429 2894 terra
445 2826 661 2912 descensuaii,
692 2832 727 2893 vt
743 2825 842 2912 ijdem
861 2828 893 2892 iu
921 2830 1071 2896 custodia
1096 2831 1225 2918 confinij
1331 2819 1333 2826 ¹

105 2935 200 3019 Regni
217 2935 321 3004 nostri
336 2937 471 3020 vigilem
488 2941 522 3000 et
537 2933 707 3020 procidam
724 2934 898 3002 adhibeant
932 2936 1151 3026 diligenciam,
1184 2939 1227 3008 de

106 3043 304 3124 plenitudiue
320 3043 431 3126 gracie
445 3049 555 3110 nostre
571 3041 633 3110 sibi
650 3039 853 3109 duxissemus
864 3041 1096 3128 conterendas;
1122 3053 1155 3112 et
1170 3067 1229 3114 eas

108 3167 158 3232 per
173 3151 326 3219 dilectum
344 3157 376 3218 et
392 3150 521 3218 fidelem
538 3157 685 3218 nostrum
702 3147 796 3216 Okoh
811 3149 967 3216 Comitem
1000 3149 1100 3217 filium
1132 3149 1226 3218 Okclr

107 3256 161 3322 sibi
174 3257 384 3325 iussissemus
400 3255 564 3338 assignari
586 3280 594 3320 r
614 3256 692 3338 quia
707 3261 816 3321 temen
833 3253 920 3322 idem
937 3253 1077 3322 confisus
1094 3256 1135 3322 de
1151 3277 1227 3342 ope*

108 3363 185 3430 ribus
200 3384 259 3431 sne
274 3363 449 3447 probitatis
462 3381 560 3447 super
571 3362 763 3430 detencione
774 3361 903 3428 illarum
914 3367 1071 3428 terrarum
1082 3373 1241 3436 nostrum.

108 3469 303 3556 priuilegium
321 3478 397 3538 tuno
412 3469 555 3555 recipere
572 3468 781 3554 pretermisit,
799 3469 935 3536 credens
951 3489 1010 3554 per
1020 3469 1071 3534 sni
1081 3470 1226 3538 valorem

111 3573 190 3658 ipsas
206 3584 312 3644 terras
329 3597 389 3662 per
403 3597 495 3644 suam
524 3575 717 3644 industriam
744 3594 840 3661 posse
872 3575 1038 3642 commode
1069 3572 1227 3663 detineri3

109 3681 208 3750 dilecti
225 3691 258 3750 et
274 3681 388 3750 fideles
404 3684 505 3750 nostri
524 3682 709 3769 Stephanus
726 3683 839 3748 Banus
854 3681 958 3750 tocius
984 3681 1168 3771 Sclauonie,
1194 3693 1227 3752 et

111 3788 269 3877 Phiiippus
284 3791 468 3876 Episcopus
485 3789 729 3874 Zugrabiensis,
746 3787 862 3873 quibus
880 3797 983 3856 terras
1000 3789 1103 3875 ipsius
1120 3789 1228 3860 Casiri

111 3895 244 3964 indebite
269 3905 448 3984 occupatas
479 3897 650 3966 restituere
681 3895 894 3984 precepimus,
926 3897 1089 3982 predictas
1121 3906 1227 3966 terras

110 4002 309 4071 restituerunt
326 4003 439 4073 Castro
456 4005 632 4090 antedicto,
663 4001 837 4074 cumidem
869 4003 1072 4073 Andronicus
1102 4005 1227 4072 nullum

112 4109 255 4178 exhibere
271 4112 436 4180 munimen
453 4113 603 4197 potuerit,
623 4133 686 4196 quo
703 4111 801 4180 titulo
817 4113 907 4196 ipsas
934 4111 1124 4196 possideret.
1161 4111 1227 4179 Sed

109 4213 176 4296 qnia
190 4237 246 4287 nus
263 4237 303 4285 ex
318 4218 459 4305 suscepti
476 4219 643 4303 regiminis
659 4219 765 4287 officio
783 4229 927 4288 tenemur
953 4226 1095 4285 nostram
1126 4217 1228 4290 dona·

112 4321 224 4391 donem
238 4345 446 4409 nequequam
463 4325 619 4413 minuere,
652 4328 832 4396 sedeciam
857 4326 970 4413 pocius
1000 4331 1226 4413 augmentare,

110 4435 160 4495 ant
186 4430 301 4500 saltem
315 4507 318 4512 ,
333 4451 407 4501 cam
438 4433 718 4503 irretractabiliter
733 4453 946 4520 conseruare3
983 4429 1227 4500 considerantes

110 4535 242 4606 narina
257 4541 411 4608 continue
427 4540 593 4610 fidelitatis
619 4543 788 4630 obsequia,
820 4563 882 4626 que
913 4541 999 4608 idem
1032 4541 1126 4606 uobis
1158 4549 1223 4608 tarn
