3120 5148
657 930 711 997 88.

124 1130 165 1194 Il.
194 1129 305 1195 Errdre
319 1129 502 1214 kirdlytcalc
518 1127 788 1214 Lenyenclfoldei
803 1132 959 1214 tdrpyozd
974 1129 1157 1212 adomduyo
1190 1127 1260 1192 Tae

410 1241 491 1320 mos,
511 1235 613 1301 Botclt
623 1236 669 1316 fia
686 1239 843 1302 emmetra.
859 1235 957 1302 1216.

224 1433 376 1498 Andreas
394 1431 457 1508 Dei
473 1431 589 1514 gracia
601 1431 779 1516 Hungarie,
791 1429 971 1514 Dalmscie,
983 1427 1127 1516 Croacie,
1137 1431 1249 1515 Reme,

127 1540 240 1624 Seruio,
257 1539 398 1625 aalide,
415 1536 672 1620 Lodomerieque
688 1538 758 1604 Rex
775 1538 808 1604 in
835 1544 1036 1622 perpetuum.
1060 1537 1252 1604 Reuerendo

127 1648 242 1732 Regum
257 1647 456 1732 sublimitas,
482 1645 671 1712 etsi-innata
688 1643 752 1711 sibi
776 1644 957 1711 nobilitatis
982 1643 1123 1728 quodam
1154 1645 1252 1729 priui-

26 1763 28 1768 “
125 1754 205 1838 logio
220 1753 413 1839 largitatum
429 1773 560 1820 snorum
577 1752 671 1818 donis
689 1752 854 1820 extraneis
870 1752 973 1819 eciam
991 1751 1109 1819 debeat
1140 1773 1249 1822 occur-

126 1879 191 1928 rere
202 1885 219 1946 3.
234 1863 426 1946 precipuum
443 1867 553 1927 temen
571 1879 650 1942 erga
666 1879 796 1926 suorum
813 1859 1015 1928 subditorum
1041 1858 1248 1929 differenoies

126 1968 353 2035 dobetbabere
369 1967 598 2052 diligenciam
623 1971 658 2032 ut
674 1973 796 2049 quanto
812 1967 887 2049 quis
903 1967 965 2033 sibi
990 1965 1121 2035 fidelius
1143 1969 1269 2036 lema·-

127 2075 214 2160 lstm,
232 2083 324 2141 teuto
340 2074 537 2160 propensius
554 2073 781 2140 munificenoie
796 2093 854 2142 sne
870 2073 968 2142 donis·
989 2077 1244 2142 remunerandus
1260 2125 1261 2128 ,

127 2180 190 2248 lore
205 2189 389 2250 censeatur.
413 2181 707 2249 Animaduersicne
732 2181 891 2264 siquidem
922 2183 1025 2266 Regio
1055 2182 1245 2268 circumspe-

26 2327 27 2388 3
126 2291 232 2357 dionis
249 2297 434 2358 nostrorum
451 2289 596 2357 fidelium
614 2290 754 2356 seruicia
771 2310 828 2374 pre
844 2291 964 2358 occulis
979 2293 1098 2357 mentio
1129 2291 1248 2360 baben·

128 2407 180 2484 tes,
197 2405 331 2483 propter
347 2397 466 2464 eximie
481 2397 651 2464 fidelitatis
678 2397 912 2484 constanciam,
942 2419 1040 2482 quam
1071 2398 1105 2466 in
1137 2405 1250 2467 nostro
1331 2425 1335 2434 ·

127 2504 205 2571 tideli
219 2505 350 2572 Thema
365 2505 433 2572 filio
449 2505 556 2572 Roteb‘
568 2506 742 2571 multarum
759 2505 1179 2588 probitatumexbibioione
1195 2522 1250 2574 ve·
1346 2563 1348 2568 .

26 2671 27 2678 ,
127 2615 237 2679 reciter
253 2633 366 2680 sumus
384 2613 519 2698 experti,
536 2613 570 2677 in
587 2631 716 2678 suornm
750 2614 1090 2696 recompensacionem
1122 2617 1249 2682 merito·

26 2797 28 2822 ἱ
127 2739 188 2783 rom
205 2741 264 2806 pro
281 2719 473 2788 concambio
491 2729 575 2788 terre
591 2739 658 2804 sue,
677 2740 774 2804 quem
791 2720 916 2805 pridem
933 2720 995 2788 sibi
1011 2723 1249 2789 contuleramus

127 2831 157 2890 ln
171 2826 300 2912 Scipns,
318 2834 438 2894 terram
456 2827 577 2895 deserti
593 2828 670 2915 loci,
686 2827 742 2894 vbi
766 2827 895 2912 magnis
920 2829 1084 2896 laboribus
1109 2830 1249 2916 propriis
1265 2877 1267 2884 ·

127 2935 307 3020 sumptibus
323 2935 406 3002 duas
423 2955 561 3018 magnas
576 2937 672 3003 villas
690 2936 913 3028 constituerat,
946 2943 1065 3006 terram
1082 2939 1247 3022 quandam

26 3035 27 3056 ¹
128 3041 263 3124 quinque
277 3045 482 3109 mansionum
502 3043 694 3130 populorum
711 3043 808 3112 castri
825 3045 866 3112 de
883 3045 1039 3128 Nevgred
1063 3055 1265 3128 exemptam

26 3159 27 3200 1
127 3151 251 3216 nomine
268 3151 434 3234 Lengend,
451 3161 517 3218 tem
535 3151 597 3219 sibi
612 3173 708 3235 quam
726 3150 795 3220 suis
811 3152 983 3222 heredibus
999 3154 1194 3221 contulimus
1211 3156 1244 3220 in

128 3266 313 3342 perpetuum
329 3261 572 3344 possidendam.
598 3259 699 3338 Quem
715 3260 748 3326 in
775 3261 1015 3348 possessionem
1048 3261 1133 3328 dioto
1163 3268 1249 3329 terre

26 3387 27 3432 3
128 3365 323 3444 perfidelem
341 3367 549 3452 iobagionem
581 3375 727 3434 nestrum
752 3377 830 3434 tunc
861 3369 1018 3454 temporis
1048 3369 1246 3454 Palatinum,

26 3495 27 3498 ¹
128 3471 471 3540 scilicetBancbonem
487 3473 625 3540 fecimus
656 3474 827 3558 introduci,
857 3477 934 3542 licet
960 3476 1158 3562 interpolato
1190 3476 1268 3542 ali·-

26 3601 27 3624 1
129 3583 245 3659 quanto
258 3579 416 3666 temporis
430 3583 552 3665 spacio,
570 3601 706 3666 presens
723 3581 935 3670 priuilegium
944 3583 1012 3651 fieri
1024 3584 1268 3668 iussissemus3,

128 3683 200 3764 quia
215 3705 289 3752 cum
307 3687 413 3754 dictus
428 3689 572 3755 Thomas
588 3689 621 3753 in
646 3688 712 3753 iam
744 3691 864 3756 dietam
894 3699 1015 3759 terrem
1046 3691 1266 3759 introductus

26 3799 27 3828 l
129 3791 249 3879 inbuet,
267 3795 402 3877 animm
419 3796 462 3862 de
476 3796 704 3880 iobagionibns
721 3795 799 3864 dieti
815 3801 917 3865 castri
943 3801 1074 3868 nomine
1103 3801 1250 3884 Wylmos

26 3921 28 3950 r
128 3915 192 3965 cum
210 3901 395 3969 soeiimsuis
411 3921 510 3987 super
525 3902 703 3969 medietate
718 3904 803 3972 dicte
819 3911 907 3972 terre
935 3907 1042 3992 ipsum
1073 3905 1248 3990 probibuit,
1264 3963 1267 3969 ,

26 4003 28 4066 i
129 4007 361 4093 quodpruprie
375 4006 461 4096 (suo)
478 4017 680 4095 terraemot,
696 4029 757 4078 noo
769 4013 840 4079 Rex
856 4033 928 4080 eam
945 4013 1078 4081 sciendo
1093 4012 1247 4080 contulit·
1263 4055 1265 4060 ,

128 4121 181 4180 set.
204 4113 391 4202 Superque
405 4115 485 4182 dum
498 4115 554 4181 diu
571 4115 790 4203 disceptatum
805 4121 890 4186 inter
906 4137 962 4187 eos
977 4120 1102 4205 luisset,
1119 4121 1247 4190 andem

129 4219 241 4287 ordine
251 4221 428 4306 judiciario
445 4222 729 4308 praemiandum
755 4225 926 4311 probatum
952 4237 1010 4315 est,
1037 4227 1132 4312 quod'
1148 4227 1254 4294 dietus

129 4323 273 4412 lllylmos
288 4328 387 4396 nichil
404 4329 545 4398 ibiiuris
560 4329 736 4400 habuisset
777 4333 872 4402 Vnda
888 4351 948 4402 nos
963 4335 1084 4402 lectam
1111 4333 1250 4404 liberuli-

131 4441 173 4500 ter
189 4435 562 4524 anobisdonncioun,
592 4442 678 4506 sicet
709 4440 814 4528 iuste3
839 4443 919 4526 quia
950 4442 1036 4526 quod
1067 4449 1267 4526 poteramus«

130 4539 567 4629 trtdidimuepelgillinostri
582 4549 760 4614 munimine
776 4548 1012 4617 roboreuimost
1052 4547 1269 4617 (iniustorum-2
