3078 5128
615 881 690 950 220.

93 1079 230 1146 Kdlmcin
244 1078 404 1163 palicaiac'
418 1079 532 1163 bircly
547 1081 579 1146 da
594 1079 778 1146 sclavonici
786 1082 1216 1172 borcchnekprioileqc‘uma

323 1207 345 1248 a
357 1185 506 1269 petriani
519 1185 676 1275 nandeqelc
691 1187 853 1255 aadmdra.
879 1191 976 1256 1240.

194 1378 390 1447 colomanus
407 1379 471 1444 Dei
486 1379 600 1463 gracia
616 1381 685 1448 Rex
701 1379 922 1448 Rutbenorum
950 1392 982 1450 et
1008 1386 1084 1452 Dux
1108 1389 1214 1454 tocius

96 1485 256 1553 Sclaumie
271 1486 419 1554 omuibus
437 1483 557 1553 christi
573 1487 737 1572 fidelibus,
752 1487 796 1554 ad
813 1509 892 1571 quos
909 1511 1044 1576 presens
1056 1493 1211 1578 seriptum

98 1595 282 1677 peruenerit,
298 1595 436 1660 salutem
455 1592 488 1659 in
507 1615 544 1662 eo
559 1596 614 1678 qni
631 1596 689 1662 dat
705 1597 842 1664 salutem
869 1597 1022 1682 Regibus.
1062 1597 1142 1667 Cum
1173 1601 1214 1669 de

98 1698 322 1768 beneuoleucia
338 1721 377 1767 ac
403 1699 444 1772 de
475 1701 757 1790 predestinacione
788 1702 913 1770 Summi
944 1705 1045 1789 Regis
1076 1707 1120 1774 ad
1151 1707 1212 1776 boc

96 1825 195 1873 snmus
210 1805 420 1895 preordinati,
437 1815 472 1874 ut
488 1809 629 1893 singulis
644 1809 678 1875 in
695 1808 927 1877 iurisdiccione
954 1819 1066 1879 nostra
1095 1815 1211 1882 consti-

97 1914 281 1982 tutissimus
297 1915 474 1982 secundum
501 1919 694 2002 Apostolum
722 1919 754 1982 in
787 1917 916 1984 iusticia
934 1918 1115 2001 debitores;
1138 1943 1210 2007 pro·

96 2023 217 2102 pensius
233 2029 266 2086 ct
281 2023 462 2106 specialius
479 2023 670 2110 hospitibus,
705 2025 760 2108 qni
776 2013 923 2091 nostrum
955 2027 1019 2093 sibi
1050 2031 1210 2095 senserint

97 2130 266 2196 subsidrum
282 2131 496 2218 profuturum,
514 2131 624 2198 debite
640 2132 787 2200 uolumus
804 2131 935 2200 iusticie
950 2153 1098 2199 exercere
1124 2155 1210 2201 com·

95 2234 290 2318 plementum.
315 2238 399 2304 Hinc
415 2245 475 2325 est,
492 2239 577 2324 quod
593 2259 653 2307 nos
667 2229 737 2306 tam'
752 2243 958 2326 presencium
976 2261 1071 2325 quam
1089 2240 1208 2308 futuro·

94 2345 313 2412 rumnoiumus
341 2345 459 2412 noticia
485 2345 661 2430 declarare,
694 2346 779 2430 quod
811 2347 992 2433 hospitibus
1024 2347 1143 2414 nostris
1174 2348 1208 2414 in

94 2450 213 2518 Petrina
228 2451 501 2519 commorantibus
519 2454 616 2518 talem
635 2454 696 2520 boe
712 2454 807 2521 modo
823 2455 1044 2522 concessimus
1076 2455 1207 2523 liberta·

95 2565 165 2626 tem:
181 2559 224 2626 Ut
239 2559 328 2644 ipsos
344 2561 453 2626 nullus
468 2560 488 2626 J
492 2558 621 2626 udicum
637 2566 821 2628 nostrornm
838 2569 944 2647 preter
955 2562 1110 2628 Maiorem
1122 2563 1207 2630 Ville

94 2685 201 2748 eorum,
217 2687 313 2752 quem
330 2667 510 2732 voluntarie
528 2669 695 2751 elegerint,
713 2668 835 2734 audeat
861 2669 1026 2752 iudicare,
1050 2677 1082 2735 et
1109 2669 1137 2734 si
1164 2671 1206 2735 ab

94 2779 221 2858 ipsorum
237 2773 354 2842 Judice
370 2775 644 2860 conquerentibus
661 2775 814 2843 satisfieri
840 2797 905 2842 non
938 2777 1066 2864 poterit,
1099 2777 1206 2844 Judex

96 2903 191 2948 eornm
207 2883 240 2948 in
257 2888 405 2949 nostrum
423 2883 625 2968 presenciam
643 2887 674 2948 et
691 2903 756 2947 non
773 2883 857 2949 alias
874 2901 973 2969 super
998 2885 1071 2967 ipsa
1103 2903 1205 2950 causa

95 2991 198 3058 citatus
215 2991 335 3058 debeat
351 2999 383 3056 et
398 2995 550 3056 teneatur
566 3009 762 3074 comparere.
802 2991 843 3054 nt
860 2989 888 3055 si
904 2990 969 3075 ipsi
985 2991 1070 3056 alias
1096 3010 1204 3058 eoram

89 3098 184 3180 judice
200 3117 394 3181 quemquam
410 3096 603 3181 impeterent
619 3117 717 3182 snper
732 3097 851 3180 aliquo,
885 3099 931 3162 eis
948 3095 1106 3162 iudicetur
1121 3097 1205 3163 inra-

93 3213 228 3272 neutum.
253 3203 431 3272 Statuimns
449 3201 561 3282 eciam,
594 3202 680 3286 quod
708 3203 737 3269 si
768 3204 878 3270 Banns
910 3203 956 3269 eis
988 3201 1031 3269 ad
1062 3205 1203 3269 valorem

93 3313 173 3380 unius
186 3332 295 3378 marce
311 3311 486 3394 dampnum
502 3309 634 3395 faceret,
653 3310 684 3374 in
701 3311 852 3395 centuplo
870 3311 1054 3376 restitueret
1070 3309 1201 3376 eisdem.
1329 3357 1332 3364 .

93 3417 200 3486 Tamen
215 3419 307 3484 Bano
325 3438 388 3484 non
407 3417 494 3482 alind
511 3416 575 3484 nisi
590 3417 702 3484 domos
721 3436 799 3482 suas
827 3415 998 3483 occasione
1025 3415 1203 3484 descensus

94 3526 158 3594 dare
173 3531 365 3606 teneantnr;
390 3544 447 3610 pro
463 3523 538 3608 alijs
555 3541 632 3590 uero
648 3523 845 3608 necessariJ's
862 3522 1005 3607 precium
1031 3522 1201 3607 recipiant.

95 3633 128 3698 nt
141 3635 166 3700 si
180 3632 302 3718 aliquis
317 3631 460 3717 ipsorum
477 3633 569 3716 prole
585 3631 735 3716 caruerit,
762 3637 829 3696 tam
845 3631 920 3714 ipso
936 3627 1075 3712 uiuente,
1105 3649 1203 3713 quam

92 3741 126 3808 ab
140 3741 195 3810 boc
210 3741 323 3807 seculo
347 3741 615 3826 transmigrante,
644 3739 732 3805 bona
763 3758 823 3804 sua
854 3737 1034 3819 cuicunque
1064 3735 1205 3802 noluerit

94 3849 175 3915 libere
190 3847 337 3916 conferat
353 3845 535 3914 retinenda.
560 3846 646 3912 Etsi
664 3845 782 3928 aliquis
800 3844 841 3911 de
873 3845 955 3929 villa
987 3863 1086 3929 super
1117 3862 1201 3926 equo

94 3957 136 4024 nel
149 3957 228 4025 boue
244 3953 524 4040 calumpniaretur
539 3953 581 4020 ab
598 3952 724 4038 aliquo;
750 3973 807 4038 pro
823 3957 947 4036 quanto
963 3958 1200 4018 sacramentnm

93 4063 182 4130 iacere
196 4061 440 4150 presumpserit,
458 4059 520 4128 sibi
537 4062 741 4146 calumpnias
756 4064 893 4128 testibus
914 4060 1099 4126 astantibus
1110 4060 1204 4126 resti·

93 4175 166 4259 tuat;
188 4178 220 4237 et
235 4189 287 4236 res
302 4189 362 4253 pro
378 4187 444 4251 qua
460 4167 656 4234 causabatur
671 4167 714 4234 ad
747 4169 965 4252 requirentem
997 4164 1201 4234 deuoluatur.

95 4276 126 4344 Et
137 4277 162 4345 si
175 4278 246 4363 quis
263 4279 371 4362 ipsam
394 4276 508 4342 villam
535 4275 658 4342 intrare
692 4274 833 4342 noluerit
863 4289 1056 4360 moraturus,
1089 4274 1200 4340 omnia

95 4382 162 4450 bona
175 4405 243 4465 sna,
260 4384 373 4451 domus
389 4403 477 4467 suas,
494 4382 604 4450 atalia
619 4402 681 4467 que
692 4381 846 4468 possidet,
864 4380 1012 4447 omnibus
1023 4379 1200 4446 scientibus

94 4488 206 4560 liberam
223 4491 345 4559 babeat
370 4489 534 4558 vendendi
565 4487 774 4573 fucultatem
799 4497 831 4556 et
861 4486 1015 4554 recedens
1046 4485 1087 4554 de
1118 4485 1200 4553 villa
