3150 5162
686 831 762 948 uro.

149 1084 262 1149 lovon
278 1088 293 1150 i
292 1083 395 1170 fjubb
411 1082 522 1170 hirdip
539 1083 673 1166 Sziuoa,
690 1079 767 1166 Rau,
782 1075 1009 1164 Now-Gummi
1025 1077 1057 1142 6⁸
1073 1073 1287 1144 Bouianum

161 1192 428 1278 onodrrnepysi
457 1189 606 1276 foldekot
635 1190 794 1274 touqyozo
824 1187 1008 1272 odomduyo
1039 1186 1148 1252 Pauus·
1177 1184 1287 1251 Jakab

369 1312 370 1315 ’
534 1319 633 1363 corneo
648 1300 805 1363 saumuro.
822 1295 919 1360 1263.

192 1497 253 1562 (Ιῇ.
273 1497 400 1562 Knbinyi
419 1497 549 1558 serenes,
568 1493 686 1560 Magyar
704 1490 877 1544 Tortenelmi
895 1489 1031 1542 nmlekek
1049 1490 1071 1540 1.
1091 1461 1249 1560 irot.4¹1.l.)

587 1781 854 1792 *uu—u·-

687 2317 762 2386 sul.

157 2514 220 2604 Ifj.
237 2519 355 2584 Istocin
370 2517 482 2602 kirtly
500 2519 686 2602 nepotata·
701 2515 763 2580 IV.
781 2517 862 2581 Be'la
878 2517 990 2602 kirdly
1000 2517 1192 2606 ouqedolytt,
1206 2519 1288 2603 moly

159 2629 278 2692 suerint
295 2625 397 2690 Ndoo
413 2645 514 2691 eomes
529 2624 638 2688 Pouso
664 2625 824 2688 oomemuek
841 2623 888 2705 fio
904 2624 1058 2709 jaoairot
1087 2627 1284 2694 iuttzkedue-

635 2739 701 2796 totu.
726 2732 823 2798 1263.

265 2925 451 3014 Stephanus
468 2927 531 2994 Dei
547 2925 659 3010 gracia
670 2927 782 3015 J'nnior
798 2927 867 2992 Rex
882 2927 1059 3014 Hungarie,
1075 2928 1149 2997 Dux
1165 2933 1279 3000 Trans·

156 3035 307 3102 silnanus
323 3041 356 3101 et
372 3035 518 3102 dominus
545 3035 760 3100 Cumanorum
791 3035 952 3110 uniuersis
987 3035 1107 3104 Christi
1139 3037 1287 3108 fidelibus

158 3149 329 3228 presentes
345 3141 470 3209 litteras
486 3141 682 3226 inspueturis
696 3143 836 3210 salutem
868 3143 902 3208 in
934 3144 1076 3210 omnium
1108 3147 1285 3218 saluatore.

155 3251 206 3317 nd
222 3251 449 3318 uniuersorum
469 3249 621 3317 noticiam
639 3249 785 3316 uolumus
802 3251 971 3334 peruenire
995 3252 1196 3336 presencium
1228 3275 1288 3339 per

156 3365 316 3440 tenorem,
335 3355 420 3441 quod
437 3357 596 3424 accedens
614 3377 672 3443 per
687 3365 830 3424 nostram
847 3359 1045 3442 preseneiam
1063 3359 1167 3428 fidelis
1178 3368 1288 3428 noster

156 3466 272 3532 Comes
290 3466 387 3533 Nona
402 3468 489 3534 filius
506 3465 638 3534 Comitis
655 3467 764 3534 Pousa
779 3466 874 3534 nobis
904 3467 1066 3535 humiliter
1097 3467 1285 3556 suplieauit,

158 3572 245 3659 qnod
262 3573 472 3660 priuilegium
487 3573 653 3642 karissimi
668 3573 770 3661 patris
786 3575 890 3642 nostri
907 3574 1029 3641 domini
1045 3575 1124 3641 Bele
1150 3577 1286 3642 illustris

159 3681 261 3766 Regis
279 3701 379 3767 super
404 3681 621 3768 disposieione
650 3683 892 3767 possessionum
923 3702 1055 3748 suarum
1087 3703 1286 3770 eoncessum,

157 3795 342 3854 nostrarum
360 3788 566 3874 dignoremur
582 3789 760 3856 litterarum
777 3788 960 3874 patrocinio
971 3789 1168 3858 confirmare
1185 3789 1284 3858 Cuius

155 3895 288 3980 quidem
304 3897 469 3981 priuilegij
487 3903 579 3966 tenor
594 3897 673 3964 talis
689 3902 754 3965 est:

267 4002 349 4072 Bola
364 4005 426 4070 Dei
443 4005 557 4088 grana
569 4004 736 4090 Hnngarie
752 4005 813 4074 stb.
831 4003 901 4072 Rex
917 4007 979 4074 stb.
995 4004 1209 4102 (ktivetkezik
1234 4005 1289 4076 IV.

155 4111 242 4178 Bela
258 4109 438 4199 kirtlynak
457 4113 593 4182 1257-ki
608 4113 784 4201 okmtnya,
817 4113 899 4180 mint
913 4103 1064 4198 Fejornel
1089 4112 1168 4181 cod.
1200 4111 1310 4198 Dipl.'

155 4217 539 4308 WAEMLnss&NJ

267 4325 338 4393 Nos
354 4325 454 4414 igitur
470 4326 646 4414 peticiones
662 4327 807 4394 eiusdem
818 4327 1173 4396 ComitisNanuiustas
1184 4333 1285 4395 utten-

158 4434 275 4503 dentes
293 4435 327 4500 in
345 4435 407 4503 hae
425 4443 527 4522 parte,
545 4436 664 4503 dietum
681 4437 899 4522 priuilegium,
914 4435 997 4504 siout
1012 4456 1069 4522 per
1085 4434 1219 4502 eundem
1230 4434 1291 4501 ka-

155 4542 321 4610 rissimum
339 4549 465 4628 patrem
481 4549 624 4612 nostrum
641 4542 775 4628 prouide
792 4543 904 4609 datum
920 4542 1026 4611 extitit
1041 4549 1074 4612 et
1090 4562 1290 4636 eoncessum,
