3150 5162
562 341 724 444 —Q

75 531 162 602 dieto
174 532 297 618 jurium
314 553 444 601 suorum
460 535 803 622 possessiouariorum,
820 555 882 620 que
899 555 978 622 erga
993 537 1083 623 ipsos
1111 537 1203 604 Pala·

81 641 188 724 tinum,
204 639 421 726 Woyuodam,
437 638 621 727 fratresque
638 662 749 710 eorum
766 661 839 712 esse
864 641 1040 731 allegerat,
1072 642 1208 711 baberet

81 743 232 830 sublesta,
265 753 378 813 oouua
395 745 526 814 eosdem
543 745 588 814 ad
603 755 738 816 ootauas
755 747 821 816 diei
837 749 934 834 medij
953 748 1204 834 quadragesime

81 859 153 917 tuno
168 849 210 920 de
226 871 312 920 nouo
328 854 513 940 preteritas,
529 854 603 922 sine
619 853 858 922 orastiuaoioue
872 853 907 921 iu
933 854 1117 941 Speoialem
1130 853 1206 946 'No-

74 967 141 1025 stro
157 958 343 1026 Maiestatis
360 959 568 1027 Presenoiam
585 968 737 1028 euocatus
753 960 916 1028 extitisset
932 963 1012 1048 stb.;
1038 961 1116 1045 quia
1140 963 1203 1028 stb.

75 1065 189 1131 eadem
204 1085 306 1134 eausa
337 1066 424 1132 iuter
457 1075 569 1152 partes
602 1065 817 1136 diuersimods
849 1065 1007 1136 aemulata
1038 1057 1207 1152 presentes

79 1175 213 1238 oomuas
227 1168 303 1238 festi
319 1169 563 1240 Purifioaeiouis
579 1171 681 1239 Beate
697 1171 841 1258 Virginis
857 1171 953 1240 modo
968 1171 1120 1242 dilatorio
1131 1175 1206 1241 atti·

77 1277 195 1360 .gisset;
219 1276 362 1363 denique
378 1275 460 1364 ipsis
477 1277 603 1344 outauis
619 1277 826 1364 instantibus,
859 1278 1053 1364 interimque
1077 1277 1204 1366 prefato

81 1381 225 1450 limerieo
240 1385 405 1470 Palatino,
433 1391 467 1450 et
482 1382 650 1469 Stephano
666 1383 734 1452 lilio
749 1383 841 1450 Petri
857 1385 898 1453 de
923 1384 1032 1455 medio
1062 1385 1202 1454 sublatis

81 1489 140 1556 stb.
156 1490 260 1574 primo
276 1487 459 1575 prelibatus
476 1487 664 1574 Stephanus
679 1489 854 1576 Woyuoda
869 1489 933 1558 tria
949 1490 1123 1577 priuilegia
1139 1492 1200 1560 stb.

86 1602 190 1662 nostro
206 1597 314 1664 offerri
331 1596 457 1664 ourauit
473 1597 614 1664 examini
625 1596 802 1682 jndioimio
817 1597 881 1667 stb.
891 1597 1039 1666 Tandem
1056 1605 1205 1684 prenota-

82 1721 136 1767 sus
151 1703 302 1771 Nieolaus
318 1704 405 1771 lilius
420 1705 551 1774 Nioolai
566 1709 638 1773 ooto
654 1703 831 1791 priuilegia
849 1706 913 1772 stb.
931 1705 1029 1772 simul
1043 1725 1117 1772 eum
1133 1704 1207 1790 al'u's

87 1809 195 1892 uiginti
210 1810 340 1879 duabus
357 1811 476 1880 litteris
492 1815 553 1880 slb.
572 1820 716 1880 nostrum
743 1811 897 1898 produxit
922 1810 956 1878 in
987 1817 1203 1898 eonspeotum.

90 1915 220 1992 Quorum
252 1918 385 2002 quidem
415 1919 663 2006 priuilegiomm
694 1920 832 2004 primum
845 1919 912 1987 stb.
950 1918 1101 1986 'Pereium
1129 1939 1206 1988 vero

86 2021 287 2108 priuilegium
303 2025 429 2092 seilicet
445 2023 524 2092 dieti
541 2024 664 2092 domini
680 2023 838 2111 Stephani
853 2025 954 2093 Duois
970 2046 1057 2092 auno
1073 2025 1203 2094 Domini

90 2127 241 2196 M⁶GG⁰L⁰
255 2154 341 2201 nouo
357 2135 549 2221 ooufeotum,
565 2131 659 2201 Obak
686 2133 843 2218 Magistro
874 2132 1103 2200 Piuoeruarum
1135 2153 1208 2202 suo-

87 2259 151 2306 rum
167 2260 223 2324 pro
239 2241 308 2308 suis
323 2241 475 2327 seruioijs
494 2240 643 2308 Castrum
660 2240 784 2328 Horyg‚
816 2247 849 2308 et
879 2259 952 2307 eum
984 2233 1206 2325 spectantibus

92 2346 129 2412 ad
143 2346 367 2434 Myltumberg‚
382 2353 415 2414 et
429 2367 503 2417 eum
520 2347 599 2416 villa
615 2345 814 2432 Saxumleld,
830 2351 925 2434 prout
939 2343 1146 2431 Morsolpbus
1163 2344 1205 2412 de

91 2452 186 2520 Treuu
201 2454 309 2540 ipsam
327 2455 536 2542 possedisset,
569 2475 643 2523 oum
659 2455 852 2522 utilitatibus
869 2460 902 2520 et
932 2451 1140 2538 pertiueuoijs
1171 2453 1206 2518 iu

90 2557 164 2628 filios
179 2561 317 2630 liliorum
332 2568 490 2648 perpetuo
505 2563 616 2649 ipsum
641 2563 764 2630 Duoem
794 2561 973 2630 eontulisse
1005 2558 1205 2629 declarabat.

89 2667 179 2736 Aliud
192 2689 318 2754 quoque
333 2669 541 2755 priuilegium
560 2667 705 2739 eiusdem
720 2667 821 2737 Duois
836 2687 923 2736 auno
938 2667 973 2734 iu
989 2665 1102 2735 eodem
1117 2687 1203 2738 ema·

90 2783 189 2843 uatum
203 2795 262 2861 per
277 2776 416 2845 eundem
432 2779 560 2845 Duoem
578 2777 661 2846 duas
677 2784 791 2861 terras,
806 2776 959 2843 Polouam
976 2771 1141 2858 videlieet,
1172 2781 1206 2842 et

88 2891 199 2952 terram
212 2884 343 2953 Nedelk
359 2891 392 2953 ot
407 2883 513 2971 Zunlr,
531 2885 613 2953 sitas
629 2886 714 2952 inter
729 2885 875 2952 Drauam
891 2889 924 2949 et
938 2880 1043 2966 llura,
1076 2879 1208 2966 ajuris·
1333 2935 1334 2938 ,

94 2989 227 3059 dieeioue
243 2991 351 3061 castri
366 2991 574 3059 Zaladieusis
590 2992 719 3060 liberas·
731 2999 762 3059 et
778 2996 956 3076 exemptas,
974 3007 1047 3054 eum
1057 2986 1125 3056 suis
1135 3006 1208 3074 per·

91 3099 229 3186 tueuoijs
244 3098 427 3168 Lanehreto
443 3099 511 3168 filio
527 3099 641 3166 Buzad
657 3121 715 3186 pro
731 3099 800 3167 suis
828 3095 987 3181 seruioijs,
1019 3094 1080 3162 sub
1111 3094 1206 3162 metis

92 3203 120 3270 iu
135 3205 241 3275 eodem
254 3205 431 3294 priuilegio
447 3207 610 3276 contentis
627 3212 782 3293 perpetuo
799 3204 895 3274 datas
910 3203 981 3272 fore
993 3201 1205 3288 exprimebat.

90 3311 234 3382 leuorem
250 3315 313 3382 stb.
330 3315 451 3382 Datum
466 3311 559 3382 Bude
576 3311 734 3398 vigesimo
750 3311 804 3378 die
820 3315 1010 3379 oetauarum
1024 3308 1104 3376 festi
1116 3307 1206 3376 Puri·

94 3417 240 3490 leudonis
256 3421 351 3488 Beati
367 3419 512 3506 Virginis
540 3419 763 3504 predictarum
794 3437 881 3484 anuo
905 3415 1038 3484 Domini
1062 3413 1207 3484 ΜΟΟΟΟο

92 3527 319 3614 septuagesimo
335 3531 439 3615 sexto,
455 3527 558 3611 Regni
579 3533 687 3594 autem
703 3525 806 3593 nostri
822 3523 985 3592 tricesimo
1002 3523 1124 3608 quinto.

188 3727 328 3792 (Eredetie
345 3724 527 3791 borhtrtyau,
549 3739 566 3776 a
582 3721 668 3776 budai
688 3723 739 3775 lrir.
761 3721 888 3775 kamarai
906 3719 1101 3786 lsrdltarban.)
1133 3738 1136 3745 ·
