<?xml version="1.0" encoding="UTF-8"?>
<!DOCTYPE html PUBLIC "-//W3C//DTD XHTML 1.0 Transitional//EN"
    "http://www.w3.org/TR/xhtml1/DTD/xhtml1-transitional.dtd">
<html xmlns="http://www.w3.org/1999/xhtml" xml:lang="en" lang="en">
 <head>
  <title>
</title>
<meta http-equiv="Content-Type" content="text/html;charset=utf-8" />
  <meta name='ocr-system' content='tesseract 3.04.00' />
  <meta name='ocr-capabilities' content='ocr_page ocr_carea ocr_par ocr_line ocrx_word'/>
</head>
<body>
  <div class='ocr_page' id='page_1' title='image "./codexdiplomatic10wenzgoog_0372.png"; bbox 0 0 3078 5128; ppageno 0'>
   <div class='ocr_carea' id='block_1_1' title="bbox 598 217 759 318">
    <p class='ocr_par' dir='ltr' id='par_1_1' title="bbox 598 217 759 318">
     <span class='ocr_line' id='line_1_1' title="bbox 598 217 759 318; baseline 0 -32"><span class='ocrx_word' id='word_1_1' title='bbox 598 217 759 318; x_wconf 55' lang='lat' dir='ltr'>„Q</span> 
     </span>
    </p>
   </div>
   <div class='ocr_carea' id='block_1_2' title="bbox 108 414 1241 826">
    <p class='ocr_par' dir='ltr' id='par_1_2' title="bbox 108 414 1241 826">
     <span class='ocr_line' id='line_1_2' title="bbox 213 414 1241 501; baseline 0.008 -19"><span class='ocrx_word' id='word_1_2' title='bbox 213 415 291 501; x_wconf 82' lang='lat' dir='ltr'>Ego</span> <span class='ocrx_word' id='word_1_3' title='bbox 306 414 475 484; x_wconf 88' lang='lat' dir='ltr'>Johannes</span> <span class='ocrx_word' id='word_1_4' title='bbox 491 416 612 484; x_wconf 78' lang='lat' dir='ltr'>Oasioti</span> <span class='ocrx_word' id='word_1_5' title='bbox 629 415 832 484; x_wconf 78' lang='lat' dir='ltr'>examinator</span> <span class='ocrx_word' id='word_1_6' title='bbox 854 435 985 484; x_wconf 90' lang='lat' dir='ltr'>manum</span> <span class='ocrx_word' id='word_1_7' title='bbox 1002 434 1106 484; x_wconf 85' lang='lat' dir='ltr'>meam</span> <span class='ocrx_word' id='word_1_8' title='bbox 1139 417 1241 490; x_wconf 87' lang='lat' dir='ltr'>mitto.</span> 
     </span>
     <span class='ocr_line' id='line_1_3' title="bbox 110 521 1241 610; baseline -0.003 -14"><span class='ocrx_word' id='word_1_9' title='bbox 110 525 148 596; x_wconf 78' lang='lat' dir='ltr'>Et</span> <span class='ocrx_word' id='word_1_10' title='bbox 164 527 238 610; x_wconf 76' lang='lat' dir='ltr'>Ego</span> <span class='ocrx_word' id='word_1_11' title='bbox 257 522 440 606; x_wconf 85' lang='lat' dir='ltr'>Gausinna,</span> <span class='ocrx_word' id='word_1_12' title='bbox 456 523 660 592; x_wconf 84' lang='lat' dir='ltr'>Primieerius</span> <span class='ocrx_word' id='word_1_13' title='bbox 676 529 707 590; x_wconf 91' lang='lat' dir='ltr'>et</span> <span class='ocrx_word' id='word_1_14' title='bbox 731 523 959 606; x_wconf 79' lang='lat' dir='ltr'>Traguriensis</span> <span class='ocrx_word' id='word_1_15' title='bbox 984 521 1117 592; x_wconf 87' lang='lat' dir='ltr'>Juratus</span> <span class='ocrx_word' id='word_1_16' title='bbox 1143 525 1241 594; x_wconf 87' lang='lat' dir='ltr'>Nota·</span> 
     </span>
     <span class='ocr_line' id='line_1_4' title="bbox 109 629 1241 718; baseline -0.004 -18"><span class='ocrx_word' id='word_1_17' title='bbox 109 633 183 716; x_wconf 88' lang='lat' dir='ltr'>rius,</span> <span class='ocrx_word' id='word_1_18' title='bbox 215 637 375 718; x_wconf 84' lang='lat' dir='ltr'>precepto</span> <span class='ocrx_word' id='word_1_19' title='bbox 389 630 605 716; x_wconf 80' lang='lat' dir='ltr'>predictorum</span> <span class='ocrx_word' id='word_1_20' title='bbox 623 631 775 700; x_wconf 86' lang='lat' dir='ltr'>Judicum</span> <span class='ocrx_word' id='word_1_21' title='bbox 794 636 826 697; x_wconf 88' lang='lat' dir='ltr'>et</span> <span class='ocrx_word' id='word_1_22' title='bbox 843 629 1091 704; x_wconf 73' lang='lat' dir='ltr'><strong>communitatis</strong></span> <span class='ocrx_word' id='word_1_23' title='bbox 1117 633 1241 718; x_wconf 81' lang='lat' dir='ltr'>Tragu-</span> 
     </span>
     <span class='ocr_line' id='line_1_5' title="bbox 108 737 1093 826; baseline -0.001 -20"><span class='ocrx_word' id='word_1_24' title='bbox 108 742 231 808; x_wconf 85' lang='lat' dir='ltr'>riensis</span> <span class='ocrx_word' id='word_1_25' title='bbox 249 741 339 808; x_wconf 90' lang='lat' dir='ltr'>hanc</span> <span class='ocrx_word' id='word_1_26' title='bbox 354 746 478 808; x_wconf 85' lang='lat' dir='ltr'>cartam</span> <span class='ocrx_word' id='word_1_27' title='bbox 495 737 611 826; x_wconf 76' lang='lat' dir='ltr'>scripsi</span> <span class='ocrx_word' id='word_1_28' title='bbox 628 745 659 806; x_wconf 91' lang='lat' dir='ltr'>ct</span> <span class='ocrx_word' id='word_1_29' title='bbox 675 737 768 823; x_wconf 84' lang='lat' dir='ltr'>signo</span> <span class='ocrx_word' id='word_1_30' title='bbox 784 741 938 806; x_wconf 86' lang='lat' dir='ltr'>consueto</span> <span class='ocrx_word' id='word_1_31' title='bbox 956 739 1093 826; x_wconf 81' lang='lat' dir='ltr'>signavi.</span> 
     </span>
    </p>
   </div>
   <div class='ocr_carea' id='block_1_3' title="bbox 107 936 1241 1102">
    <p class='ocr_par' dir='ltr' id='par_1_3' title="bbox 107 936 1241 1102">
     <span class='ocr_line' id='line_1_6' title="bbox 107 936 1241 1001; baseline 0.003 -12"><span class='ocrx_word' id='word_1_32' title='bbox 107 939 249 1001; x_wconf 77' lang='lat' dir='ltr'>(Eredetie</span> <span class='ocrx_word' id='word_1_33' title='bbox 269 955 288 990; x_wconf 85' lang='lat' dir='ltr'>a</span> <span class='ocrx_word' id='word_1_34' title='bbox 306 937 385 990; x_wconf 73' lang='lat' dir='ltr'>becsi</span> <span class='ocrx_word' id='word_1_35' title='bbox 405 938 527 990; x_wconf 73' lang='lat' dir='ltr'>osaszari</span> <span class='ocrx_word' id='word_1_36' title='bbox 546 939 634 989; x_wconf 81' lang='lat' dir='ltr'>tithos</span> <span class='ocrx_word' id='word_1_37' title='bbox 653 937 835 989; x_wconf 69' lang='lat' dir='ltr'>levbltairban.</span> <span class='ocrx_word' id='word_1_38' title='bbox 866 936 892 986; x_wconf 85' lang='grc' dir='ltr'><strong>Δ</strong></span> <span class='ocrx_word' id='word_1_39' title='bbox 911 937 1077 989; x_wconf 68' lang='grc' dir='ltr'>δέΙιθΙιόῑόεῑ</span> <span class='ocrx_word' id='word_1_40' title='bbox 1095 937 1155 990; x_wconf 70' lang='lat' dir='ltr'>laad</span> <span class='ocrx_word' id='word_1_41' title='bbox 1187 941 1241 996; x_wconf 77' lang='lat' dir='ltr'>ok-</span> 
     </span>
     <span class='ocr_line' id='line_1_7' title="bbox 188 1027 1153 1102; baseline -0.004 -18"><span class='ocrx_word' id='word_1_42' title='bbox 188 1029 387 1102; x_wconf 76' lang='lat' dir='ltr'>manytaranu</span> <span class='ocrx_word' id='word_1_43' title='bbox 406 1030 469 1082; x_wconf 84' lang='lat' dir='ltr'>vn.</span> <span class='ocrx_word' id='word_1_44' title='bbox 488 1029 587 1096; x_wconf 78' lang='lat' dir='ltr'>ragyis</span> <span class='ocrx_word' id='word_1_45' title='bbox 607 1046 623 1082; x_wconf 89' lang='lat' dir='ltr'>a</span> <span class='ocrx_word' id='word_1_46' title='bbox 641 1029 679 1080; x_wconf 93' lang='lat'>11.</span> <span class='ocrx_word' id='word_1_47' title='bbox 699 1030 808 1094; x_wconf 81' lang='lat' dir='ltr'>iolyam</span> <span class='ocrx_word' id='word_1_48' title='bbox 829 1032 852 1079; x_wconf 79' lang='grc'>2.</span> <span class='ocrx_word' id='word_1_49' title='bbox 872 1027 1021 1082; x_wconf 72' lang='lat' dir='ltr'>kbteteben</span> <span class='ocrx_word' id='word_1_50' title='bbox 1043 1031 1102 1086; x_wconf 76' lang='grc'>149,</span> <span class='ocrx_word' id='word_1_51' title='bbox 1122 1031 1153 1094; x_wconf 89' lang='lat' dir='ltr'>l.)</span> 
     </span>
    </p>
   </div>
   <div class='ocr_carea' id='block_1_4' title="bbox 543 1335 813 1352">
    <p class='ocr_par' dir='ltr' id='par_1_4' title="bbox 543 1335 813 1352">
     <span class='ocr_line' id='line_1_8' title="bbox 543 1335 813 1352; baseline 0 0"><span class='ocrx_word' id='word_1_52' title='bbox 543 1335 813 1352; x_wconf 56' lang='lat' dir='ltr'><em>m</em></span> 
     </span>
    </p>
   </div>
   <div class='ocr_carea' id='block_1_5' title="bbox 642 1766 758 1838">
    <p class='ocr_par' dir='ltr' id='par_1_5' title="bbox 642 1766 758 1838">
     <span class='ocr_line' id='line_1_9' title="bbox 642 1766 758 1838; baseline 0.034 -4"><span class='ocrx_word' id='word_1_53' title='bbox 642 1766 720 1836; x_wconf 77' lang='lat'>235.</span> <span class='ocrx_word' id='word_1_54' title='bbox 756 1835 758 1838; x_wconf 83' lang='lat'>.</span> 
     </span>
    </p>
   </div>
   <div class='ocr_carea' id='block_1_6' title="bbox 114 1965 1242 2142">
    <p class='ocr_par' dir='ltr' id='par_1_6' title="bbox 114 1965 1242 2142">
     <span class='ocr_line' id='line_1_10' title="bbox 114 1965 1242 2057; baseline 0.002 -25"><span class='ocrx_word' id='word_1_55' title='bbox 114 1967 134 2032; x_wconf 81' lang='grc' dir='ltr'><em>Ι</em></span> <span class='ocrx_word' id='word_1_56' title='bbox 138 1967 169 2034; x_wconf 85' lang='lat' dir='ltr'>V.</span> <span class='ocrx_word' id='word_1_57' title='bbox 207 1967 299 2035; x_wconf 84' lang='lat' dir='ltr'>Be&#39;ta</span> <span class='ocrx_word' id='word_1_58' title='bbox 329 1965 442 2052; x_wconf 78' lang='lat' dir='ltr'>kiruily</span> <span class='ocrx_word' id='word_1_59' title='bbox 480 1965 605 2052; x_wconf 79' lang='lat' dir='ltr'>Vojsalo</span> <span class='ocrx_word' id='word_1_60' title='bbox 634 1967 794 2054; x_wconf 72' lang='lat' dir='ltr'>helyse&#39;pet</span> <span class='ocrx_word' id='word_1_61' title='bbox 825 1969 982 2054; x_wconf 73' lang='lat' dir='ltr'>tarpycao</span> <span class='ocrx_word' id='word_1_62' title='bbox 1008 1967 1242 2057; x_wconf 75' lang='lat' dir='ltr'>prr&#39;aitupr‘ama</span> 
     </span>
     <span class='ocr_line' id='line_1_11' title="bbox 334 2071 1012 2142; baseline 0.006 -4"><span class='ocrx_word' id='word_1_63' title='bbox 334 2071 454 2140; x_wconf 79' lang='lat' dir='ltr'>Obueak</span> <span class='ocrx_word' id='word_1_64' title='bbox 470 2071 608 2140; x_wconf 81' lang='lat' dir='ltr'>Ambrae</span> <span class='ocrx_word' id='word_1_65' title='bbox 623 2094 722 2139; x_wconf 84' lang='lat' dir='ltr'>cumea</span> <span class='ocrx_word' id='word_1_66' title='bbox 736 2078 896 2140; x_wconf 79' lang='lat' dir='ltr'>aadmdra.</span> <span class='ocrx_word' id='word_1_67' title='bbox 914 2073 1012 2142; x_wconf 70' lang='lat'><strong><em>1244.</em></strong></span> 
     </span>
    </p>
   </div>
   <div class='ocr_carea' id='block_1_7' title="bbox 113 2265 1241 4620">
    <p class='ocr_par' dir='ltr' id='par_1_7' title="bbox 113 2265 1241 4620">
     <span class='ocr_line' id='line_1_12' title="bbox 218 2265 1241 2357; baseline 0 -22"><span class='ocrx_word' id='word_1_68' title='bbox 218 2270 304 2336; x_wconf 84' lang='lat' dir='ltr'>Boia</span> <span class='ocrx_word' id='word_1_69' title='bbox 321 2268 383 2335; x_wconf 87' lang='lat' dir='ltr'>Dei</span> <span class='ocrx_word' id='word_1_70' title='bbox 399 2268 512 2352; x_wconf 81' lang='lat' dir='ltr'>gracia</span> <span class='ocrx_word' id='word_1_71' title='bbox 536 2265 715 2352; x_wconf 81' lang='lat' dir='ltr'>Hungarie,</span> <span class='ocrx_word' id='word_1_72' title='bbox 741 2266 922 2348; x_wconf 87' lang='lat' dir='ltr'>Dalmacio‚</span> <span class='ocrx_word' id='word_1_73' title='bbox 955 2267 1098 2357; x_wconf 84' lang='lat' dir='ltr'>Croaeie,</span> <span class='ocrx_word' id='word_1_74' title='bbox 1129 2271 1241 2354; x_wconf 71' lang='lat' dir='ltr'>Reme,</span> 
     </span>
     <span class='ocr_line' id='line_1_13' title="bbox 114 2373 1240 2463; baseline -0.002 -20"><span class='ocrx_word' id='word_1_75' title='bbox 114 2377 233 2462; x_wconf 82' lang='lat' dir='ltr'>Seruio,</span> <span class='ocrx_word' id='word_1_76' title='bbox 249 2375 406 2463; x_wconf 74' lang='lat' dir='ltr'>Gallicis,</span> <span class='ocrx_word' id='word_1_77' title='bbox 425 2373 626 2461; x_wconf 89' lang='lat' dir='ltr'>Lodomerie,</span> <span class='ocrx_word' id='word_1_78' title='bbox 645 2373 803 2444; x_wconf 79' lang='lat' dir='ltr'>Cumania</span> <span class='ocrx_word' id='word_1_79' title='bbox 819 2377 1038 2463; x_wconf 88' lang='lat' dir='ltr'>Buigarieque</span> <span class='ocrx_word' id='word_1_80' title='bbox 1053 2379 1122 2445; x_wconf 87' lang='lat' dir='ltr'>Rex</span> <span class='ocrx_word' id='word_1_81' title='bbox 1140 2376 1240 2442; x_wconf 90' lang='lat' dir='ltr'>omni·</span> 
     </span>
     <span class='ocr_line' id='line_1_14' title="bbox 113 2483 1240 2570; baseline -0.002 -18"><span class='ocrx_word' id='word_1_82' title='bbox 113 2487 168 2553; x_wconf 89' lang='lat' dir='ltr'>hus</span> <span class='ocrx_word' id='word_1_83' title='bbox 182 2485 309 2554; x_wconf 79' lang='lat' dir='ltr'>Christi</span> <span class='ocrx_word' id='word_1_84' title='bbox 327 2483 476 2552; x_wconf 88' lang='lat' dir='ltr'>fidelihus</span> <span class='ocrx_word' id='word_1_85' title='bbox 491 2489 677 2568; x_wconf 80' lang='lat' dir='ltr'>presentem</span> <span class='ocrx_word' id='word_1_86' title='bbox 694 2486 850 2569; x_wconf 86' lang='lat' dir='ltr'>paginam</span> <span class='ocrx_word' id='word_1_87' title='bbox 875 2483 1072 2570; x_wconf 86' lang='lat' dir='ltr'>inspecturis</span> <span class='ocrx_word' id='word_1_88' title='bbox 1101 2483 1240 2551; x_wconf 89' lang='lat' dir='ltr'>salutem</span> 
     </span>
     <span class='ocr_line' id='line_1_15' title="bbox 114 2590 1239 2678; baseline -0.001 -20"><span class='ocrx_word' id='word_1_89' title='bbox 114 2594 234 2662; x_wconf 88' lang='lat' dir='ltr'>iuuere</span> <span class='ocrx_word' id='word_1_90' title='bbox 250 2593 401 2662; x_wconf 83' lang='lat' dir='ltr'>salutari.</span> <span class='ocrx_word' id='word_1_91' title='bbox 425 2590 476 2658; x_wconf 87' lang='lat' dir='ltr'>Ad</span> <span class='ocrx_word' id='word_1_92' title='bbox 494 2591 714 2660; x_wconf 80' lang='lat' dir='ltr'>uniuersorum</span> <span class='ocrx_word' id='word_1_93' title='bbox 732 2591 888 2660; x_wconf 90' lang='lat' dir='ltr'>noticiam</span> <span class='ocrx_word' id='word_1_94' title='bbox 906 2599 1020 2660; x_wconf 86' lang='lat' dir='ltr'>tenore</span> <span class='ocrx_word' id='word_1_95' title='bbox 1035 2591 1239 2678; x_wconf 88' lang='lat' dir='ltr'>presencium</span> 
     </span>
     <span class='ocr_line' id='line_1_16' title="bbox 114 2699 1239 2788; baseline 0 -22"><span class='ocrx_word' id='word_1_96' title='bbox 114 2701 257 2769; x_wconf 83' lang='lat' dir='ltr'>uolumus</span> <span class='ocrx_word' id='word_1_97' title='bbox 275 2700 460 2788; x_wconf 82' lang='lat' dir='ltr'>peruenire,</span> <span class='ocrx_word' id='word_1_98' title='bbox 477 2699 652 2784; x_wconf 86' lang='lat' dir='ltr'>quodcum</span> <span class='ocrx_word' id='word_1_99' title='bbox 669 2699 806 2768; x_wconf 83' lang='lat' dir='ltr'>dilectus</span> <span class='ocrx_word' id='word_1_100' title='bbox 823 2707 856 2768; x_wconf 90' lang='lat' dir='ltr'>et</span> <span class='ocrx_word' id='word_1_101' title='bbox 872 2699 977 2770; x_wconf 88' lang='lat' dir='ltr'>fidelis</span> <span class='ocrx_word' id='word_1_102' title='bbox 994 2707 1105 2770; x_wconf 88' lang='lat' dir='ltr'>noster</span> <span class='ocrx_word' id='word_1_103' title='bbox 1121 2699 1239 2768; x_wconf 82' lang='lat' dir='ltr'>Comes</span> 
     </span>
     <span class='ocr_line' id='line_1_17' title="bbox 116 2805 1239 2896; baseline -0.002 -22"><span class='ocrx_word' id='word_1_104' title='bbox 116 2808 253 2877; x_wconf 84' lang='lat' dir='ltr'>Jaaohus</span> <span class='ocrx_word' id='word_1_105' title='bbox 269 2807 399 2896; x_wconf 86' lang='lat' dir='ltr'>Obnsh,</span> <span class='ocrx_word' id='word_1_106' title='bbox 429 2827 569 2876; x_wconf 79' lang='lat' dir='ltr'>unacum</span> <span class='ocrx_word' id='word_1_107' title='bbox 588 2805 688 2875; x_wconf 81' lang='lat' dir='ltr'>fratre</span> <span class='ocrx_word' id='word_1_108' title='bbox 705 2827 764 2874; x_wconf 91' lang='lat' dir='ltr'>suo</span> <span class='ocrx_word' id='word_1_109' title='bbox 781 2807 905 2874; x_wconf 82' lang='lat' dir='ltr'>Gemite</span> <span class='ocrx_word' id='word_1_110' title='bbox 922 2805 1091 2876; x_wconf 90' lang='lat' dir='ltr'>Omhrosio</span> <span class='ocrx_word' id='word_1_111' title='bbox 1116 2829 1138 2874; x_wconf 90' lang='lat' dir='ltr'>a</span> <span class='ocrx_word' id='word_1_112' title='bbox 1163 2814 1239 2874; x_wconf 89' lang='lat' dir='ltr'>tern-</span> 
     </span>
     <span class='ocr_line' id='line_1_18' title="bbox 116 2913 1235 3002; baseline -0.003 -19"><span class='ocrx_word' id='word_1_113' title='bbox 116 2935 188 2999; x_wconf 82' lang='lat' dir='ltr'>pore</span> <span class='ocrx_word' id='word_1_114' title='bbox 197 2916 386 3002; x_wconf 86' lang='lat' dir='ltr'>juuentutis</span> <span class='ocrx_word' id='word_1_115' title='bbox 402 2915 545 3002; x_wconf 89' lang='lat' dir='ltr'>ipsorum</span> <span class='ocrx_word' id='word_1_116' title='bbox 562 2917 655 2984; x_wconf 92' lang='lat' dir='ltr'>nobis</span> <span class='ocrx_word' id='word_1_117' title='bbox 673 2913 867 2983; x_wconf 80' lang='lat' dir='ltr'>adherentes</span> <span class='ocrx_word' id='word_1_118' title='bbox 893 2915 996 2982; x_wconf 87' lang='lat' dir='ltr'>malta</span> <span class='ocrx_word' id='word_1_119' title='bbox 1026 2915 1235 2982; x_wconf 86' lang='lat' dir='ltr'>seruiciorum</span> 
     </span>
     <span class='ocr_line' id='line_1_19' title="bbox 117 3021 1240 3110; baseline 0 -22"><span class='ocrx_word' id='word_1_120' title='bbox 117 3023 335 3108; x_wconf 86' lang='lat' dir='ltr'>inpenderunt</span> <span class='ocrx_word' id='word_1_121' title='bbox 350 3023 502 3110; x_wconf 80' lang='lat' dir='ltr'>insignia,</span> <span class='ocrx_word' id='word_1_122' title='bbox 529 3030 563 3091; x_wconf 90' lang='lat' dir='ltr'>et</span> <span class='ocrx_word' id='word_1_123' title='bbox 588 3024 622 3090; x_wconf 91' lang='lat' dir='ltr'>in</span> <span class='ocrx_word' id='word_1_124' title='bbox 654 3023 793 3092; x_wconf 90' lang='lat' dir='ltr'>diuersis</span> <span class='ocrx_word' id='word_1_125' title='bbox 826 3023 956 3090; x_wconf 85' lang='lat' dir='ltr'>fortune</span> <span class='ocrx_word' id='word_1_126' title='bbox 987 3023 1117 3090; x_wconf 86' lang='lat' dir='ltr'>casibus</span> <span class='ocrx_word' id='word_1_127' title='bbox 1148 3021 1240 3088; x_wconf 79' lang='lat' dir='ltr'>iuxta</span> 
     </span>
     <span class='ocr_line' id='line_1_20' title="bbox 118 3128 1238 3218; baseline 0.001 -26"><span class='ocrx_word' id='word_1_128' title='bbox 118 3139 219 3198; x_wconf 89' lang='lat' dir='ltr'>nostre</span> <span class='ocrx_word' id='word_1_129' title='bbox 235 3131 480 3216; x_wconf 87' lang='lat' dir='ltr'>beneplacitum</span> <span class='ocrx_word' id='word_1_130' title='bbox 495 3131 673 3200; x_wconf 81' lang='lat' dir='ltr'>voluntatis</span> <span class='ocrx_word' id='word_1_131' title='bbox 690 3151 848 3218; x_wconf 84' lang='lat' dir='ltr'>personas</span> <span class='ocrx_word' id='word_1_132' title='bbox 865 3137 896 3198; x_wconf 86' lang='lat' dir='ltr'>ot</span> <span class='ocrx_word' id='word_1_133' title='bbox 912 3149 964 3198; x_wconf 87' lang='lat' dir='ltr'>res</span> <span class='ocrx_word' id='word_1_134' title='bbox 977 3128 1117 3198; x_wconf 86' lang='lat' dir='ltr'>fideliter</span> <span class='ocrx_word' id='word_1_135' title='bbox 1141 3147 1238 3212; x_wconf 84' lang='lat' dir='ltr'>expo·</span> 
     </span>
     <span class='ocr_line' id='line_1_21' title="bbox 117 3237 1239 3326; baseline 0.002 -24"><span class='ocrx_word' id='word_1_136' title='bbox 117 3238 234 3306; x_wconf 81' lang='lat' dir='ltr'>suerint</span> <span class='ocrx_word' id='word_1_137' title='bbox 249 3246 283 3308; x_wconf 87' lang='lat' dir='ltr'>et</span> <span class='ocrx_word' id='word_1_138' title='bbox 299 3237 433 3324; x_wconf 88' lang='lat' dir='ltr'>deuote;</span> <span class='ocrx_word' id='word_1_139' title='bbox 460 3238 601 3306; x_wconf 78' lang='lat' dir='ltr'>maxime</span> <span class='ocrx_word' id='word_1_140' title='bbox 617 3247 728 3306; x_wconf 88' lang='lat' dir='ltr'>tamen</span> <span class='ocrx_word' id='word_1_141' title='bbox 759 3259 798 3306; x_wconf 87' lang='lat' dir='ltr'>eo</span> <span class='ocrx_word' id='word_1_142' title='bbox 828 3245 982 3326; x_wconf 86' lang='lat' dir='ltr'>tempore,</span> <span class='ocrx_word' id='word_1_143' title='bbox 1015 3256 1078 3320; x_wconf 87' lang='lat' dir='ltr'>qno</span> <span class='ocrx_word' id='word_1_144' title='bbox 1108 3237 1239 3304; x_wconf 79' lang='lat' dir='ltr'>Tartari</span> 
     </span>
     <span class='ocr_line' id='line_1_22' title="bbox 118 3343 1239 3432; baseline 0.005 -24"><span class='ocrx_word' id='word_1_145' title='bbox 118 3351 253 3412; x_wconf 91' lang='lat' dir='ltr'>nostrum</span> <span class='ocrx_word' id='word_1_146' title='bbox 270 3347 419 3432; x_wconf 83' lang='lat' dir='ltr'>Regnum</span> <span class='ocrx_word' id='word_1_147' title='bbox 436 3345 594 3414; x_wconf 75' lang='lat' dir='ltr'>hostiliter</span> <span class='ocrx_word' id='word_1_148' title='bbox 609 3347 833 3414; x_wconf 88' lang='lat' dir='ltr'>subintrarunt</span> <span class='ocrx_word' id='word_1_149' title='bbox 848 3346 882 3412; x_wconf 95' lang='lat' dir='ltr'>in</span> <span class='ocrx_word' id='word_1_150' title='bbox 899 3343 1109 3431; x_wconf 85' lang='lat' dir='ltr'>expedicione</span> <span class='ocrx_word' id='word_1_151' title='bbox 1124 3343 1239 3414; x_wconf 87' lang='lat' dir='ltr'>hahita</span> 
     </span>
     <span class='ocr_line' id='line_1_23' title="bbox 117 3450 1239 3539; baseline 0 -23"><span class='ocrx_word' id='word_1_152' title='bbox 117 3461 221 3519; x_wconf 86' lang='lat' dir='ltr'>eontra</span> <span class='ocrx_word' id='word_1_153' title='bbox 236 3459 366 3538; x_wconf 84' lang='lat' dir='ltr'>gentem</span> <span class='ocrx_word' id='word_1_154' title='bbox 382 3461 651 3539; x_wconf 85' lang='lat' dir='ltr'>prememoratam</span> <span class='ocrx_word' id='word_1_155' title='bbox 668 3454 762 3521; x_wconf 91' lang='lat' dir='ltr'>nobis</span> <span class='ocrx_word' id='word_1_156' title='bbox 779 3473 837 3538; x_wconf 89' lang='lat' dir='ltr'>pro</span> <span class='ocrx_word' id='word_1_157' title='bbox 872 3451 998 3520; x_wconf 89' lang='lat' dir='ltr'>uiribus</span> <span class='ocrx_word' id='word_1_158' title='bbox 1028 3450 1239 3519; x_wconf 85' lang='lat' dir='ltr'>laudabiliter</span> 
     </span>
     <span class='ocr_line' id='line_1_24' title="bbox 122 3553 1238 3648; baseline 0.005 -30"><span class='ocrx_word' id='word_1_159' title='bbox 122 3553 328 3645; x_wconf 87' lang='lat' dir='ltr'>dimicantos;</span> <span class='ocrx_word' id='word_1_160' title='bbox 345 3559 546 3648; x_wconf 89' lang='lat' dir='ltr'>postmodum</span> <span class='ocrx_word' id='word_1_161' title='bbox 564 3568 672 3628; x_wconf 89' lang='lat' dir='ltr'>autem</span> <span class='ocrx_word' id='word_1_162' title='bbox 690 3559 724 3627; x_wconf 92' lang='lat' dir='ltr'>in</span> <span class='ocrx_word' id='word_1_163' title='bbox 742 3561 878 3628; x_wconf 93' lang='lat' dir='ltr'>maioris</span> <span class='ocrx_word' id='word_1_164' title='bbox 890 3556 1238 3642; x_wconf 76' lang='lat' dir='ltr'>facultatisargumeu·</span> 
     </span>
     <span class='ocr_line' id='line_1_25' title="bbox 118 3665 1236 3754; baseline 0.004 -26"><span class='ocrx_word' id='word_1_165' title='bbox 118 3669 178 3731; x_wconf 92' lang='lat' dir='ltr'>tum</span> <span class='ocrx_word' id='word_1_166' title='bbox 192 3668 334 3753; x_wconf 88' lang='lat' dir='ltr'>proprijs</span> <span class='ocrx_word' id='word_1_167' title='bbox 351 3667 527 3736; x_wconf 82' lang='lat' dir='ltr'>commodis</span> <span class='ocrx_word' id='word_1_168' title='bbox 544 3675 576 3736; x_wconf 92' lang='lat' dir='ltr'>et</span> <span class='ocrx_word' id='word_1_169' title='bbox 594 3669 748 3754; x_wconf 84' lang='lat' dir='ltr'>expensis</span> <span class='ocrx_word' id='word_1_170' title='bbox 766 3687 866 3750; x_wconf 88' lang='lat' dir='ltr'>usque</span> <span class='ocrx_word' id='word_1_171' title='bbox 884 3665 1047 3733; x_wconf 88' lang='lat' dir='ltr'>maritima</span> <span class='ocrx_word' id='word_1_172' title='bbox 1078 3672 1154 3731; x_wconf 89' lang='lat' dir='ltr'>sunt</span> <span class='ocrx_word' id='word_1_173' title='bbox 1186 3686 1236 3733; x_wconf 87' lang='lat' dir='ltr'>so·</span> 
     </span>
     <span class='ocr_line' id='line_1_26' title="bbox 120 3773 1236 3860; baseline 0.004 -25"><span class='ocrx_word' id='word_1_174' title='bbox 120 3773 187 3852; x_wconf 87' lang='lat' dir='ltr'>euti,</span> <span class='ocrx_word' id='word_1_175' title='bbox 203 3775 324 3842; x_wconf 85' lang='lat' dir='ltr'>nostris</span> <span class='ocrx_word' id='word_1_176' title='bbox 340 3773 459 3860; x_wconf 82' lang='lat' dir='ltr'>utique</span> <span class='ocrx_word' id='word_1_177' title='bbox 476 3775 644 3860; x_wconf 88' lang='lat' dir='ltr'>obsequijs</span> <span class='ocrx_word' id='word_1_178' title='bbox 660 3775 779 3860; x_wconf 81' lang='lat' dir='ltr'>iugiter</span> <span class='ocrx_word' id='word_1_179' title='bbox 794 3774 990 3840; x_wconf 86' lang='lat' dir='ltr'>inherentes.</span> <span class='ocrx_word' id='word_1_180' title='bbox 1031 3773 1129 3840; x_wconf 89' lang='lat' dir='ltr'>Porro</span> <span class='ocrx_word' id='word_1_181' title='bbox 1162 3793 1236 3840; x_wconf 88' lang='lat' dir='ltr'>oum</span> 
     </span>
     <span class='ocr_line' id='line_1_27' title="bbox 120 3877 1238 3952; baseline 0.007 -12"><span class='ocrx_word' id='word_1_182' title='bbox 120 3877 217 3948; x_wconf 88' lang='lat' dir='ltr'>arlhuc</span> <span class='ocrx_word' id='word_1_183' title='bbox 233 3881 319 3949; x_wconf 85' lang='lat' dir='ltr'>idem</span> <span class='ocrx_word' id='word_1_184' title='bbox 337 3883 492 3952; x_wconf 90' lang='lat' dir='ltr'>bonorum</span> <span class='ocrx_word' id='word_1_185' title='bbox 509 3890 638 3950; x_wconf 83' lang='lat' dir='ltr'>actuum</span> <span class='ocrx_word' id='word_1_186' title='bbox 667 3883 827 3950; x_wconf 80' lang='lat' dir='ltr'>exercicia</span> <span class='ocrx_word' id='word_1_187' title='bbox 853 3881 954 3948; x_wconf 88' lang='lat' dir='ltr'>nullis</span> <span class='ocrx_word' id='word_1_188' title='bbox 987 3879 1238 3948; x_wconf 84' lang='lat' dir='ltr'>formidantibus</span> 
     </span>
     <span class='ocr_line' id='line_1_28' title="bbox 121 3985 1238 4075; baseline 0.002 -23"><span class='ocrx_word' id='word_1_189' title='bbox 121 3985 304 4075; x_wconf 80' lang='lat' dir='ltr'>ingressum,</span> <span class='ocrx_word' id='word_1_190' title='bbox 322 4009 416 4074; x_wconf 89' lang='lat' dir='ltr'>quem</span> <span class='ocrx_word' id='word_1_191' title='bbox 432 3996 546 4059; x_wconf 76' lang='lat' dir='ltr'>comba</span> <span class='ocrx_word' id='word_1_192' title='bbox 562 3989 692 4057; x_wconf 89' lang='lat' dir='ltr'>cosdem</span> <span class='ocrx_word' id='word_1_193' title='bbox 708 3989 865 4056; x_wconf 85' lang='lat' dir='ltr'>Tartaros</span> <span class='ocrx_word' id='word_1_194' title='bbox 882 3989 993 4073; x_wconf 88' lang='lat' dir='ltr'>sepius</span> <span class='ocrx_word' id='word_1_195' title='bbox 1004 3985 1186 4074; x_wconf 88' lang='lat' dir='ltr'>habuimus,</span> <span class='ocrx_word' id='word_1_196' title='bbox 1204 3987 1238 4054; x_wconf 92' lang='lat' dir='ltr'>in</span> 
     </span>
     <span class='ocr_line' id='line_1_29' title="bbox 122 4086 1237 4182; baseline 0.001 -22"><span class='ocrx_word' id='word_1_197' title='bbox 122 4111 177 4174; x_wconf 87' lang='lat' dir='ltr'>qno</span> <span class='ocrx_word' id='word_1_198' title='bbox 192 4096 331 4165; x_wconf 83' lang='lat' dir='ltr'>Jaeabus</span> <span class='ocrx_word' id='word_1_199' title='bbox 348 4095 449 4164; x_wconf 86' lang='lat' dir='ltr'>irater</span> <span class='ocrx_word' id='word_1_200' title='bbox 466 4095 609 4166; x_wconf 86' lang='lat' dir='ltr'>eiusdem</span> <span class='ocrx_word' id='word_1_201' title='bbox 627 4097 777 4163; x_wconf 85' lang='lat' dir='ltr'>Ambrosi</span> <span class='ocrx_word' id='word_1_202' title='bbox 795 4117 854 4182; x_wconf 93' lang='lat' dir='ltr'>pro</span> <span class='ocrx_word' id='word_1_203' title='bbox 869 4093 1017 4160; x_wconf 88' lang='lat' dir='ltr'>militioia</span> <span class='ocrx_word' id='word_1_204' title='bbox 1033 4091 1119 4182; x_wconf 85' lang='lat' dir='ltr'>(igy)</span> <span class='ocrx_word' id='word_1_205' title='bbox 1132 4086 1237 4178; x_wconf 80' lang='lat' dir='ltr'>Regni</span> 
     </span>
     <span class='ocr_line' id='line_1_30' title="bbox 121 4187 1238 4290; baseline 0.003 -25"><span class='ocrx_word' id='word_1_206' title='bbox 121 4206 213 4272; x_wconf 87' lang='lat' dir='ltr'>nostri</span> <span class='ocrx_word' id='word_1_207' title='bbox 229 4211 279 4272; x_wconf 93' lang='lat' dir='ltr'>est</span> <span class='ocrx_word' id='word_1_208' title='bbox 296 4205 521 4290; x_wconf 86' lang='lat' dir='ltr'>interemptus,</span> <span class='ocrx_word' id='word_1_209' title='bbox 538 4187 729 4271; x_wconf 82' lang='lat' dir='ltr'>Ambrosius</span> <span class='ocrx_word' id='word_1_210' title='bbox 747 4222 823 4270; x_wconf 89' lang='lat' dir='ltr'>nero</span> <span class='ocrx_word' id='word_1_211' title='bbox 840 4201 906 4268; x_wconf 85' lang='lat' dir='ltr'>sero</span> <span class='ocrx_word' id='word_1_212' title='bbox 924 4199 1067 4268; x_wconf 84' lang='lat' dir='ltr'>letaliter</span> <span class='ocrx_word' id='word_1_213' title='bbox 1077 4208 1129 4268; x_wconf 86' lang='lat' dir='ltr'>est</span> <span class='ocrx_word' id='word_1_214' title='bbox 1140 4201 1238 4268; x_wconf 87' lang='lat' dir='ltr'>wlue-</span> 
     </span>
     <span class='ocr_line' id='line_1_31' title="bbox 123 4306 1238 4397; baseline 0.005 -27"><span class='ocrx_word' id='word_1_215' title='bbox 123 4317 211 4381; x_wconf 86' lang='lat' dir='ltr'>ratus.</span> <span class='ocrx_word' id='word_1_216' title='bbox 233 4314 302 4380; x_wconf 86' lang='lat' dir='ltr'>Nos</span> <span class='ocrx_word' id='word_1_217' title='bbox 318 4309 416 4397; x_wconf 84' lang='lat' dir='ltr'>igitur</span> <span class='ocrx_word' id='word_1_218' title='bbox 434 4331 473 4378; x_wconf 86' lang='lat' dir='ltr'>ex</span> <span class='ocrx_word' id='word_1_219' title='bbox 491 4311 595 4378; x_wconf 78' lang='lat' dir='ltr'>atheio</span> <span class='ocrx_word' id='word_1_220' title='bbox 611 4310 728 4394; x_wconf 86' lang='lat' dir='ltr'>quibus</span> <span class='ocrx_word' id='word_1_221' title='bbox 745 4310 849 4395; x_wconf 84' lang='lat' dir='ltr'>Regio</span> <span class='ocrx_word' id='word_1_222' title='bbox 880 4306 1051 4394; x_wconf 86' lang='lat' dir='ltr'>dignitatis</span> <span class='ocrx_word' id='word_1_223' title='bbox 1082 4307 1238 4376; x_wconf 86' lang='lat' dir='ltr'>incumbit</span> 
     </span>
     <span class='ocr_line' id='line_1_32' title="bbox 123 4415 1234 4506; baseline 0.004 -27"><span class='ocrx_word' id='word_1_224' title='bbox 123 4417 218 4485; x_wconf 85' lang='lat' dir='ltr'>metiri</span> <span class='ocrx_word' id='word_1_225' title='bbox 233 4421 349 4487; x_wconf 84' lang='lat' dir='ltr'>merita</span> <span class='ocrx_word' id='word_1_226' title='bbox 366 4419 578 4506; x_wconf 76' lang='lat' dir='ltr'>singulorum,</span> <span class='ocrx_word' id='word_1_227' title='bbox 611 4426 643 4485; x_wconf 90' lang='lat' dir='ltr'>et</span> <span class='ocrx_word' id='word_1_228' title='bbox 658 4420 797 4504; x_wconf 80' lang='lat' dir='ltr'>singulis</span> <span class='ocrx_word' id='word_1_229' title='bbox 813 4437 871 4504; x_wconf 95' lang='lat' dir='ltr'>pro</span> <span class='ocrx_word' id='word_1_230' title='bbox 888 4415 1012 4483; x_wconf 88' lang='lat' dir='ltr'>meritis</span> <span class='ocrx_word' id='word_1_231' title='bbox 1027 4415 1234 4502; x_wconf 84' lang='lat' dir='ltr'>respondero,</span> 
     </span>
     <span class='ocr_line' id='line_1_33' title="bbox 123 4522 1234 4620; baseline 0 -28"><span class='ocrx_word' id='word_1_232' title='bbox 123 4541 302 4614; x_wconf 83' lang='lat' dir='ltr'>quamquam</span> <span class='ocrx_word' id='word_1_233' title='bbox 319 4547 377 4616; x_wconf 91' lang='lat' dir='ltr'>pro</span> <span class='ocrx_word' id='word_1_234' title='bbox 393 4526 518 4598; x_wconf 86' lang='lat' dir='ltr'>modico</span> <span class='ocrx_word' id='word_1_235' title='bbox 536 4532 719 4620; x_wconf 86' lang='lat' dir='ltr'>reputemus</span> <span class='ocrx_word' id='word_1_236' title='bbox 737 4525 881 4616; x_wconf 77' lang='lat' dir='ltr'>quotae</span> <span class='ocrx_word' id='word_1_237' title='bbox 899 4542 1033 4616; x_wconf 84' lang='lat' dir='ltr'>presens</span> <span class='ocrx_word' id='word_1_238' title='bbox 1064 4522 1127 4592; x_wconf 88' lang='lat' dir='ltr'>sibi</span> <span class='ocrx_word' id='word_1_239' title='bbox 1158 4522 1234 4596; x_wconf 82' lang='lat' dir='ltr'>saei·</span> 
     </span>
    </p>
   </div>
   <div class='ocr_carea' id='block_1_8' title="bbox 0 0 1554 5128">
    <p class='ocr_par' dir='ltr' id='par_1_8' title="bbox 0 0 1554 5128">
     <span class='ocr_line' id='line_1_34' title="bbox 0 0 1554 5128; baseline 0 0"><span class='ocrx_word' id='word_1_240' title='bbox 0 0 1554 5128; x_wconf 95' lang='lat' dir='ltr'> </span> 
     </span>
    </p>
   </div>
  </div>
 </body>
</html>
