3080 5146
570 369 730 468 jep-

82 562 249 631 eonditam
266 569 300 631 et
316 563 495 651 fundatam,
513 564 585 632 urbi
602 563 793 632 catharensi
810 561 947 647 eiusque
963 559 1121 630 territorio
1130 561 1220 630 benc

81 677 245 756 precatus,
271 671 474 738 confirmavit
489 671 554 739 illis
569 671 811 759 possessionem
828 671 970 738 omnium
987 671 1151 737 hortorum
1182 675 1216 736 et

82 777 263 864 uinearum,
290 796 372 861 quas
398 777 590 845 obtinebant
605 779 640 844 in
655 778 752 865 pagis
768 778 902 845 Lustiua
919 782 952 842 et
968 775 1156 864 Pariglava,
1183 781 1216 841 et

80 883 115 949 iu
129 884 288 952 universa
304 884 448 970 planicie
473 905 575 969 usque
606 887 650 952 ad
682 887 762 954 dnos
793 886 834 954 de
866 883 1011 968 Garhagl
1041 889 1216 969 porrecta;

81 993 227 1077 itemque
242 993 383 1058 omnium
401 1013 553 1076 agrorum
570 1012 672 1078 usque
688 990 731 1060 ad
748 1012 839 1058 oram
854 989 1064 1058 maritimam.
1087 991 1128 1056 Et
1144 1011 1211 1058 ma-

82 1096 200 1164 ledixit
215 1098 403 1184 cuicumque
419 1099 489 1166 sire
505 1100 588 1184 Regi
605 1101 675 1168 sire
690 1100 853 1185 dynastae
878 1099 914 1164 in
945 1105 1123 1184 aeternum,
1154 1101 1210 1182 qui

84 1226 165 1272 suae
179 1205 342 1274 uoluntati
358 1225 483 1291 suoque
498 1209 621 1294 scripto
637 1205 874 1274 adversaretur.
913 1207 981 1274 Nos
997 1207 1112 1288 itaque
1135 1213 1211 1289 post

84 1313 202 1379 lectum
218 1311 456 1397 diligenterque
471 1333 666 1400 perpensum
682 1313 829 1400 diploma
846 1319 879 1380 et
909 1311 1099 1378 mandatum
1130 1313 1214 1380 eius·

84 1418 157 1484 dem
173 1419 271 1502 Regis
287 1417 422 1504 Georgii
438 1419 550 1488 fausta
565 1420 689 1508 precati
706 1439 828 1506 sumus,
861 1438 1098 1506 precamurque
1128 1419 1211 1486 Urbi

84 1525 286 1611 Gatharensi,
305 1528 439 1611 eiusque
455 1529 561 1595 vineis
578 1534 676 1612 atquo
691 1529 805 1615 hortis,
822 1526 1106 1612 quospossidetin
1117 1527 1211 1612 pagis

87 1633 234 1701 Lustr'zae
250 1639 283 1700 et
297 1633 504 1720 Periglavae,
522 1643 554 1702 et
570 1635 605 1700 in
621 1633 762 1718 planicie
777 1653 877 1719 supra
895 1633 985 1700 dieta
1000 1634 1033 1699 iu
1046 1641 1213 1702 aeternum

90 1750 121 1807 et
134 1741 171 1810 in
185 1741 353 1808 saeculum
369 1741 502 1810 sacculi.
520 1743 634 1810 Amen.

188 1847 279 1914 Haec
295 1848 543 1916 Gathareusium
559 1849 694 1935 propria
709 1849 946 1918 essevolumus
980 1855 1013 1916 ct
1042 1849 1210 1934 iuhemus,

90 1956 161 2021 etsi
176 1955 249 2040 quis
264 1975 304 2022 ea
321 1975 479 2042 occupare
511 1961 542 2022 et
572 1958 615 2023 ab
648 1977 758 2025 eorum
776 1957 996 2042 'possessione
1028 1955 1209 2025 distrahere

90 2064 213 2149 audeat,
241 2063 316 2130 huic
340 2062 561 2132 maledicimus
593 2070 625 2132 ct
657 2065 834 2132 anathema
863 2065 1092 2150 inpreoamur3
1116 2079 1212 2148 quem

91 2176 248 2254 tamquam
264 2169 460 2256 proditorem
478 2172 631 2257 Corporis
648 2173 769 2242 Christi
785 2193 896 2240 omnes
913 2171 1043 2238 oderint
1058 2191 1098 2238 ac
1123 2171 1211 2239 dete-

92 2283 215 2346 alentur.

187 2387 259 2470 Ego
275 2385 430 2453 Silvester
455 2383 561 2453 seriha
592 2385 653 2453 hoe
685 2405 812 2454 sacrum
843 2383 989 2472 diploma
1019 2385 1090 2470 ipso
1122 2387 1212 2470 Rege

92 2491 224 2559 dictante
241 2513 280 2559 ac
296 2491 438 2579 iubente,
451 2494 595 2576 itemque
610 2493 681 2560 eius
697 2493 861 2570 fratribus,
880 2513 955 2560 mea
970 2513 1069 2558 manu
1085 2493 1212 2578 scripsi,

95 2605 125 2664 et
138 2599 222 2667 iussu
237 2599 382 2667 eiusdem
399 2601 498 2684 Regis
513 2601 548 2667 in
573 2620 689 2667 manus
713 2600 834 2668 tradidi
864 2603 976 2669 Mauro
1007 2609 1039 2667 et
1072 2600 1208 2670 Medoso

93 2706 328 2775 honorabilibus
344 2707 489 2792 patriciis
506 2714 538 2775 et
553 2709 673 2792 legatis
689 2707 874 2776 Communis
892 2709 1120 2794 Gatharensis;
1143 2729 1209 2794 quo

94 2811 212 2896 quidem
227 2813 405 2899 diplomate
421 2815 627 2882 confirmatur
643 2815 847 2901 privilegium
858 2817 956 2905 Regis
968 2815 1111 2904 Georgii,
1121 2817 1209 2902 quod

93 2919 182 2987 iidem
197 2919 412 2988 Gatharenses
437 2921 569 3007 patricii
598 2923 779 2990 attulerunt
810 2921 854 2990 ad
886 2922 1052 2990 domiuum
1082 2925 1205 3009 Regem

93 3025 309 3112 Radoslavum,
342 3027 474 3111 eiusque
489 3027 608 3095 fratres
626 3026 851 3097 Vladislavum
868 3035 901 3096 et
924 3028 1105 3098 Urosoium.
1146 3028 1209 3108 oui

95 3133 248 3201 cumillud
263 3133 472 3220 priuilegium
490 3137 645 3221 scriptum
672 3157 758 3204 anno
791 3143 866 3222 post
899 3136 1062 3204 christum
1093 3143 1207 3204 natum

96 3239 208 3308 sexu.
224 3241 334 3309 idibus
351 3240 489 3326 Augusti
504 3263 618 3310 rerum
636 3249 669 3309 et
685 3243 868 3327 legitimum
886 3263 958 3310 esse
974 3255 1208 3330 cognoverunt,

98 3353 126 3412 et
139 3355 236 3415 ratum
252 3349 437 3416 hahuerunt
453 3358 485 3417 et
510 3351 682 3418 firmarunt
711 3351 801 3419 hisce
833 3351 963 3438 litteris,
989 3370 1071 3436 quas
1087 3369 1149 3437 ego
1168 3373 1209 3420 cx

97 3455 284 3523 mandato'et
299 3456 493 3524 auctoritate
508 3456 629 3524 domini
646 3459 710 3526 mei
726 3458 827 3541 Regis
844 3465 876 3524 et
893 3457 1031 3524 fratrum
1048 3457 1116 3525 eius
1132 3480 1206 3527 mea

97 3580 184 3630 mauu
198 3562 324 3649 scripsi,
341 3561 480 3647 dedique
497 3565 632 3632 Arasiae
648 3564 701 3633 die
718 3564 845 3633 decima
860 3565 881 3632 J
884 3565 941 3632 ulii
957 3586 1043 3634 auno
1067 3568 1110 3633 ah
1135 3571 1207 3635 ortu

97 3665 211 3736 Domini
226 3669 365 3758 MOOL,
383 3675 415 3738 et
429 3690 502 3738 meo
519 3679 672 3740 consueto
689 3673 781 3757 signo
799 3673 980 3756 obsignari.

195 3776 379 3864 Stephanus
395 3778 602 3848 Radoslarus
618 3779 679 3846 Dei
695 3779 803 3865 gratia
819 3781 889 3846 Rex
906 3777 1040 3848 Servios
1067 3787 1098 3848 et
1124 3781 1211 3851 Orae

102 3878 275 3954 llaritimae.

192 3993 323 4062 Domini
339 3994 547 4062 vladislavus
563 4001 595 4062 et
610 3993 778 4063 Urosoius‘.

292 4191 422 4255 (rursu,
442 4191 588 4255 ulysseum
607 4190 723 4242 sacrum
742 4193 790 4243 vr.
810 4191 870 4244 ket.
890 4193 953 4242 roo.
971 4157 1002 4252 rs)

195 4745 291 4787 ΙΟΙῦΙ.
307 4751 390 4792 ΙΙΠΙῦ.
408 4752 478 4792 nur.
497 4762 535 4773 -·
553 4753 625 4791 mm
642 4753 687 4793 Π.
