3120 5148
642 957 696 1024 87.

116 1153 154 1217 II.
177 1154 282 1218 Eudae
299 1153 484 1238 kirdlyaok
500 1155 611 1220 aazia
628 1157 758 1242 helysei]
773 1157 970 1242 udomdaydt
983 1159 1142 1244 tc'rpyozo'
1163 1157 1239 1240 pri-

219 1263 391 1349 videqiumu
416 1262 535 1326 Taruda
550 1265 677 1348 opidani
685 1263 829 1348 fdiopa'n
844 1267 1003 1329 ezdmdrc.
1021 1261 1118 1330 1216.

211 1459 247 1522 ln
286 1459 418 1524 nomine
458 1458 577 1525 Sancte
607 1457 779 1524 ‘trinitatis
810 1466 842 1524 et
874 1459 1045 1524 Indiuidue
1077 1457 1233 1526 Unitatis.

110 1561 252 1631 Andreas
277 1565 341 1630 Dei
368 1565 483 1649 gracia
513 1565 692 1652 Hungarie,
720 1564 895 1650 Dalmatio,
928 1565 1091 1652 Ohroatie,
1123 1567 1234 1653 Rame,

111 1670 226 1756 Seruio,
242 1671 373 1756 Gaiitie,
390 1670 645 1756 Lodomerieque
660 1673 729 1738 Rex
747 1671 780 1736 in
797 1679 999 1757 perpetuum.
1034 1671 1113 1738 (ivm
1131 1675 1233 1759 Regia

108 1777 313 1846 Ceisitndiuis
330 1778 556 1846 munificencia
571 1780 671 1847 nullis
688 1780 835 1848 terminia
851 1786 1023 1866 coartetur,
1040 1779 1097 1848 scd
1113 1783 1235 1868 optima

111 1891 141 1954 in
156 1885 301 1975 Principe
319 1885 463 1953 donandi
481 1905 633 1956 mensura
665 1887 859 1954 inmensitus
884 1886 1043 1954 iudicetur
1058 1913 1066 1956 ι
1082 1891 1236 1975 precipua

111 2005 213 2064 amen
229 2001 280 2062 est
294 2013 375 2079 erga
388 1997 473 2062 bene
488 1995 619 2062 meritos
635 1995 881 2080 circumspectio
897 1995 1096 2077 adhibenda,
1112 2017 1152 2064 ne
1162 1998 1235 2081 quis

110 2104 192 2190 apud
205 2104 298 2170 illum
316 2103 369 2170 sui
385 2103 509 2171 laboris
525 2105 653 2188 premio
670 2101 890 2190 defraudetur,
907 2103 963 2187 qui
979 2123 1038 2171 suo
1057 2103 1234 2172 liberalita-

109 2215 146 2279 tis
159 2211 319 2280 beneficia
335 2211 432 2277 etiam
448 2210 493 2277 ad
509 2219 681 2279 extraneos
710 2231 813 2294 usque
844 2210 1018 2298 protendit.
1057 2211 1139 2280 Inde
1171 2218 1233 2299 ost,

107 2322 187 2404 qnod
202 2318 295 2387 fideli
312 2326 423 2385 nostro
438 2317 563 2385 Thema
579 2319 696 2386 comiti
712 2319 880 2407 Nytricnsi
897 2322 939 2386 ob
955 2317 1146 2386 continuum
1175 2339 1233 2386 suc

107 2429 268 2495 fidelitatis
284 2425 452 2494 seruitium
467 2431 500 2494 et
524 2425 667 2510 iusignia
692 2427 890 2514 meritorum,
923 2433 1042 2494 terram
1069 2427 1234 2512 quandam

109 2537 210 2603 Βοιθιι
226 2535 370 2620 nomine,
387 2554 449 2618 qne
466 2532 511 2600 ad
526 2535 678 2600 Castrum
695 2535 891 2602 Posoniouse
907 2537 1103 2622 pertinebat,
1136 2535 1234 2604 certis

110 2645 199 2711 metis
214 2642 359 2727 undique
375 2662 396 2708 a
411 2641 714 2710 circumiacentibus
730 2643 825 2710 terris
843 2642 1042 2726 distinctam,
1059 2643 1121 2712 sibi
1134 2650 1166 2710 et
1177 2663 1233 2731 per

108 2771 175 2818 eum
193 2751 263 2818 suis
280 2749 457 2818 heredibus
473 2749 543 2816 iure
570 2758 727 2836 perpetuo
759 2753 956 2818 contulimus
987 2751 1233 2838 possidendam,

108 2869 136 2927 et
151 2881 208 2944 per
223 2857 403 2928 Pothonem
419 2865 497 2924 tunc
508 2857 669 2927 Comitem
687 2857 917 2925 Posoniensem
933 2859 1039 2944 ipsum
1056 2861 1090 2926 in
1106 2879 1233 2945 posscs-

107 2971 226 3036 sionem
242 2966 388 3034 eiusdem
403 2973 489 3033 terre
505 2963 642 3034 fecimus
658 2963 835 3051 introduci;
852 2965 908 3050 qui
924 2965 967 3032 ad
984 2973 1087 3036 metas
1105 2968 1233 3036 elenan-

106 3078 164 3144 das
181 3076 430 3160 circumquaque
447 3075 609 3159 quendam
626 3093 718 3142 soum
733 3073 1016 3142 contubornarium
1043 3073 1235 3158 Gregorium

107 3185 232 3252 nomine
247 3181 433 3250 destinauit.
450 3182 538 3250 Mete
555 3189 662 3250 autem
679 3181 741 3250 hoe
756 3180 868 3250 ordine
885 3181 1236 3268 disponunturzPrima

107 3299 191 3359 mete
216 3296 268 3356 est
293 3295 393 3375 caput
417 3287 560 3373 Zolose;
585 3288 661 3358 iude
692 3287 785 3356 uadit
815 3287 858 3354 ad
888 3288 1021 3356 fluuium
1053 3287 1233 3374 Hylyunit;

107 3397 241 3467 aenaim
256 3401 365 3463 antem
382 3395 544 3483 Hylyunit
558 3393 664 3463 tendit
690 3395 841 3484 superins
874 3396 917 3464 ad
949 3395 1113 3480 quandam
1146 3395 1233 3464 uiam

108 3505 304 3572 diuidentem
320 3510 441 3571 terram
456 3503 533 3571 uilie
562 3504 658 3592 Mhyr
689 3525 709 3570 a
739 3511 836 3591 terra,
866 3523 963 3589 qoam
998 3503 1085 3571 dicto
1117 3502 1235 3572 Oomiti

107 3615 227 3682 Thome
243 3611 483 3698 concessimus,
509 3617 543 3678 et
559 3631 618 3697 per
634 3610 771 3681 eandem
789 3613 877 3678 niam
893 3610 996 3678 tendit
1027 3611 1069 3678 ad
1100 3612 1235 3680 fluuium

105 3721 240 3804 Bistrio;
265 3727 297 3788 et
314 3738 371 3804 per
385 3718 514 3806 Bystrio
530 3718 637 3787 tendit
652 3721 802 3805 superius
827 3738 930 3805 usque
954 3717 998 3786 ad
1029 3719 1146 3807 locum,
1177 3721 1233 3788 ubi

109 3829 209 3896 dictus
225 3829 357 3916 Bystrie
372 3826 531 3895 scinditur
547 3829 581 3894 in
598 3827 681 3896 duas
696 3833 819 3915 partes,
838 3833 871 3893 et
885 3847 944 3912 per
968 3825 1137 3894 sinistram
1164 3849 1235 3914 par·

109 3945 168 4003 tem
183 3935 290 4004 tendit
305 3937 454 4022 superins
471 3955 573 4020 usquc
589 3936 633 4003 ad
648 3943 765 4022 caput;
792 3957 812 4002 a
828 3955 892 4020 quo
908 3935 978 4003 ioco
996 3937 1158 4003 transiens
1176 3956 1235 4022 per

111 4044 245 4110 mediam
263 4043 351 4110 uiam
369 4043 490 4110 Jablan
507 4045 597 4111 acuit
613 4041 657 4110 ad
672 4043 758 4110 uiam
776 4043 886 4126 Misie;
905 4043 1109 4110 attendendo
1120 4059 1234 4128 parum

108 4151 250 4236 superius
267 4169 326 4236 per
341 4151 479 4216 eandem
497 4149 585 4218 uiam
601 4149 745 4218 declinat
760 4149 803 4217 ad
819 4151 985 4218 sinistram
1014 4148 1147 4216 dimissa
1175 4151 1234 4217 illa

110 4261 169 4348 nia,
184 4269 216 4327 et
232 4257 277 4326 ibi
295 4265 347 4326 est
365 4266 451 4324 meta
467 4259 600 4342 lignca;
626 4279 726 4344 aqna
751 4257 981 4327 descendendo
1012 4257 1160 4342 peruenit
1191 4257 1233 4320 ad

110 4373 199 4452 caput
212 4365 303 4456 fluuij
323 4365 476 4452 Luthynt,
495 4367 550 4449 qui
575 4373 708 4452 separat
733 4366 913 4453 predictam
944 4373 1064 4430 terram
1096 4383 1116 4428 a
1148 4369 1236 4430 terra

109 4473 178 4541 ville
193 4471 368 4554 itur-duna
393 4477 426 4539 et
441 4491 499 4559 per
524 4473 646 4540 dictum
673 4473 819 4561 Lathyut
850 4470 1075 4540 descendendo
1107 4471 1236 4538 venitur

100 4583 146 4649 ad
161 4582 327 4668 quandam
342 4581 438 4668 viam,
457 4601 519 4664 que
533 4582 589 4648 oia
606 4581 769 4650 transiens
785 4601 842 4667 per
858 4588 995 4668 pratum,
1012 4580 1098 4666 quod
1115 4579 1235 4646 dieitur
