3098 5132
136 1159 141 1164 ,
252 1059 347 1150 ‚utta
362 1075 792 1168 pertemptasset
822 1079 853 1144 e
883 1075 1030 1164 natet,
1059 1076 1224 1146 teuent·
1254 1076 1406 1146 munet

251 1189 343 1274 finit,
369 1210 408 1254 aa
432 1185 555 1274 erdelyi
578 1184 706 1254 sadsrelt
735 1184 808 1250 ledat
838 1181 1210 1270 addkedtezmttyeltteo
1240 1188 1405 1257 mutasti.

782 1291 881 1358 1231.

369 1487 450 1555 Btla
465 1486 528 1552 Dei
544 1485 659 1572 gratia
672 1483 745 1552 Rex
754 1483 991 1570 primogenitus
1001 1483 1102 1568 Regis
1112 1483 1281 1568 Hungarie
1292 1485 1404 1552 omni-

257 1599 323 1666 ·itns
338 1599 505 1682 presentes
521 1594 649 1661 litteras
664 1591 860 1678 inspentnris
876 1591 1018 1660 salntem
1032 1589 1068 1658 in
1083 1590 1233 1656 Domino.
1280 1590 1402 1659 Gloria

263 1705 298 1772 in
313 1700 461 1770 Exeelsis
477 1685 556 1786 D'eo,
572 1704 605 1767 et
618 1700 654 1766 iu
670 1705 758 1768 terra
773 1701 859 1770 bone
874 1697 1054 1766 uoluntatis
1070 1695 1253 1766 bominibus
1264 1717 1336 1784 pax
1364 1699 1403 1766 in

267 1818 355 1878 terra
369 1807 551 1894 nuntietur,
569 1827 667 1894 quum
684 1807 792 1874 illuxit
807 1805 879 1874 dies
896 1803 1135 1891 redemptionis
1152 1804 1401 1894 Hungtrornm,

257 1913 519 1985 restaurationis
536 1914 710 1999 dignitatis
725 1914 839 1999 Regio,
856 1912 1076 1980 renotationis
1086 1910 1247 1980 libertatis
1258 1911 1401 2000 Corone,

265 2024 480 2094 Beatissimns
496 2023 564 2090 Rex
594 2021 780 2109 Stephanus
812 2021 855 2088 sd
887 2018 1173 2090 inmereistibilem
1205 2019 1294 2086 enim
1326 2021 1402 2090 vite

267 2143 378 2202 eterne
393 2133 589 2199 transiturus
605 2129 751 2216 gloriam,
769 2128 951 2197 defensioni
966 2127 1069 2194 Beate
1094 2125 1239 2209 Virginis
1271 2132 1398 2194 terram

267 2242 496 2326 Hungarornm
510 2239 625 2306 merito
640 2237 887 2323 tonmendanit;
904 2238 982 2321 quia
999 2237 1069 2304 eius
1085 2231 1237 2320 precibus
1254 2235 1401 2302 etinten-

258 2355 362 2416 uentn
378 2346 420 2413 de
435 2365 559 2413 merore
572 2345 616 2412 ad
630 2343 783 2430 letitiam,
802 2344 842 2410 de
867 2343 1022 2411 semitnte
1053 2342 1097 2408 ad
1128 2341 1314 2407 libertatem
1346 2350 1402 2410 est

265 2454 437 2522 translate.
455 2454 523 2520 Nos
538 2453 639 2536 igitur
654 2453 715 2520 snb
731 2451 937 2537 protectione
953 2447 1100 2519 eiusdem
1116 2447 1307 2536 militantes,
1319 2450 1402 2518 dum

257 2581 326 2649 per
341 2558 463 2626 Diuine
478 2557 706 2645 inspirationis
721 2559 868 2644 gratiam
884 2559 1053 2626 voluntate
1077 2557 1182 2643 patris
1213 2557 1328 2642 nostri,
1362 2565 1397 2626 et

267 2674 392 2735 maturo
408 2665 590 2752 prinoipem
608 2671 694 2733 torre
710 2671 819 2734 nostre
835 2664 971 2734 oonsilio
987 2663 1123 2733 inutiles
1150 2668 1182 2732 et
1212 2664 1400 2749 superfluas

269 2775 478 2858 donationes,
509 2793 573 2858 que
588 2773 672 2841 falso
688 2774 818 2840 nomine
833 2773 1068 2860 perpetuitates
1093 2769 1311 2860 appellantur,
1342 2774 1401 2844 de·

257 2890 462 2951 strueremus
479 2881 579 2966 positi
595 2882 629 2947 iu
647 2882 879 2949 Transiluanis
894 2881 1055 2968 partibus,
1081 2877 1193 2946 fideles
1208 2887 1241 2944 et
1256 2877 1400 2952 dilettos

267 2989 391 3057 milites
408 2995 543 3058 nostros
553 2987 701 3056 Saxones
718 2989 966 3077 Vitrasilnanos,
976 2987 1169 3056 conrardum
1181 2991 1213 3053 et
1222 2987 1399 3058 Danielem

267 3097 352 3166 filios
368 3095 527 3164 Johnnnir
543 3097 665 3184 Latini,
682 3096 739 3182 qui
754 3095 849 3164 nobis
866 3095 1003 3164 fideliter
1018 3115 1079 3163 sua
1094 3113 1224 3180 semper
1239 3095 1274 3160 in
1293 3098 1401 3163 omni-

265 3205 326 3271 bus
343 3203 561 3272 exhibuerunt
577 3204 717 3272 seruitia
732 3210 799 3271 tum
816 3201 966 3288 diligenti
982 3201 1187 3287 anneximns,
1203 3201 1290 3286 qnod
1315 3223 1401 3287 qna·

265 3319 338 3378 tuor
353 3311 449 3378 villas
466 3331 585 3392 eorum,
603 3310 729 3378 seilitet
744 3310 857 3378 villtm
868 3309 952 3378 Albe
962 3311 1118 3395 Etelesie,
1135 3309 1249 3376 villam
1259 3310 1399 3378 Homns·

265 3425 370 3504 potot,
385 3417 497 3484 villam
514 3418 680 3506 Ssrpotoe,
696 3419 808 3487 villam
822 3418 988 3503 Latinam,
1019 3437 1080 3487 net
1095 3438 1161 3485 non
1193 3421 1226 3482 et
1256 3419 1399 3504 populos

266 3523 441 3606 eorundem
458 3524 499 3591 de
515 3524 598 3594 villa
616 3524 715 3612 Oplid
739 3527 781 3594 eb
812 3526 900 3594 omni
930 3525 1069 3594 tollente
1099 3525 1325 3615 absolnimns;
1347 3529 1400 3597 ita

265 3632 353 3718 quod
369 3651 430 3698 net
445 3633 564 3700 nostris
581 3634 822 3722 tolltttoribus,
838 3654 899 3702 net
916 3634 1047 3721 populis
1064 3633 1287 3702 Stibiensibns
1299 3634 1400 3703 tolle·

266 3744 353 3806 etam
368 3741 570 3825 persoluent,
586 3761 647 3808 nee
664 3744 852 3810 tollettores
868 3741 968 3810 villas
984 3743 1127 3826 ipsorum
1145 3742 1267 3808 intrare
1292 3745 1399 3810 nostri

266 3854 530 3934 presumpmtnt3
555 3849 614 3916 sed
631 3851 806 3918 eonstituto
824 3849 973 3936 termino,
988 3848 1023 3915 id
1048 3856 1098 3916 est
1123 3849 1210 3915 tirta
1234 3847 1397 3916 Natiuita-

265 3962 330 4021 tem
346 3955 478 4021 Domini
493 3965 667 4024 teneantur
682 3959 777 4024 nobis
795 3957 884 4025 diele
900 3957 976 4026 ville
992 3956 1130 4024 militum
1156 3964 1223 4024 tres
1249 3957 1396 4039 fertones

258 4059 338 4130 anri
352 4064 541 4148 persoluere
557 4072 748 4150 annuatym.
784 4068 836 4133 Ita
854 4065 939 4150 quod
955 4069 1086 4151 propter
1101 4063 1198 4131 istam
1215 4063 1397 4149 specialem

148 4199 156 4218 ·
266 4167 464 4237 solutionem
481 4173 619 4256 populos
635 4173 677 4238 ab
694 4173 781 4239 omni
798 4173 998 4240 absoluimus
1015 4171 1216 4256 grauamine
1242 4173 1315 4240 Hot
1330 4193 1398 4242 non

264 4276 549 4363 pretermittentes,
567 4277 652 4364 quod
668 4280 799 4366 qnando
816 4280 848 4347 in
865 4280 1041 4348 exereitum
1058 4279 1307 4366 profitisenntnr
1322 4279 1399 4366 ipse

259 4383 320 4450 uel
336 4383 393 4449 filii
411 4383 492 4482 eius,
509 4385 542 4452 in
560 4405 638 4454 usus
655 4407 766 4455 eorum
783 4386 924 4456 tolletta
940 4385 1027 4455 ditte
1053 4385 1191 4473 peennie
1217 4385 1399 4471 redigetur.

259 4489 310 4556 Vt
325 4488 425 4575 igitur
440 4497 553 4558 nostre
568 4491 706 4562 donatio
723 4494 764 4564 ds
779 4495 952 4581 generetis
967 4494 1001 4562 in
1019 4494 1269 4580 generationem
1294 4495 1398 4566 salua
