3208 5158
693 931 767 1000 386.

160 1133 222 1202 IV.
240 1137 325 1202 Boia
340 1133 459 1219 kirdly‚
488 1131 607 1198 Mittor
621 1132 784 1214 martti,
808 1155 829 1197 a
843 1129 955 1218 quetis·
969 1141 1127 1198 monaster
1143 1133 1296 1221 ridjogdt

163 1244 302 1326 alveolo,
332 1242 459 1329 heigette
475 1240 637 1328 Samoga
654 1243 686 1305 tr
701 1241 834 1306 Momad
849 1239 1046 1326 tdyotqetee
1071 1239 1135 1306 odo
1165 1242 1296 1307 adorno·

613 1370 737 1436 nyoaso
759 1349 854 1416 1265.

161 1547 263 1610 (Emi
282 1546 460 1612 Okmanytir
477 1547 527 1598 IV.
546 1545 604 1598 kot.
624 1547 667 1598 4⁷.
686 1545 705 1596 l.
738 1545 828 1598 Nohai
852 1543 929 1596 seth
957 1543 1066 1610 Kiroly
1092 1543 1296 1610 kizlsmimys.)

599 1833 866 1844 ...-—-—----—

697 2388 772 2457 387.

166 2588 228 2655 IV.
246 2589 327 2654 Belo
341 2587 521 2674 ttrotynat
535 2611 557 2652 o
572 2587 703 2654 Rotond
717 2589 899 2654 salooooioi
914 2587 977 2652 boire
995 2611 1011 2654 s
1027 2590 1156 2656 Fartus
1171 2591 1205 2656 ts
1220 2589 1298 2656 Ger·-

375 2697 447 2783 9eig
463 2697 615 2762 eomes-sit
629 2695 717 2761 torti
731 2695 979 2761 birtoltosere'ril.
1005 2697 1103 2762 1265.

278 2891 360 2959 Belo
375 2892 439 2960 Dei
453 2891 566 2976 graoia
582 2890 760 2976 Hungoris‚
791 2891 975 2976 Dalmeoie,
1008 2893 1152 2978 Groaeie,
1184 2895 1298 2983 Reme,

168 3000 295 3086 Seruio,
311 2996 460 3086 Gallieie,
477 2998 669 3066 Lodomerio
686 2998 904 3083 Gumanieque
919 2999 990 3065 Rex
1007 3000 1156 3067 omnibus
1165 3021 1299 3086 presens

168 3106 327 3193 seriptum
343 3107 541 3193 inspeeturis
557 3108 697 3174 salutem
714 3107 748 3172 in
765 3126 804 3173 eo
820 3107 875 3188 qui
890 3112 941 3173 est
956 3107 1045 3174 salus
1070 3107 1222 3175 omnium.
1247 3109 1299 3175 Ad

167 3215 397 3283 uniuersorum
413 3214 570 3282 notioiam
587 3215 702 3280 herum
718 3213 805 3280 serie
821 3214 971 3280 uolumus
988 3215 1158 3300 peruenire
1174 3240 1183 3280 ε
1213 3217 1300 3299 quod

167 3321 341 3392 Rorondus
357 3321 468 3389 Bonus
485 3322 587 3389 tocius
603 3321 777 3390 Solanonie
793 3321 933 3390 dileetus
950 3329 981 3388 et
999 3321 1104 3391 fidelis
1119 3333 1231 3392 noster
1253 3325 1297 3391 ab

167 3452 235 3498 una
250 3437 357 3517 parte,
375 3429 551 3510 Fareasius
568 3431 682 3500 Comes
707 3435 738 3496 et
755 3428 942 3512 Gregorius,
964 3430 1051 3497 filius
1081 3430 1227 3498 eiusdem
1258 3431 1300 3499 de

169 3538 314 3622 Zagatis
329 3559 370 3604 ex
386 3539 500 3622 altera,
517 3558 625 3605 eoram
641 3539 734 3610 nobis
750 3538 963 3623 personaliter
980 3541 1208 3628 competendo,
1226 3561 1299 3609 eon·

168 3645 332 3714 oambium
348 3665 406 3713 seu
422 3647 711 3714 commutacionem
727 3644 914 3739 huiusmodi
930 3646 1015 3712 inter
1030 3667 1067 3714 se
1082 3647 1200 3716 feoisse
1216 3657 1300 3718 retu-

171 3755 279 3820 lerunt
295 3782 302 3816 ι
319 3751 408 3836 quod
423 3753 510 3820 idem
526 3753 697 3820 Rorendus
713 3753 825 3821 Bonus
842 3759 942 3820 totum
957 3760 1077 3821 terram
1110 3775 1202 3823 susm
1234 3758 1300 3825 exi-

168 3865 311 3928 stentem
326 3860 361 3926 in
377 3860 520 3946 Zagaria
535 3859 693 3946 Vyvduor
706 3869 868 3948 uooetsm,
884 3882 926 3928 ex
943 3869 1056 3930 nostro
1071 3863 1248 3933 collacione
1266 3873 1300 3934 ot

169 3990 334 4039 consensu
350 3969 517 4037 karissimi
534 3969 592 4054 filij
610 3970 712 4038 nostri
728 3971 807 4038 Belo
823 3971 924 4039 Duois
941 3990 1137 4058 possessam,
1151 3993 1214 4056 que
1230 3975 1301 4058 qui·

169 4079 245 4145 dem
261 4079 368 4164 primo
385 4077 492 4144 fuerat
507 4075 657 4162 Gregorii
673 4077 732 4143 tilii
748 4078 921 4162 Abrsmus,
947 4100 1020 4146 oum
1036 4081 1251 4168 pertinenoiJs
1268 4089 1300 4148 et

168 4183 370 4253 vtilitotibus
387 4187 456 4253 suis
473 4185 630 4272 omnibus,
661 4185 751 4252 dedit
766 4192 798 4254 et
813 4187 996 4271 assignarit
1010 4185 1166 4273 predictis
1182 4185 1301 4258 Gomiti

170 4293 331 4360 Faroasio
347 4300 381 4360 et
397 4293 567 4379 Gregorio,
583 4313 624 4360 oo
640 4313 748 4361 eorum
766 4294 939 4363 heredibus
956 4301 1114 4382 perpetuo
1132 4305 1164 4364 et
1179 4297 1301 4367 irreuo·

170 4400 321 4468 osbiiitar
352 4401 606 4487 possidendom3
629 4401 752 4487 prefati
783 4421 860 4469 vero
892 4403 1033 4472 Comites
1064 4403 1240 4473 Farossius
1269 4414 1302 4474 et

169 4506 351 4594 Gregorius
367 4511 402 4575 in
433 4509 657 4578 oonoambium
688 4529 748 4578 seu
779 4512 1069 4579 commutacionem
1098 4509 1184 4580 diote
1214 4519 1302 4581 terre

167 4635 279 4683 omnes
298 4615 472 4700 porciones
491 4637 599 4687 eorum
615 4616 833 4687 hereditarias
848 4619 883 4686 in
899 4621 993 4688 terris
1012 4619 1138 4688 soilioet
1157 4618 1302 4688 Simoni·
