3164 5154
654 327 815 430 Aa„

165 521 334 597 fidelitatis
350 524 560 613 experieneia
575 533 607 594 et
623 525 787 594 exhibicio
802 521 990 594 deuocionis
1006 523 1161 593 continua
1187 517 1298 609 gracie

167 645 277 705 nosue
292 634 401 704 reddit
416 635 670 702 commendatos.
693 633 909 701 Attendentes
939 633 1050 719 itaque
1081 635 1176 702 oculo
1205 631 1296 699 beni·

169 745 284 830 gniore
298 745 518 812 sinceritatem
533 761 572 809 ae
588 743 798 812 deuoeiouem
816 742 927 811 dilecti
943 747 976 811 et
990 742 1097 810 fidelis
1112 739 1215 810 nostri
1238 740 1296 807 Go-

167 853 253 921 mitis
284 851 513 936 merulonei,
544 859 645 919 totam
670 856 788 918 terram
804 851 1021 936 pertinentem
1040 849 1082 918 ad
1100 849 1296 916 Comitatum

167 961 309 1048 Medma,
325 981 397 1028 eum
414 959 623 1044 pertinenciJ's
638 966 671 1026 et
687 957 763 1026 totis
794 957 965 1043 reditibus,
996 958 1028 1024 ei
1058 965 1091 1026 et
1122 957 1296 1026 heredibus

165 1069 232 1137 suis
247 1069 318 1135 iure
333 1067 529 1138 hereditario
544 1067 736 1135 contulimus
762 1067 928 1154 perpetuis
957 1065 1159 1153 temporibus
1190 1065 1294 1154 possi-

166 1173 319 1244 dendam.
333 1175 407 1242 ‘lali
422 1175 587 1262 paccionis
604 1175 805 1242 interuentu:
817 1173 902 1260 quod
918 1177 1163 1260 prenominatus
1179 1171 1296 1242 (lomes

165 1279 199 1350 in
214 1283 359 1352 exercitu
374 1281 565 1350 Serenitatis
583 1282 700 1350 Nostra
715 1281 803 1348 inira
818 1281 936 1350 limites
952 1282 1056 1366 Regni
1089 1281 1191 1349 nostri
1221 1301 1294 1347 cum

167 1391 278 1459 decem
303 1391 415 1458 loricis
445 1390 479 1458 in
511 1391 811 1474 compensacionem
844 1388 987 1474 suscepti
1018 1389 1166 1476 bunedeij
1200 1387 1296 1456 nobis

167 1499 322 1585 assistat3
344 1501 437 1566 extra
452 1501 596 1582 Regnum
613 1517 689 1565 uero
706 1517 777 1563 cum
794 1503 932 1580 quatuor
963 1497 1073 1564 loricis
1103 1495 1199 1564 nobis
1230 1515 1296 1563 ser-

167 1607 256 1692 uiat;
280 1613 392 1674 tamen
408 1606 468 1672 tali
484 1613 627 1694 tempore
641 1607 759 1673 citatus
776 1605 896 1693 reniet,
913 1604 946 1672 in
963 1603 1025 1690 q'uo
1042 1603 1204 1672 exercitus
1218 1601 1295 1669 Oro·

168 1714 237 1780 acie
253 1733 295 1780 ex
309 1709 462 1800 precepto
477 1715 580 1800 Regio
596 1713 826 1781 uniuersaliter
841 1713 884 1779 ad
900 1712 1078 1782 exercitum
1093 1711 1190 1780 fuerit
1216 1731 1292 1779 cou-

168 1829 313 1890 uooatus.
338 1823 404 1889 Sub
421 1823 483 1890 hac
498 1843 624 1907 quoque
640 1820 840 1890 condicionis
857 1821 962 1887 forma
987 1819 1154 1888 includere
1184 1817 1293 1887 deere-

167 1929 281 2016 uimus,
297 1928 385 2014 quod
400 1929 509 1996 sliam
524 1929 632 1998 dictus
648 1931 763 1997 Comes
794 1928 920 2012 absquo
951 1929 1043 2015 prole
1074 1925 1296 2012 ingrederetur

168 2034 255 2102 mam
271 2037 381 2104 carnis
397 2037 559 2124 uniuersa,
584 2057 665 2104 vans
697 2058 738 2104 ex
769 2035 849 2122 filijs
879 2037 1016 2102 fratrum
1048 2035 1151 2120 ipsius
1182 2033 1296 2100 eodem

170 2151 265 2227 pacto
281 2145 512 2212 consensionis
527 2152 637 2212 nostre
665 2147 838 2212 obseruate
865 2143 926 2212 sub
943 2143 1074 2210 'Noslre
1106 2140 1295 2209 serenitatis

166 2248 309 2318 dominio
325 2258 443 2318 terram
459 2253 635 2337 banquille
650 2251 817 2338 possideat
832 2245 864 2330 e
878 2250 998 2334 quiete.
1021 2253 1071 2319 De
1086 2257 1195 2316 cetero
1205 2249 1295 2316 volu·

174 2376 253 2441 mus,
269 2365 303 2424 et
316 2360 422 2444 Regia
437 2360 630 2427 auctoritate
645 2360 855 2444 decredimus,
871 2357 958 2444 quod
974 2378 1085 2426 omnes
1100 2356 1246 2424 homines
1262 2355 1295 2422 in

169 2469 258 2532 terra
273 2465 335 2533 illa
350 2466 440 2536 nullo
455 2468 587 2536 Judicio
602 2473 711 2536 astare
727 2473 905 2556 teneamur,
937 2465 1000 2534 nisi
1030 2473 1186 2553 tempore,
1218 2463 1296 2532 dum

171 2573 299 2642 scilieet
313 2573 425 2642 Bonus
442 2575 476 2643 in
493 2597 534 2644 ea
549 2583 636 2643 terra
650 2575 756 2662 fuerit,
773 2573 927 2660 quamdiu
943 2594 1080 2661 presens
1096 2573 1203 2661 inerit,
1219 2570 1288 2639 iudi

171 2680 269 2748 candi
300 2681 422 2750 babeat
451 2691 664 2770 potestatem;
697 2683 862 2750 seduliae
894 2703 950 2751 eos
983 2681 1200 2750 determinare
1229 2701 1295 2746 uon

178 2789 276 2858 aciat.
300 2791 421 2860 Verum
438 2799 558 2878 tamen,
575 2792 604 2859 si
620 2793 777 2860 Dominus
793 2811 913 2878 eorum,
939 2791 981 2859 de
1010 2789 1196 2858 bominibus
1227 2789 1295 2857 suis

168 2897 369 2984 aduersarijs
384 2919 494 2967 eorum
509 2899 670 2968 iusticiam
687 2903 797 2967 fauere
813 2899 965 2983 uoluerit,
995 2911 1028 2967 et
1057 2899 1189 2985 querela
1218 2905 1297 2964 ante

168 3006 293 3072 &num
310 3007 505 3092 peruenerit,
520 3028 580 3094 pro
594 3007 781 3075 hominibus
796 3007 863 3075 suis
877 3007 913 3074 in
929 3007 997 3074 solo
1014 3008 1072 3074 tali
1103 3027 1183 3074 casu
1215 3015 1294 3072 ante

170 3115 295 3180 Banum
312 3121 484 3183 teneantur
498 3116 705 3202 respondere.
739 3115 775 3181 si
791 3124 900 3182 autem
931 3133 1010 3202 sepe
1042 3115 1148 3182 dictus
1180 3113 1296 3182 Comes

169 3213 237 3289 cum
256 3227 305 3289 tot
321 3222 441 3308 loricis,
461 3230 538 3307 quot
553 3224 587 3290 in
603 3223 822 3291 conueneione
837 3223 982 3310 suscepit
999 3243 1035 3290 se
1067 3221 1295 3310 exhibiturum,

167 3327 207 3395 ad
222 3329 400 3398 exereitum
416 3338 562 3400 nostrum
577 3353 642 3399 non
673 3333 811 3419 venerit,
843 3339 876 3398 et
905 3329 1088 3398 constiterit
1117 3329 1295 3398 Serenitati

165 3437 289 3524 Nostra,
306 3457 365 3522 per
380 3439 561 3525 pigriciam,
576 3447 634 3507 aut
648 3439 804 3506 incuriam
821 3445 853 3504 et
868 3438 1105 3522 negligenciam
1123 3458 1216 3504 suum
1241 3438 1289 3504 la·

165 3551 251 3611 etum
266 3567 351 3634 esse,
366 3547 410 3615 ad
426 3549 608 3635 proximum
623 3553 810 3632 sequentem
829 3546 1004 3614 exercitum
1021 3545 1197 3631 duplicatis
1213 3544 1290 3613 lori-

166 3648 380 3738 eis'aecedat3
404 3655 458 3722 vel
473 3661 551 3739 quot
566 3655 675 3724 loricis
691 3654 820 3742 deleuit,
837 3654 872 3720 iu
889 3653 954 3722 alio
986 3653 1130 3720 exercito
1159 3651 1290 3720 totidem

163 3769 393 3848 recompenset.
417 3764 459 3828 Vt
475 3784 552 3848 ergo
566 3763 664 3830 huius
681 3768 793 3829 nostre
810 3761 999 3828 donacionis
1025 3759 1146 3854 pagina
1172 3779 1290 3846 perpe-

163 3875 222 3934 tue
237 3869 396 3938 firmitatis
412 3871 510 3938 robur
525 3871 680 3955 obtineat,
697 3878 729 3937 et
745 3869 832 3954 quod
848 3868 928 3936 nulli
945 3868 1053 3952 liceat,
1070 3865 1176 3936 eidem
1192 3866 1292 3934 doua-

165 3975 253 4044 cioni
268 3977 440 4064 quicquam
457 3979 647 4046 subtrahere
663 3989 719 4046 aut
734 3979 891 4063 minuere,
924 3975 1090 4062 ymaginis
1121 3983 1230 4044 nostre
1261 3977 1294 4042 in

167 4103 266 4150 aurea
283 4085 376 4152 bulla
392 4087 608 4172 impressione
626 4086 759 4154 fecimus
776 4083 975 4152 communiri.
1015 4084 1138 4149 Datum
1155 4103 1213 4168 per
1230 4103 1295 4149 ma-

167 4209 231 4256 nue
246 4193 406 4278 Catapani
423 4195 575 4263 Albensis
592 4193 754 4280 Prepesiti
779 4191 949 4276 Hungarie
976 4189 1174 4274 cancellarij
1206 4211 1292 4258 anno
1321 4193 1330 4212 '

165 4297 409 4369 incarnacionis
424 4301 558 4368 Domini
574 4301 745 4370 millesimo
761 4299 936 4368 centesimo
952 4297 1165 4382 nonagesimo
1180 4299 1293 4364 tercio.

166 4405 352 4476 Venerabili
366 4409 430 4478 Job
462 4408 677 4493 strigoniensi
708 4407 962 4492 Archiepiscopo
994 4405 1165 4492 existente,
1193 4403 1295 4472 Saule

166 4511 336 4584 colocensi
352 4515 616 4603 Arcbiepiscopo,
635 4517 764 4584 Kalauo
780 4511 1120 4600 Quinqueeeelesiensi
1131 4512 1296 4600 Episcopo

163 4625 196 4690 et
214 4620 326 4692 eodem
340 4627 510 4696 Dalmacie
527 4631 559 4695 et
575 4625 707 4698 Oroe'eie
724 4625 957 4722 Gubernatore,
990 4621 1140 4712 Crispino
1167 4621 1292 4694 Chana-
