3098 5132
624 303 786 401 2³3..

149 503 314 585 temperet
329 499 522 566 inoououssa
546 506 747 584 permaneat,
779 497 1002 566 oonoessionis
1027 503 1135 566 nostre
1152 497 1278 565 seriem·

147 604 238 674 scribi
254 604 391 673 fecimus
407 605 518 690 sigillo
549 612 659 672 nostro
689 605 889 672 roborantes.
928 603 1050 672 Datum
1080 623 1137 689 per
1153 625 1269 672 manus

148 712 272 798 Mathye
316 711 480 797 Propositi
527 709 758 794 Zagrabiensis
806 712 882 778 aule
921 711 1052 796 nostre}
1072 709 1268 796 Oanoeltarij

150 841 228 888 auno
243 817 378 886 Domini
393 817 495 886 M⁰CG
502 816 643 884 ⁰XXX⁰I
651 830 671 906 ⁰,
704 819 789 885 Pons
804 819 1069 904 Tauarnioorum,
1096 816 1186 885 Chae
1202 819 1268 885 Da·

149 927 324 1010 piterorum,
355 929 443 994 Posa
459 925 526 992 tilio
543 927 654 993 Solum
670 924 869 1010 Aguratum,
902 923 1062 992 Michaele
1079 924 1146 992 tilio
1172 924 1268 1012 Opud

151 1034 375 1102 Pinoernsrum
390 1033 558 1118 Magistris
575 1033 805 1122 existentibus3
828 1031 917 1101 lea
933 1031 1034 1102 fratre
1058 1033 1168 1099 Ratolt
1191 1032 1272 1098 Wo·
1320 1107 1322 1115 y

149 1141 283 1228 yawoda
299 1143 523 1210 Transiluano
539 1143 708 1209 existente.

151 1339 252 1398 (htvtn
270 1341 360 1407 iijabb
392 1340 545 1405 kirtlynak
577 1339 688 1391 insu-ki
720 1340 890 1406 megerostm
921 1339 1116 1404 okmdnydbdl,
1149 1341 1223 1406 moly
1255 1357 1272 1392 a

369 1429 455 1481 budai
474 1429 527 1480 hir.
547 1429 676 1480 kamarai
688 1428 865 1478 lovelttrban
885 1429 1038 1491 driztetik.)

575 1713 842 1725 --—--—-—

677 2248 750 2315 165.

156 2445 199 2512 Aa
214 2449 281 2534 eqni
295 2445 521 2532 iodptolounolo
538 2447 817 2533 hizouyscipleoeie,
833 2446 915 2530 hopy
942 2445 1049 2510 Bothe
1074 2467 1170 2511 comos
1195 2445 1274 2512 Leo·

298 2554 373 2639 pelei
388 2560 472 2617 neoti
487 2553 700 2636 birtokdtfiai
716 2553 787 2617 tuat
794 2551 990 2639 felooztotto.
1025 2551 1121 2618 1231.

253 2749 322 2815 Nos
340 2747 454 2816 Oomes
471 2749 592 2836 Symon
609 2749 651 2814 de
666 2749 799 2830 Rozgon
816 2749 924 2816 Judex
950 2748 1045 2815 Ourie
1072 2748 1192 2816 domiui
1223 2747 1272 2816 Si·

157 2853 310 2936 gismundi
326 2857 388 2923 Dei
404 2855 519 2940 gracia
534 2857 754 2923 Romanorum
771 2857 871 2939 Regis
888 2856 1023 2943 Semper
1054 2855 1203 2942 Augusti,
1236 2875 1275 2923 ao

158 2960 318 3048 Huugarie
335 2971 395 3030 ete.
417 2964 520 3049 Regis
538 2963 653 3030 damus
669 2984 729 3050 pro
745 2962 911 3047 memorio,
927 2965 1015 3047 quod
1039 2963 1215 3030 Peibardns
1233 2963 1273 3030 de

159 3069 378 3138 ilrdewthelek
394 3091 453 3158 pro
469 3070 572 3138 nobili
589 3071 722 3137 dominu
738 3071 834 3136 Anna
850 3075 966 3138 vocata
993 3089 1064 3136 oum
1092 3077 1276 3156 procurato-

160 3177 209 3260 rijs
225 3179 339 3246 litteris
356 3179 497 3264 Capituli
515 3179 663 3246 sceleste
687 3178 858 3262 Agriensis
885 3181 947 3246 stb.
979 3177 1013 3243 in
1045 3175 1171 3244 ootauis
1201 3177 1275 3246 testi

159 3281 241 3352 Beati
257 3287 375 3354 Jaeobi
390 3287 541 3371 Apostoli
566 3286 600 3351 iu
631 3287 735 3368 figura
767 3287 870 3352 nostri
902 3284 1023 3370 Judioij
1057 3285 1285 3371 comparendu-

159 3401 261 3461 eontra
277 3392 448 3461 Nioolaum
465 3397 497 3460 et
513 3391 716 3479 Stephanum
742 3393 828 3460 filios
853 3393 943 3460 Petri
973 3393 1032 3479 filij
1066 3393 1204 3480 Kylinni
1235 3393 1276 3462 de

159 3495 308 3588 hengeld
325 3501 520 3568 adulterum
538 3499 736 3586 Stephanum
754 3501 854 3567 filium
886 3501 982 3567 Pauli
1014 3499 1055 3567 de
1087 3499 1211 3588 eadem,
1244 3509 1276 3570 et

160 3605 287 3676 Panium
303 3607 403 3673 filium
419 3606 507 3674 Petri
524 3607 691 3692 Wayuode
709 3607 750 3674 de
766 3609 871 3676 Vereb
888 3608 1056 3695 proposuit
1086 3629 1126 3677 eo
1158 3608 1274 3676 modo:

160 3717 237 3797 quod
252 3716 329 3803 ipsa
344 3715 478 3781 domina
493 3713 590 3781 Anna
605 3736 741 3782 eonsors
758 3735 819 3783 aua
834 3723 922 3784 esset
937 3717 1008 3783 tilia
1032 3717 1149 3802 prefati
1180 3715 1274 3785 Nioo·

159 3819 251 3891 laide
266 3823 387 3891 thha
404 3845 446 3890 ex
461 3823 563 3890 nobili
580 3821 712 3890 domina
726 3823 897 3890 Eliaabeth
914 3830 1034 3890 vooata
1060 3824 1129 3890 fitia
1160 3826 1279 3895 nobilis

160 3929 280 4000 domine
296 3933 389 4017 Baga
405 3939 532 4016 vocate,
552 3931 616 3999 filie
632 3931 792 3999 iohannis
807 3931 864 4020 filij
883 3931 1015 3998 Martini
1034 3931 1075 3998 de
1090 3933 1179 3998 diota
1194 3933 1277 4002 Len·

163 4040 229 4125 geid
246 4047 442 4128 propagata,
459 4039 651 4126 prefatoque
668 4037 800 4108 domina
816 4039 986 4106 Elisabeth
1002 4059 1143 4107 vnaeum
1159 4041 1277 4109 nohili-

161 4144 213 4214 bus
228 4147 423 4216 dominabus
440 4147 551 4214 Katha
568 4147 637 4215 filia
651 4145 809 4234 Stephani
825 4147 881 4232 filij
900 4146 1033 4215 Martini
1059 4146 1101 4215 do
1131 4149 1280 4232 Longeid

162 4253 190 4320 in
204 4255 362 4324 uniuersis
372 4255 503 4341 juribus
519 4255 783 4340 possessionariis
801 4255 937 4323 condam
969 4253 1093 4323 domini
1117 4255 1276 4343 Stephani

164 4360 306 4433 Custodia
322 4363 564 4450 Strigouiensis,
590 4372 622 4432 et
639 4363 770 4449 Georgij
789 4363 939 4432 cantoris
970 4361 1142 4448 Agriensis
1172 4363 1283 4431 hioele-

163 4469 285 4558 siamm,
301 4491 360 4540 nee
375 4493 440 4540 non
458 4471 603 4557 religiosi
620 4471 682 4540 viri
697 4471 807 4540 fratris
821 4471 962 4540 Emerioi
979 4471 1020 4538 de
1040 4466 1163 4538 Ordine
1182 4471 1283 4540 Here·

163 4579 305 4647 mitarum
320 4579 433 4648 Sanoti
447 4577 544 4649 Pauli
555 4601 612 4667 per
622 4579 759 4648 oondsm
770 4579 935 4648 dominum
945 4579 1145 4648 Lodouieum
1156 4579 1288 4664 Regem
