3098 5132
851 923 924 990 137.

318 1123 398 1188 Bc‘lo
413 1121 517 1210 ptjcbt
534 1119 708 1208 kirdlynuk
725 1123 876 1206 Araoyos
900 1121 1033 1186 Viocze'o
1049 1121 1176 1207 Erdely
1196 1122 1226 1188 Τ
1224 1124 1320 1188 ordei
1330 1127 1458 1209 meyye'-

305 1231 413 1316 jeten,
430 1236 508 1316 πόρῃ
525 1229 617 1295 celte
641 1231 800 1315 tcirppazo
823 1229 1010 1313 adomdoya
1044 1253 1082 1294 az
1113 1233 1299 1319 contorqueri
1331 1235 1455 1316 cpyhciz

739 1341 901 1404 szcimdrc.
929 1339 1024 1404 1227.

424 1531 507 1600 Belo
538 1530 602 1598 Dei
633 1531 746 1616 gracie
777 1533 849 1598 Rex-
878 1533 1113 1618 primogenitus
1145 1535 1251 1618 Regni
1283 1532 1456 1617 Hungurie

315 1639 466 1708 omnibus
480 1637 597 1708 Christi
618 1637 772 1708 fidelibus
788 1647 855 1708 tum
873 1640 1082 1726 presentibus
1099 1660 1198 1724 quam
1231 1639 1350 1707 futuris
1384 1659 1457 1726 pre

316 1765 394 1816 oens
410 1745 605 1832 inspecturis
621 1747 760 1815 salutem
777 1753 810 1815 et
826 1745 981 1830 greciam.
999 1747 1078 1816 Cum
1096 1747 1255 1834 Ecclesia,
1272 1766 1336 1830 qne
1348 1756 1456 1815 meter

320 1862 370 1922 est
385 1854 538 1942 omnium,
554 1872 612 1940 por
629 1855 755 1940 Regum
771 1890 814 1904 -
834 1891 879 1904 -
894 1853 1017 1924 debent
1036 1855 1229 1940 sublimeri5
1253 1854 1297 1922 ad
1320 1855 1455 1922 uniuer-

317 1983 424 2031 sorum
440 1963 594 2032 noticinm
609 1963 761 2030 volumus
778 1962 962 2048 peruenire,
991 1963 1081 2047 quod
1112 1984 1182 2032 cnm
1217 1962 1455 2047 Strigoniensis

316 2069 477 2157 Ecclesia,
492 2072 570 2156 quie
585 2071 628 2138 eb
644 2071 729 2156 ipss,
748 2075 906 2154 tunquam
924 2091 945 2136 e
963 2078 1067 2138 matre
1082 2077 1263 2138 ceterarum
1288 2077 1322 2136 et
1348 2072 1456 2155 magi·

318 2182 395 2262 stro,
412 2177 635 2248 ecclesiastice
651 2177 835 2264 recepimus
854 2181 1072 2264 sacramento,
1084 2178 1455 2263 prerogatiuuguudero
1538 2259 1539 2264 Ἰ

317 2286 436 2354 debent
450 2283 596 2372 speciali,
617 2285 838 2354 concessimus
855 2284 899 2352 cd
916 2284 1113 2371 peticionem
1139 2285 1276 2352 fratrum
1302 2284 1454 2353 ciusdem

317 2393 463 2462 Ecclesis
478 2393 511 2460 in
527 2389 764 2460 Ultrceiluenis
783 2393 932 2478 pertibus
950 2400 1088 2478 quatuor
1104 2394 1290 2462 mensiones
1306 2403 1454 2460 cestren·
1538 2433 1539 2442 ι

315 2501 401 2568 sium
416 2501 450 2566 in
467 2498 579 2586 predic
596 2499 783 2588 eorundem,
800 2500 887 2585 quod
904 2499 1032 2568 Oranus
1048 2499 1350 2587 Wineeppeliotur,
1369 2517 1453 2568 com-
1538 2493 1539 2502 '

316 2613 490 2694 morantes,
507 2613 540 2674 et
556 2605 600 2674 au
616 2606 816 2675 Oomitutnm
832 2607 941 2674 Turde
966 2615 1162 2693 spectantes,
1194 2607 1319 2676 scilicet
1352 2607 1454 2674 Bicce

315 2723 352 2782 et
366 2714 439 2802 Nel,
455 2733 526 2782 cum
543 2714 622 2802 elijs
639 2713 763 2782 dnobus
782 2713 880 2797 sociju
898 2735 1018 2802 eorum,
1035 2723 1070 2782 ut
1086 2715 1171 2782 dicte
1181 2713 1454 2783 Ecclesiesecnn-

318 2823 394 2890 dum
410 2841 503 2890 suum
518 2821 705 2892 libertatem
721 2821 895 2889 seruirent.
921 2821 963 2888 Vt
980 2829 1089 2890 eutem
1105 2822 1165 2892 hec
1181 2830 1291 2892 nostre
1319 2842 1455 2891 conces·

316 2931 366 2996 sio
382 2929 609 3016 irretractabilj
627 2928 777 3014 gaudent
795 2929 960 3016 libertate,
977 2949 1037 2998 nec
1048 2931 1256 3015 perclicuius
1268 2931 1453 3016 suggestio-

319 3059 391 3107 nem
408 3038 512 3124 possit
527 3039 560 3106 in
576 3037 701 3105 irritum
717 3038 881 3124 reuocari,
897 3039 1023 3106 littores
1039 3045 1169 3106 nostras
1195 3045 1365 3124 presentes
1393 3038 1452 3106 Oe·

316 3149 421 3234 pitulo
437 3147 656 3215 concessimus
672 3145 777 3213 nostri
793 3144 899 3230 sigilli
915 3145 1093 3214 munimine
1109 3147 1290 3215 roboratus.
1329 3147 1452 3214 Datum

317 3277 375 3339 per
390 3273 505 3323 monus
521 3252 644 3322 Mathis
660 3253 823 3339 Propositi
840 3253 1086 3342 Zagrubionsis,
1104 3255 1178 3322 nuic
1194 3260 1305 3323 nostre
1316 3253 1451 3323 Cancel-

317 3363 400 3449 tcrij‚
416 3381 502 3430 enno
518 3357 796 3428 M⁰OO⁰XXVII⁰.
838 3361 921 3428 Sous
938 3362 1096 3446 Magistro
1114 3362 1373 3431 Tcuurnioornm
1399 3383 1452 3430 no·

315 3477 452 3539 strorum
469 3481 502 3536 et
518 3467 642 3534 Oomite
675 3467 824 3552 Albensi,
856 3474 888 3535 ct
912 3468 1014 3536 Soulc
1038 3469 1197 3556 Voynodc
1223 3469 1449 3539 existentibus.

317 3668 372 3727 (An
391 3667 496 3717 eredeti
514 3663 585 3715 uttn
604 3665 704 3716 Knuuz
724 3665 848 3730 Ntndor,
867 3667 990 3732 Magyar
1010 3667 1077 3720 Sion
1095 3669 1131 3719 11.
1154 3667 1208 3718 evi.
1230 3673 1289 3720 215.
1309 3671 1339 3732 1.,
1359 3670 1390 3721 es
1409 3669 1450 3718 Az

316 3755 495 3820 Esztcrgemi
512 3751 693 3820 Foktptslsn
711 3756 870 3807 birtokaira
891 3757 1050 3808 vonstkozo
1069 3757 1236 3821 Okmtnyolr
1270 3757 1353 3820 Tora,
1385 3759 1450 3808 Pest

789 3850 864 3896 1871.
887 3851 927 3896 rc.
951 3848 980 3908 1.)

748 4135 1013 4144 --—--—-.
