3098 5132
902 1051 974 1120 121.

372 1251 456 1318 scta
470 1250 576 1339 ifjcbb
592 1252 766 1340 circipene
779 1251 1007 1340 privilepiuma
1023 1277 1044 1320 α
1057 1257 1191 1340 periodi
1207 1251 1402 1342 (petrinius)
1428 1281 1503 1325 ucri·

749 1360 850 1447 deyck
864 1365 1023 1428 sumere.
1038 1361 1132 1428 1225.

479 1555 517 1623 ln
550 1555 680 1624 nomine
710 1557 830 1626 Sancte
859 1557 1029 1626 Trinitatis
1068 1564 1101 1626 et
1130 1555 1305 1626 Indiuidua
1342 1558 1501 1627 Unitstis.

373 1662 455 1730 Bela
470 1662 533 1730 Dei
551 1663 664 1748 gracia
680 1665 858 1752 Hungarie,
874 1663 1056 1750 Dalmacie,
1072 1666 1219 1753 Oroaoie,
1244 1667 1355 1754 Reme,
1379 1666 1502 1734 Seruio

373 1765 546 1859 (Gallicis)
555 1771 810 1856 Lodcmerieque
819 1773 920 1858 Regis
929 1772 1059 1840 Andree
1077 1771 1312 1859 primogenitus
1329 1779 1362 1840 et
1378 1775 1449 1840 Rex
1467 1774 1502 1840 in

373 1886 575 1963 perpetuum.
599 1879 679 1947 Cum
695 1879 737 1946 dc
753 1878 980 1948 beniuoleneia
995 1899 1036 1948 ae
1051 1879 1338 1965 predestinacione
1352 1880 1504 1966 Sumprni

373 1985 473 2070 Regis
488 1987 532 2055 ad
547 1987 608 2056 hoo
623 1988 727 2057 simus
741 1988 958 2077 preordinati,
975 1997 1010 2056 ut
1035 1989 1173 2072 singulis
1204 1989 1238 2056 iu
1264 1987 1505 2074 jurisdiccione

377 2103 490 2164 nostra
506 2093 689 2164 constitutis
705 2095 807 2166 simus
823 2095 999 2166 secundum
1025 2096 1216 2182 Apostolum
1232 2097 1267 2163 in
1286 2095 1425 2182 justinia
1450 2097 1505 2164 de·

373 2203 496 2272 bitores
512 2231 521 2274 ε
538 2203 731 2291 propensius
746 2211 779 2272 et
794 2204 972 2292 specialius
987 2205 1151 2294 hospites,
1180 2204 1235 2290 qui
1260 2212 1406 2274 nostrum
1438 2203 1505 2271 sibi

375 2313 538 2380 senserint
553 2311 735 2380 subsidium
751 2311 964 2400 profuturum,
978 2313 1091 2382 debita
1105 2314 1254 2381 nolumus
1265 2311 1403 2396 justicia
1429 2333 1505 2398 pre·

374 2421 468 2488 tueri.
491 2419 576 2488 Hine
592 2425 651 2507 est,
668 2419 754 2504 quod
769 2440 828 2488 nos
859 2428 925 2488 tam
956 2421 1160 2506 presencium
1191 2440 1289 2506 qnam
1320 2420 1505 2488 mturorum

375 2527 525 2596 uolumus
542 2526 661 2596 noticie
677 2526 855 2614 declarare,
872 2525 960 2614 quod
976 2527 1158 2614 hospitibus
1174 2527 1294 2596 nostris
1320 2528 1356 2594 in
1380 2528 1505 2594 Perina

375 2634 647 2704 commorantibus
663 2637 775 2703 taliter
791 2636 853 2703 boc
868 2636 963 2703 modo
979 2636 1200 2705 concessimus
1216 2636 1402 2704 libertatern
1420 2660 1429 2702 ι
1453 2633 1503 2702 Ut

377 2763 435 2826 per
450 2747 575 2827 septem
593 2761 698 2812 annos
714 2745 748 2811 in
764 2742 856 2810 nuilo
873 2744 967 2811 nobis
983 2749 1173 2830 teneantur3
1197 2763 1258 2814 nee
1274 2742 1390 2832 iorum,
1416 2741 1506 2827 quod

376 2848 421 2920 ibi
436 2850 626 2936 celebratur,
643 2869 701 2937 per
716 2849 921 2938 septennium
936 2851 1094 2920 tributum
1109 2853 1294 2938 persoluat,
1323 2848 1504 2920 transactis

377 2977 454 3026 uero
470 2963 594 3046 septem
611 2959 709 3028 annis
724 2959 893 3026 annuatim
910 2966 1039 3027 centum
1058 2979 1176 3046 pensas
1192 2959 1296 3045 Regie
1310 2959 1507 3046 persoluunt

376 3067 549 3152 Maiestati,
566 3067 618 3134 nei
636 3066 836 3134 dextrarium
854 3073 902 3134 tot
916 3087 1035 3155 penses
1052 3069 1223 3136 ualentem.
1247 3067 1374 3136 Tributi
1391 3072 1505 3133 autem

378 3175 438 3244 sori
453 3177 554 3244 tercia
568 3193 646 3264 pars
662 3175 794 3242 Maioris
825 3175 970 3244 eiusdem
996 3175 1082 3244 Uille
1113 3183 1238 3264 spectet
1263 3173 1506 3262 jurisdiccioni,

377 3285 572 3369 quicumque
586 3283 702 3370 tuerit,
720 3281 868 3352 residuas
893 3289 1001 3352 autem
1033 3290 1142 3368 partes
1172 3283 1277 3369 Regio
1307 3279 1505 3350 celsitudini

378 3396 477 3463 debet
493 3393 739 3463 amministrare.
756 3393 826 3460 Nec
841 3393 959 3480 aliquis
975 3394 1065 3479 ipsos
1081 3399 1191 3478 preter
1202 3391 1408 3460 defensorem
1419 3389 1506 3474 ipso·

377 3523 447 3572 rum
465 3523 486 3570 a
501 3502 631 3570 domino
648 3503 735 3586 Rege
749 3508 906 3569 statutum
921 3502 1043 3569 undeet
1060 3499 1216 3590 indicere,
1232 3508 1266 3568 et
1282 3500 1311 3569 si
1342 3500 1386 3567 ab
1418 3498 1506 3585 ipso-

376 3631 445 3678 rum
462 3609 632 3679 defensore
648 3609 920 3694 conquerentibus
936 3609 1088 3679 satisfieri
1105 3631 1169 3677 nou
1184 3611 1313 3695 poterit,
1325 3607 1368 3675 ad
1379 3607 1506 3676 domini

378 3717 476 3803 Regis
494 3718 697 3785 Presenciam
714 3717 801 3785 dicta
818 3737 919 3786 causa
934 3717 1141 3786 discutienda
1157 3717 1392 3798 transforatum
1416 3725 1449 3784 et
1474 3717 1507 3783 si

378 3825 442 3910 ipsi
459 3844 566 3891 coram
589 3823 702 3908 judice
731 3847 922 3913 quemquam
954 3827 1144 3914 impeterent
1174 3845 1273 3912 super
1304 3825 1426 3912 aliquo,
1457 3825 1509 3894 eis

377 3933 546 4020 judicetur
557 3933 789 4017 juramentum.
813 3933 994 4002 Statuimus
1011 3935 1125 4021 eciam,
1143 3933 1228 4019 quod
1253 3935 1282 4000 si
1313 3935 1425 4001 Bonus
1455 3933 1509 4000 eis

381 4041 424 4109 ad
440 4043 585 4111 ualerem
601 4043 698 4110 unios
713 4061 820 4110 marce
837 4041 1013 4128 dampnum
1029 4041 1160 4130 iaceret,
1177 4041 1210 4107 in
1228 4041 1382 4127 centuplo
1408 4043 1508 4110 resti-

379 4159 483 4222 tueret
500 4151 633 4222 eisdem.
659 4153 740 4219 Item
756 4151 848 4218 Bane
864 4172 928 4218 non
945 4150 1038 4220 aliud
1054 4170 1151 4234 quum
1168 4149 1280 4218 domos
1305 4169 1383 4217 snas
1414 4170 1510 4217 oeca-

378 4261 469 4327 sione
485 4261 661 4329 descensus
678 4259 758 4326 dare
785 4266 976 4345 teneantur3
1000 4279 1059 4346 pro
1090 4259 1167 4345 alijs
1198 4279 1274 4326 uero
1307 4259 1512 4344 neccssarijs

378 4373 520 4459 precium
537 4371 707 4458 recepturi.
732 4370 818 4436 Etsi
835 4368 956 4454 aliquis
972 4371 1114 4457 ipsorum
1141 4371 1233 4456 prole
1259 4367 1410 4453 caruerit,
1436 4375 1511 4436 tam

378 4481 450 4565 ipso
467 4481 606 4564 uiuente,
622 4497 718 4563 qnam
735 4477 780 4543 ab
806 4477 867 4544 hoc
898 4477 1007 4546 seculo
1039 4478 1292 4560 transmigrante
1324 4476 1411 4542 bona
1442 4495 1513 4546 sua

379 4588 557 4668 cuicunque
572 4587 711 4654 voluerit
727 4585 872 4653 conferat
889 4586 1067 4654 retinenda.
1093 4587 1134 4652 m
1148 4588 1176 4654 si
1206 4583 1326 4670 aliquis
1352 4582 1393 4650 de
1423 4585 1514 4652 rilla

379 4713 477 4776 super
492 4712 574 4777 equo
593 4691 673 4778 tuci)
693 4695 775 4762 boue
791 4693 1070 4780 calumpniaretur
1087 4694 1129 4762 ab
1146 4693 1277 4779 aliqn03
1301 4712 1364 4778 pro
1380 4701 1514 4777 quanto
