<?xml version="1.0" encoding="UTF-8"?>
<!DOCTYPE html PUBLIC "-//W3C//DTD XHTML 1.0 Transitional//EN"
    "http://www.w3.org/TR/xhtml1/DTD/xhtml1-transitional.dtd">
<html xmlns="http://www.w3.org/1999/xhtml" xml:lang="en" lang="en">
 <head>
  <title>
</title>
<meta http-equiv="Content-Type" content="text/html;charset=utf-8" />
  <meta name='ocr-system' content='tesseract 3.04.00' />
  <meta name='ocr-capabilities' content='ocr_page ocr_carea ocr_par ocr_line ocrx_word'/>
</head>
<body>
  <div class='ocr_page' id='page_1' title='image "./codexdiplomatic10wenzgoog_0359.png"; bbox 0 0 3078 5128; ppageno 0'>
   <div class='ocr_carea' id='block_1_1' title="bbox 804 261 964 358">
    <p class='ocr_par' dir='ltr' id='par_1_1' title="bbox 804 261 964 358">
     <span class='ocr_line' id='line_1_1' title="bbox 804 261 964 358; baseline 0 -35"><span class='ocrx_word' id='word_1_1' title='bbox 804 261 964 358; x_wconf 50' lang='lat' dir='ltr'>Q</span> 
     </span>
    </p>
   </div>
   <div class='ocr_carea' id='block_1_2' title="bbox 275 431 1536 540">
    <p class='ocr_par' dir='ltr' id='par_1_2' title="bbox 275 431 1536 540">
     <span class='ocr_line' id='line_1_2' title="bbox 275 431 1536 540; baseline -0.001 -19"><span class='ocrx_word' id='word_1_2' title='bbox 275 451 280 459; x_wconf 78' lang='grc'><strong>“</strong></span> <span class='ocrx_word' id='word_1_3' title='bbox 319 455 476 540; x_wconf 86' lang='lat' dir='ltr'>Karump,</span> <span class='ocrx_word' id='word_1_4' title='bbox 510 456 665 539; x_wconf 86' lang='lat' dir='ltr'>Magistro</span> <span class='ocrx_word' id='word_1_5' title='bbox 700 455 824 522; x_wconf 90' lang='lat' dir='ltr'>Domus</span> <span class='ocrx_word' id='word_1_6' title='bbox 858 453 985 538; x_wconf 83' lang='lat' dir='ltr'>Templi</span> <span class='ocrx_word' id='word_1_7' title='bbox 1013 472 1072 539; x_wconf 89' lang='lat' dir='ltr'>per</span> <span class='ocrx_word' id='word_1_8' title='bbox 1096 455 1243 536; x_wconf 82' lang='lat' dir='ltr'>Regnum</span> <span class='ocrx_word' id='word_1_9' title='bbox 1268 454 1452 540; x_wconf 88' lang='lat' dir='ltr'>Hungarie,</span> <span class='ocrx_word' id='word_1_10' title='bbox 1535 431 1536 444; x_wconf 16' lang='grc' dir='ltr'><strong>ἶ</strong></span> 
     </span>
    </p>
   </div>
   <div class='ocr_carea' id='block_1_3' title="bbox 191 545 1536 649">
    <p class='ocr_par' dir='ltr' id='par_1_3' title="bbox 191 545 1536 649">
     <span class='ocr_line' id='line_1_3' title="bbox 191 545 1536 649; baseline -0.004 -17"><span class='ocrx_word' id='word_1_11' title='bbox 191 545 194 551; x_wconf 44' lang='grc'><strong>”</strong></span> <span class='ocrx_word' id='word_1_12' title='bbox 318 572 349 632; x_wconf 88' lang='lat' dir='ltr'>et</span> <span class='ocrx_word' id='word_1_13' title='bbox 360 566 403 628; x_wconf 87' lang='lat' dir='ltr'>ab</span> <span class='ocrx_word' id='word_1_14' title='bbox 414 563 487 630; x_wconf 87' lang='lat' dir='ltr'>aliis</span> <span class='ocrx_word' id='word_1_15' title='bbox 498 562 667 629; x_wconf 83' lang='lat' dir='ltr'>Fratribus</span> <span class='ocrx_word' id='word_1_16' title='bbox 686 563 808 629; x_wconf 89' lang='lat' dir='ltr'>Domus</span> <span class='ocrx_word' id='word_1_17' title='bbox 829 561 969 649; x_wconf 80' lang='lat' dir='ltr'>Templi,</span> <span class='ocrx_word' id='word_1_18' title='bbox 988 561 1096 628; x_wconf 92' lang='lat' dir='ltr'>loeum</span> <span class='ocrx_word' id='word_1_19' title='bbox 1112 581 1212 627; x_wconf 92' lang='lat' dir='ltr'>unum</span> <span class='ocrx_word' id='word_1_20' title='bbox 1228 559 1317 645; x_wconf 89' lang='lat' dir='ltr'>apud</span> <span class='ocrx_word' id='word_1_21' title='bbox 1333 561 1452 628; x_wconf 88' lang='lat' dir='ltr'>Seeiu·</span> <span class='ocrx_word' id='word_1_22' title='bbox 1535 643 1536 646; x_wconf 8' lang='grc' dir='ltr'><strong>Ἴ</strong></span> 
     </span>
    </p>
   </div>
   <div class='ocr_carea' id='block_1_4' title="bbox 294 666 1536 4626">
    <p class='ocr_par' dir='ltr' id='par_1_4' title="bbox 294 666 1536 4632">
     <span class='ocr_line' id='line_1_4' title="bbox 310 666 1450 756; baseline -0.003 -21"><span class='ocrx_word' id='word_1_23' title='bbox 310 669 437 754; x_wconf 78' lang='lat' dir='ltr'>‚guium</span> <span class='ocrx_word' id='word_1_24' title='bbox 454 671 517 736; x_wconf 90' lang='lat' dir='ltr'>sibi</span> <span class='ocrx_word' id='word_1_25' title='bbox 529 670 610 756; x_wconf 87' lang='lat' dir='ltr'>dari,</span> <span class='ocrx_word' id='word_1_26' title='bbox 622 669 664 735; x_wconf 90' lang='lat' dir='ltr'>ad</span> <span class='ocrx_word' id='word_1_27' title='bbox 675 668 803 737; x_wconf 92' lang='lat' dir='ltr'>domum</span> <span class='ocrx_word' id='word_1_28' title='bbox 814 689 911 736; x_wconf 90' lang='lat' dir='ltr'>unam</span> <span class='ocrx_word' id='word_1_29' title='bbox 922 666 1044 735; x_wconf 84' lang='lat' dir='ltr'><strong>ibidem</strong></span> <span class='ocrx_word' id='word_1_30' title='bbox 1055 667 1272 734; x_wconf 86' lang='lat' dir='ltr'>edificandam</span> <span class='ocrx_word' id='word_1_31' title='bbox 1283 689 1344 752; x_wconf 93' lang='lat' dir='ltr'>pro</span> <span class='ocrx_word' id='word_1_32' title='bbox 1354 668 1450 734; x_wconf 83' lang='lat' dir='ltr'>rebus</span> 
     </span>
     <span class='ocr_line' id='line_1_5' title="bbox 324 773 1452 862; baseline -0.004 -19"><span class='ocrx_word' id='word_1_33' title='bbox 324 777 465 862; x_wconf 89' lang='lat' dir='ltr'>propriis</span> <span class='ocrx_word' id='word_1_34' title='bbox 476 782 508 844; x_wconf 91' lang='lat' dir='ltr'>et</span> <span class='ocrx_word' id='word_1_35' title='bbox 518 777 711 844; x_wconf 85' lang='lat' dir='ltr'>necessariis</span> <span class='ocrx_word' id='word_1_36' title='bbox 737 777 815 844; x_wconf 88' lang='lat' dir='ltr'>dicti</span> <span class='ocrx_word' id='word_1_37' title='bbox 840 774 1029 844; x_wconf 89' lang='lat' dir='ltr'>Monasterii</span> <span class='ocrx_word' id='word_1_38' title='bbox 1053 773 1200 842; x_wconf 83' lang='lat' dir='ltr'>emendis</span> <span class='ocrx_word' id='word_1_39' title='bbox 1217 781 1250 842; x_wconf 92' lang='lat' dir='ltr'>et</span> <span class='ocrx_word' id='word_1_40' title='bbox 1259 774 1452 842; x_wconf 89' lang='lat' dir='ltr'>vendendis.</span> 
     </span>
     <span class='ocr_line' id='line_1_6' title="bbox 322 881 1451 968; baseline -0.003 -18"><span class='ocrx_word' id='word_1_41' title='bbox 322 886 459 951; x_wconf 90' lang='lat' dir='ltr'>Demum</span> <span class='ocrx_word' id='word_1_42' title='bbox 494 884 573 950; x_wconf 91' lang='lat' dir='ltr'>dieti</span> <span class='ocrx_word' id='word_1_43' title='bbox 607 885 764 968; x_wconf 81' lang='lat' dir='ltr'>Magister</span> <span class='ocrx_word' id='word_1_44' title='bbox 790 893 822 950; x_wconf 93' lang='lat' dir='ltr'>et</span> <span class='ocrx_word' id='word_1_45' title='bbox 848 885 965 950; x_wconf 84' lang='lat' dir='ltr'>tratres</span> <span class='ocrx_word' id='word_1_46' title='bbox 991 883 1182 968; x_wconf 90' lang='lat' dir='ltr'>congregati</span> <span class='ocrx_word' id='word_1_47' title='bbox 1212 883 1256 948; x_wconf 88' lang='lat' dir='ltr'>ad</span> <span class='ocrx_word' id='word_1_48' title='bbox 1286 881 1451 949; x_wconf 83' lang='lat' dir='ltr'>Generale</span> 
     </span>
     <span class='ocr_line' id='line_1_7' title="bbox 324 989 1450 1079; baseline -0.002 -20"><span class='ocrx_word' id='word_1_49' title='bbox 324 992 510 1079; x_wconf 80' lang='lat' dir='ltr'>Capitulum</span> <span class='ocrx_word' id='word_1_50' title='bbox 539 991 627 1077; x_wconf 88' lang='lat' dir='ltr'>apud</span> <span class='ocrx_word' id='word_1_51' title='bbox 661 990 875 1075; x_wconf 81' lang='lat' dir='ltr'>Glogonicam</span> <span class='ocrx_word' id='word_1_52' title='bbox 914 993 968 1058; x_wconf 86' lang='lat' dir='ltr'>lv.</span> <span class='ocrx_word' id='word_1_53' title='bbox 995 989 1068 1056; x_wconf 88' lang='lat' dir='ltr'>idus</span> <span class='ocrx_word' id='word_1_54' title='bbox 1095 989 1224 1076; x_wconf 87' lang='lat' dir='ltr'>hlareii,</span> <span class='ocrx_word' id='word_1_55' title='bbox 1251 989 1450 1066; x_wconf 70' lang='lat' dir='ltr'>peticionem</span> 
     </span>
     <span class='ocr_line' id='line_1_8' title="bbox 322 1099 1451 1168; baseline -0.001 -3"><span class='ocrx_word' id='word_1_56' title='bbox 322 1100 478 1168; x_wconf 90' lang='lat' dir='ltr'>dictorum</span> <span class='ocrx_word' id='word_1_57' title='bbox 498 1099 634 1168; x_wconf 80' lang='lat' dir='ltr'>Abbatis</span> <span class='ocrx_word' id='word_1_58' title='bbox 650 1107 683 1168; x_wconf 90' lang='lat' dir='ltr'>et</span> <span class='ocrx_word' id='word_1_59' title='bbox 699 1100 885 1168; x_wconf 77' lang='lat' dir='ltr'>Conventus</span> <span class='ocrx_word' id='word_1_60' title='bbox 906 1099 1074 1166; x_wconf 89' lang='lat' dir='ltr'>unanimes</span> <span class='ocrx_word' id='word_1_61' title='bbox 1094 1099 1255 1166; x_wconf 83' lang='lat' dir='ltr'>duxerunt</span> <span class='ocrx_word' id='word_1_62' title='bbox 1278 1099 1451 1166; x_wconf 89' lang='lat' dir='ltr'>admitten-</span> 
     </span>
     <span class='ocr_line' id='line_1_9' title="bbox 320 1205 1450 1292; baseline 0.001 -20"><span class='ocrx_word' id='word_1_63' title='bbox 320 1205 406 1290; x_wconf 85' lang='lat' dir='ltr'>dam,</span> <span class='ocrx_word' id='word_1_64' title='bbox 430 1205 591 1275; x_wconf 89' lang='lat' dir='ltr'>donantes</span> <span class='ocrx_word' id='word_1_65' title='bbox 618 1215 650 1272; x_wconf 92' lang='lat' dir='ltr'>et</span> <span class='ocrx_word' id='word_1_66' title='bbox 675 1207 890 1275; x_wconf 89' lang='lat' dir='ltr'>concedentes</span> <span class='ocrx_word' id='word_1_67' title='bbox 916 1209 950 1274; x_wconf 92' lang='lat' dir='ltr'>in</span> <span class='ocrx_word' id='word_1_68' title='bbox 977 1213 1174 1292; x_wconf 91' lang='lat' dir='ltr'>perpetuum</span> <span class='ocrx_word' id='word_1_69' title='bbox 1203 1205 1292 1273; x_wconf 92' lang='lat' dir='ltr'>dicto</span> <span class='ocrx_word' id='word_1_70' title='bbox 1318 1207 1450 1273; x_wconf 83' lang='lat' dir='ltr'>Menas·</span> 
     </span>
     <span class='ocr_line' id='line_1_10' title="bbox 318 1313 1450 1401; baseline 0 -23"><span class='ocrx_word' id='word_1_71' title='bbox 318 1313 399 1380; x_wconf 89' lang='lat' dir='ltr'>terio</span> <span class='ocrx_word' id='word_1_72' title='bbox 415 1313 602 1399; x_wconf 87' lang='lat' dir='ltr'>Toplieensi</span> <span class='ocrx_word' id='word_1_73' title='bbox 618 1315 827 1384; x_wconf 87' lang='lat' dir='ltr'>medietatem</span> <span class='ocrx_word' id='word_1_74' title='bbox 843 1315 1012 1382; x_wconf 88' lang='lat' dir='ltr'>cuiusdam</span> <span class='ocrx_word' id='word_1_75' title='bbox 1030 1315 1122 1401; x_wconf 89' lang='lat' dir='ltr'>pecie</span> <span class='ocrx_word' id='word_1_76' title='bbox 1138 1321 1232 1398; x_wconf 87' lang='lat' dir='ltr'>terre,</span> <span class='ocrx_word' id='word_1_77' title='bbox 1249 1333 1347 1399; x_wconf 88' lang='lat' dir='ltr'>quam</span> <span class='ocrx_word' id='word_1_78' title='bbox 1359 1321 1450 1381; x_wconf 90' lang='lat' dir='ltr'>tene-</span> 
     </span>
     <span class='ocr_line' id='line_1_11' title="bbox 320 1419 1451 1508; baseline 0 -22"><span class='ocrx_word' id='word_1_79' title='bbox 320 1421 377 1488; x_wconf 89' lang='lat' dir='ltr'>bat</span> <span class='ocrx_word' id='word_1_80' title='bbox 408 1421 534 1489; x_wconf 90' lang='lat' dir='ltr'>Domus</span> <span class='ocrx_word' id='word_1_81' title='bbox 559 1422 688 1508; x_wconf 84' lang='lat' dir='ltr'>Templi</span> <span class='ocrx_word' id='word_1_82' title='bbox 713 1423 754 1489; x_wconf 90' lang='lat' dir='ltr'>de</span> <span class='ocrx_word' id='word_1_83' title='bbox 780 1430 867 1490; x_wconf 90' lang='lat' dir='ltr'>terra</span> <span class='ocrx_word' id='word_1_84' title='bbox 902 1443 1000 1508; x_wconf 89' lang='lat' dir='ltr'>quam</span> <span class='ocrx_word' id='word_1_85' title='bbox 1036 1421 1140 1489; x_wconf 89' lang='lat' dir='ltr'>tenuit</span> <span class='ocrx_word' id='word_1_86' title='bbox 1164 1419 1329 1508; x_wconf 88' lang='lat' dir='ltr'>quondam</span> <span class='ocrx_word' id='word_1_87' title='bbox 1354 1421 1451 1487; x_wconf 84' lang='lat' dir='ltr'>Prior</span> 
     </span>
     <span class='ocr_line' id='line_1_12' title="bbox 322 1525 1454 1616; baseline -0.001 -23"><span class='ocrx_word' id='word_1_88' title='bbox 322 1525 468 1616; x_wconf 85' lang='lat' dir='ltr'>Oprahk,</span> <span class='ocrx_word' id='word_1_89' title='bbox 485 1529 528 1596; x_wconf 91' lang='lat' dir='ltr'>ad</span> <span class='ocrx_word' id='word_1_90' title='bbox 545 1530 674 1598; x_wconf 91' lang='lat' dir='ltr'>domum</span> <span class='ocrx_word' id='word_1_91' title='bbox 691 1550 788 1615; x_wconf 88' lang='lat' dir='ltr'>quam</span> <span class='ocrx_word' id='word_1_92' title='bbox 803 1531 959 1616; x_wconf 88' lang='lat' dir='ltr'>petebant</span> <span class='ocrx_word' id='word_1_93' title='bbox 983 1528 1216 1614; x_wconf 86' lang='lat' dir='ltr'>edificandam,</span> <span class='ocrx_word' id='word_1_94' title='bbox 1240 1531 1299 1596; x_wconf 90' lang='lat' dir='ltr'>tali</span> <span class='ocrx_word' id='word_1_95' title='bbox 1326 1526 1424 1596; x_wconf 92' lang='lat' dir='ltr'>modo</span> <span class='ocrx_word' id='word_1_96' title='bbox 1446 1555 1454 1592; x_wconf 95' lang='lat'>:</span> 
     </span>
     <span class='ocr_line' id='line_1_13' title="bbox 318 1635 1450 1725; baseline 0 -23"><span class='ocrx_word' id='word_1_97' title='bbox 318 1635 404 1718; x_wconf 89' lang='lat' dir='ltr'>quod</span> <span class='ocrx_word' id='word_1_98' title='bbox 419 1636 525 1706; x_wconf 91' lang='lat' dir='ltr'>dictus</span> <span class='ocrx_word' id='word_1_99' title='bbox 541 1639 651 1706; x_wconf 84' lang='lat' dir='ltr'>Abbas</span> <span class='ocrx_word' id='word_1_100' title='bbox 668 1647 699 1705; x_wconf 92' lang='lat' dir='ltr'>et</span> <span class='ocrx_word' id='word_1_101' title='bbox 714 1639 900 1707; x_wconf 87' lang='lat' dir='ltr'>Conventus</span> <span class='ocrx_word' id='word_1_102' title='bbox 916 1641 950 1706; x_wconf 89' lang='lat' dir='ltr'>in</span> <span class='ocrx_word' id='word_1_103' title='bbox 972 1638 1181 1725; x_wconf 85' lang='lat' dir='ltr'>pertinenciis</span> <span class='ocrx_word' id='word_1_104' title='bbox 1192 1635 1366 1720; x_wconf 86' lang='lat' dir='ltr'>Sceingnie</span> <span class='ocrx_word' id='word_1_105' title='bbox 1384 1657 1450 1702; x_wconf 89' lang='lat' dir='ltr'>non</span> 
     </span>
     <span class='ocr_line' id='line_1_14' title="bbox 318 1742 1450 1830; baseline 0 -22"><span class='ocrx_word' id='word_1_106' title='bbox 318 1742 444 1826; x_wconf 87' lang='lat' dir='ltr'>possint</span> <span class='ocrx_word' id='word_1_107' title='bbox 462 1745 496 1810; x_wconf 91' lang='lat' dir='ltr'>in</span> <span class='ocrx_word' id='word_1_108' title='bbox 515 1753 680 1830; x_wconf 87' lang='lat' dir='ltr'>posterum</span> <span class='ocrx_word' id='word_1_109' title='bbox 705 1765 822 1828; x_wconf 88' lang='lat' dir='ltr'>emere,</span> <span class='ocrx_word' id='word_1_110' title='bbox 848 1765 910 1813; x_wconf 90' lang='lat' dir='ltr'>neo</span> <span class='ocrx_word' id='word_1_111' title='bbox 934 1745 968 1810; x_wconf 92' lang='lat' dir='ltr'>in</span> <span class='ocrx_word' id='word_1_112' title='bbox 996 1745 1209 1814; x_wconf 80' lang='lat' dir='ltr'>elemosinam</span> <span class='ocrx_word' id='word_1_113' title='bbox 1243 1745 1403 1829; x_wconf 89' lang='lat' dir='ltr'>recipere,</span> <span class='ocrx_word' id='word_1_114' title='bbox 1421 1745 1450 1810; x_wconf 91' lang='lat' dir='ltr'>si</span> 
     </span>
     <span class='ocr_line' id='line_1_15' title="bbox 317 1845 1536 1941; baseline 0.003 -28"><span class='ocrx_word' id='word_1_115' title='bbox 317 1845 466 1917; x_wconf 79' lang='lat' dir='ltr'>fortassis</span> <span class='ocrx_word' id='word_1_116' title='bbox 492 1853 539 1918; x_wconf 88' lang='lat' dir='ltr'>eis</span> <span class='ocrx_word' id='word_1_117' title='bbox 564 1854 607 1918; x_wconf 87' lang='lat' dir='ltr'>ab</span> <span class='ocrx_word' id='word_1_118' title='bbox 635 1853 745 1938; x_wconf 87' lang='lat' dir='ltr'>aliquo</span> <span class='ocrx_word' id='word_1_119' title='bbox 771 1852 978 1941; x_wconf 85' lang='lat' dir='ltr'>conferretur,</span> <span class='ocrx_word' id='word_1_120' title='bbox 1004 1851 1132 1920; x_wconf 92' lang='lat' dir='ltr'>domum</span> <span class='ocrx_word' id='word_1_121' title='bbox 1158 1853 1313 1940; x_wconf 89' lang='lat' dir='ltr'>aliquam,</span> <span class='ocrx_word' id='word_1_122' title='bbox 1340 1870 1449 1935; x_wconf 89' lang='lat' dir='ltr'>neque</span> <span class='ocrx_word' id='word_1_123' title='bbox 1535 1891 1536 1894; x_wconf 60' lang='lat'><em>=</em></span> 
     </span>
     <span class='ocr_line' id='line_1_16' title="bbox 318 1957 1450 2048; baseline 0 -20"><span class='ocrx_word' id='word_1_124' title='bbox 318 1957 433 2028; x_wconf 86' lang='lat' dir='ltr'>vineas</span> <span class='ocrx_word' id='word_1_125' title='bbox 448 1978 553 2044; x_wconf 89' lang='lat' dir='ltr'>neque</span> <span class='ocrx_word' id='word_1_126' title='bbox 571 1961 796 2047; x_wconf 88' lang='lat' dir='ltr'>possessiones</span> <span class='ocrx_word' id='word_1_127' title='bbox 822 1960 952 2045; x_wconf 88' lang='lat' dir='ltr'>aliquas</span> <span class='ocrx_word' id='word_1_128' title='bbox 987 1981 1043 2028; x_wconf 87' lang='lat' dir='ltr'>eeu</span> <span class='ocrx_word' id='word_1_129' title='bbox 1070 1968 1185 2048; x_wconf 89' lang='lat' dir='ltr'>terras,</span> <span class='ocrx_word' id='word_1_130' title='bbox 1211 1963 1283 2028; x_wconf 90' lang='lat' dir='ltr'>sine</span> <span class='ocrx_word' id='word_1_131' title='bbox 1309 1961 1450 2028; x_wconf 88' lang='lat' dir='ltr'>licentia</span> 
     </span>
     <span class='ocr_line' id='line_1_17' title="bbox 315 2063 1536 2154; baseline -0.002 -18"><span class='ocrx_word' id='word_1_132' title='bbox 315 2068 463 2152; x_wconf 79' lang='lat' dir='ltr'>Magistri</span> <span class='ocrx_word' id='word_1_133' title='bbox 483 2075 515 2134; x_wconf 90' lang='lat' dir='ltr'>et</span> <span class='ocrx_word' id='word_1_134' title='bbox 529 2068 667 2134; x_wconf 82' lang='lat' dir='ltr'>fratrum</span> <span class='ocrx_word' id='word_1_135' title='bbox 676 2068 801 2136; x_wconf 90' lang='lat' dir='ltr'>Domus</span> <span class='ocrx_word' id='word_1_136' title='bbox 816 2067 955 2153; x_wconf 91' lang='lat' dir='ltr'>Templi.</span> <span class='ocrx_word' id='word_1_137' title='bbox 974 2067 1069 2147; x_wconf 85' lang='lat' dir='ltr'>Quod</span> <span class='ocrx_word' id='word_1_138' title='bbox 1085 2069 1114 2134; x_wconf 86' lang='lat' dir='ltr'>si</span> <span class='ocrx_word' id='word_1_139' title='bbox 1126 2068 1267 2136; x_wconf 89' lang='lat' dir='ltr'>alicuius</span> <span class='ocrx_word' id='word_1_140' title='bbox 1280 2067 1448 2154; x_wconf 89' lang='lat' dir='ltr'>privilegii</span> <span class='ocrx_word' id='word_1_141' title='bbox 1535 2063 1536 2066; x_wconf 63' lang='grc'>’</span> 
     </span>
     <span class='ocr_line' id='line_1_18' title="bbox 319 2173 1536 2270; baseline 0.002 -30"><span class='ocrx_word' id='word_1_142' title='bbox 319 2176 512 2242; x_wconf 89' lang='lat' dir='ltr'>auctoritate</span> <span class='ocrx_word' id='word_1_143' title='bbox 522 2175 574 2242; x_wconf 88' lang='lat' dir='ltr'>vel</span> <span class='ocrx_word' id='word_1_144' title='bbox 585 2176 681 2242; x_wconf 92' lang='lat' dir='ltr'>modo</span> <span class='ocrx_word' id='word_1_145' title='bbox 692 2175 758 2241; x_wconf 93' lang='lat' dir='ltr'>alio</span> <span class='ocrx_word' id='word_1_146' title='bbox 769 2175 880 2258; x_wconf 90' lang='lat' dir='ltr'>aliquo</span> <span class='ocrx_word' id='word_1_147' title='bbox 892 2173 999 2241; x_wconf 82' lang='lat' dir='ltr'>iacere</span> <span class='ocrx_word' id='word_1_148' title='bbox 1008 2181 1248 2262; x_wconf 87' lang='lat' dir='ltr'>attemptarent,</span> <span class='ocrx_word' id='word_1_149' title='bbox 1257 2183 1325 2242; x_wconf 91' lang='lat' dir='ltr'>tam</span> <span class='ocrx_word' id='word_1_150' title='bbox 1337 2177 1449 2261; x_wconf 91' lang='lat' dir='ltr'>ipsum</span> <span class='ocrx_word' id='word_1_151' title='bbox 1535 2257 1536 2270; x_wconf 10' lang='grc' dir='ltr'>χ</span> 
     </span>
     <span class='ocr_line' id='line_1_19' title="bbox 310 2271 1536 2367; baseline 0.003 -19"><span class='ocrx_word' id='word_1_152' title='bbox 310 2281 420 2350; x_wconf 84' lang='lat' dir='ltr'>locum</span> <span class='ocrx_word' id='word_1_153' title='bbox 442 2302 539 2366; x_wconf 87' lang='lat' dir='ltr'>quam</span> <span class='ocrx_word' id='word_1_154' title='bbox 560 2280 689 2349; x_wconf 91' lang='lat' dir='ltr'>domum</span> <span class='ocrx_word' id='word_1_155' title='bbox 700 2281 821 2349; x_wconf 86' lang='lat' dir='ltr'>ibidem</span> <span class='ocrx_word' id='word_1_156' title='bbox 841 2281 1023 2349; x_wconf 86' lang='lat' dir='ltr'>edificatam</span> <span class='ocrx_word' id='word_1_157' title='bbox 1035 2282 1222 2349; x_wconf 89' lang='lat' dir='ltr'>amitterent</span> <span class='ocrx_word' id='word_1_158' title='bbox 1237 2285 1449 2367; x_wconf 83' lang='lat' dir='ltr'>presentibus</span> <span class='ocrx_word' id='word_1_159' title='bbox 1535 2271 1536 2314; x_wconf 58' lang='lat'>³</span> 
     </span>
     <span class='ocr_line' id='line_1_20' title="bbox 315 2386 1450 2478; baseline 0.004 -24"><span class='ocrx_word' id='word_1_160' title='bbox 315 2389 370 2454; x_wconf 90' lang='lat' dir='ltr'>vel</span> <span class='ocrx_word' id='word_1_161' title='bbox 386 2394 523 2456; x_wconf 86' lang='lat' dir='ltr'>teneura</span> <span class='ocrx_word' id='word_1_162' title='bbox 544 2386 589 2476; x_wconf 75' lang='lat' dir='ltr'>(l)</span> <span class='ocrx_word' id='word_1_163' title='bbox 611 2409 668 2455; x_wconf 87' lang='lat' dir='ltr'>seu</span> <span class='ocrx_word' id='word_1_164' title='bbox 680 2388 756 2456; x_wconf 87' lang='lat' dir='ltr'>aliis</span> <span class='ocrx_word' id='word_1_165' title='bbox 766 2389 836 2458; x_wconf 91' lang='lat' dir='ltr'>iure</span> <span class='ocrx_word' id='word_1_166' title='bbox 846 2390 978 2457; x_wconf 91' lang='lat' dir='ltr'>minime</span> <span class='ocrx_word' id='word_1_167' title='bbox 988 2390 1146 2456; x_wconf 89' lang='lat' dir='ltr'>valituris.</span> <span class='ocrx_word' id='word_1_168' title='bbox 1165 2389 1342 2478; x_wconf 81' lang='lat' dir='ltr'>Adiuncto,</span> <span class='ocrx_word' id='word_1_169' title='bbox 1359 2393 1450 2476; x_wconf 91' lang='lat' dir='ltr'>quod</span> 
     </span>
     <span class='ocr_line' id='line_1_21' title="bbox 309 2495 1447 2582; baseline 0.005 -22"><span class='ocrx_word' id='word_1_170' title='bbox 309 2496 414 2563; x_wconf 82' lang='lat' dir='ltr'>nichil</span> <span class='ocrx_word' id='word_1_171' title='bbox 441 2503 566 2562; x_wconf 90' lang='lat' dir='ltr'>ematur</span> <span class='ocrx_word' id='word_1_172' title='bbox 592 2497 644 2564; x_wconf 95' lang='lat' dir='ltr'>vel</span> <span class='ocrx_word' id='word_1_173' title='bbox 670 2497 830 2564; x_wconf 83' lang='lat' dir='ltr'>vendatur</span> <span class='ocrx_word' id='word_1_174' title='bbox 854 2497 888 2562; x_wconf 91' lang='lat' dir='ltr'>in</span> <span class='ocrx_word' id='word_1_175' title='bbox 914 2495 1003 2564; x_wconf 90' lang='lat' dir='ltr'>dicta</span> <span class='ocrx_word' id='word_1_176' title='bbox 1027 2497 1131 2582; x_wconf 90' lang='lat' dir='ltr'>domo,</span> <span class='ocrx_word' id='word_1_177' title='bbox 1164 2501 1216 2566; x_wconf 92' lang='lat' dir='ltr'>vel</span> <span class='ocrx_word' id='word_1_178' title='bbox 1242 2498 1319 2564; x_wconf 91' lang='lat' dir='ltr'>inde</span> <span class='ocrx_word' id='word_1_179' title='bbox 1349 2502 1447 2566; x_wconf 92' lang='lat' dir='ltr'>modo</span> 
     </span>
     <span class='ocr_line' id='line_1_22' title="bbox 314 2601 1449 2690; baseline 0.005 -24"><span class='ocrx_word' id='word_1_180' title='bbox 314 2601 425 2685; x_wconf 87' lang='lat' dir='ltr'>aliquo</span> <span class='ocrx_word' id='word_1_181' title='bbox 441 2603 638 2690; x_wconf 81' lang='lat' dir='ltr'>extrahatur,</span> <span class='ocrx_word' id='word_1_182' title='bbox 658 2603 698 2670; x_wconf 89' lang='lat' dir='ltr'>de</span> <span class='ocrx_word' id='word_1_183' title='bbox 716 2624 778 2688; x_wconf 88' lang='lat' dir='ltr'>quo</span> <span class='ocrx_word' id='word_1_184' title='bbox 794 2603 911 2672; x_wconf 91' lang='lat' dir='ltr'>Domui</span> <span class='ocrx_word' id='word_1_185' title='bbox 927 2605 1054 2690; x_wconf 91' lang='lat' dir='ltr'>Templi</span> <span class='ocrx_word' id='word_1_186' title='bbox 1064 2605 1116 2672; x_wconf 89' lang='lat' dir='ltr'>ius</span> <span class='ocrx_word' id='word_1_187' title='bbox 1127 2626 1218 2673; x_wconf 88' lang='lat' dir='ltr'>suum</span> <span class='ocrx_word' id='word_1_188' title='bbox 1235 2605 1366 2690; x_wconf 88' lang='lat' dir='ltr'>integre</span> <span class='ocrx_word' id='word_1_189' title='bbox 1383 2628 1449 2675; x_wconf 92' lang='lat' dir='ltr'>non</span> 
     </span>
     <span class='ocr_line' id='line_1_23' title="bbox 314 2708 1444 2797; baseline 0.005 -23"><span class='ocrx_word' id='word_1_190' title='bbox 314 2708 479 2795; x_wconf 84' lang='lat' dir='ltr'>reddatur,</span> <span class='ocrx_word' id='word_1_191' title='bbox 496 2711 578 2777; x_wconf 85' lang='lat' dir='ltr'>sicut</span> <span class='ocrx_word' id='word_1_192' title='bbox 607 2711 649 2776; x_wconf 91' lang='lat' dir='ltr'>de</span> <span class='ocrx_word' id='word_1_193' title='bbox 674 2711 750 2778; x_wconf 88' lang='lat' dir='ltr'>aliis</span> <span class='ocrx_word' id='word_1_194' title='bbox 775 2711 1001 2795; x_wconf 87' lang='lat' dir='ltr'>mercimoniis,</span> <span class='ocrx_word' id='word_1_195' title='bbox 1026 2733 1088 2795; x_wconf 88' lang='lat' dir='ltr'>que</span> <span class='ocrx_word' id='word_1_196' title='bbox 1113 2713 1202 2795; x_wconf 89' lang='lat' dir='ltr'>apud</span> <span class='ocrx_word' id='word_1_197' title='bbox 1227 2711 1444 2797; x_wconf 86' lang='lat' dir='ltr'>Sceingniam</span> 
     </span>
     <span class='ocr_line' id='line_1_24' title="bbox 312 2817 1439 2908; baseline 0.005 -25"><span class='ocrx_word' id='word_1_198' title='bbox 312 2817 492 2886; x_wconf 89' lang='lat' dir='ltr'>vendentur</span> <span class='ocrx_word' id='word_1_199' title='bbox 508 2819 559 2887; x_wconf 89' lang='lat' dir='ltr'>vel</span> <span class='ocrx_word' id='word_1_200' title='bbox 580 2826 735 2908; x_wconf 88' lang='lat' dir='ltr'>ementur,</span> <span class='ocrx_word' id='word_1_201' title='bbox 761 2825 868 2905; x_wconf 89' lang='lat' dir='ltr'>preter</span> <span class='ocrx_word' id='word_1_202' title='bbox 883 2839 935 2886; x_wconf 91' lang='lat' dir='ltr'>res</span> <span class='ocrx_word' id='word_1_203' title='bbox 961 2820 1112 2904; x_wconf 90' lang='lat' dir='ltr'>proprias</span> <span class='ocrx_word' id='word_1_204' title='bbox 1138 2820 1217 2886; x_wconf 89' lang='lat' dir='ltr'>dicti</span> <span class='ocrx_word' id='word_1_205' title='bbox 1244 2821 1439 2889; x_wconf 86' lang='lat' dir='ltr'>Monasterii</span> 
     </span>
     <span class='ocr_line' id='line_1_25' title="bbox 313 2924 1448 3013; baseline 0.005 -23"><span class='ocrx_word' id='word_1_206' title='bbox 313 2924 514 3009; x_wconf 87' lang='lat' dir='ltr'>Toplicensis</span> <span class='ocrx_word' id='word_1_207' title='bbox 531 2925 574 2994; x_wconf 89' lang='lat' dir='ltr'>ad</span> <span class='ocrx_word' id='word_1_208' title='bbox 589 2945 682 2992; x_wconf 92' lang='lat' dir='ltr'>usum</span> <span class='ocrx_word' id='word_1_209' title='bbox 708 2928 875 3010; x_wconf 87' lang='lat' dir='ltr'>proprium</span> <span class='ocrx_word' id='word_1_210' title='bbox 899 2925 1039 2996; x_wconf 89' lang='lat' dir='ltr'>Abbatis</span> <span class='ocrx_word' id='word_1_211' title='bbox 1066 2934 1098 2993; x_wconf 89' lang='lat' dir='ltr'>et</span> <span class='ocrx_word' id='word_1_212' title='bbox 1124 2928 1311 2995; x_wconf 83' lang='lat' dir='ltr'>Conventus</span> <span class='ocrx_word' id='word_1_213' title='bbox 1339 2931 1448 3013; x_wconf 90' lang='lat' dir='ltr'>perti-</span> 
     </span>
     <span class='ocr_line' id='line_1_26' title="bbox 314 3031 1536 3120; baseline 0.004 -22"><span class='ocrx_word' id='word_1_214' title='bbox 314 3039 426 3100; x_wconf 90' lang='lat' dir='ltr'>nentes</span> <span class='ocrx_word' id='word_1_215' title='bbox 442 3057 450 3117; x_wconf 82' lang='lat'>3</span> <span class='ocrx_word' id='word_1_216' title='bbox 467 3031 552 3117; x_wconf 86' lang='lat' dir='ltr'>quod</span> <span class='ocrx_word' id='word_1_217' title='bbox 567 3036 596 3099; x_wconf 89' lang='lat' dir='ltr'>si</span> <span class='ocrx_word' id='word_1_218' title='bbox 607 3033 705 3099; x_wconf 84' lang='lat' dir='ltr'>&#39;lieret</span> <span class='ocrx_word' id='word_1_219' title='bbox 722 3039 753 3099; x_wconf 92' lang='lat' dir='ltr'>et</span> <span class='ocrx_word' id='word_1_220' title='bbox 769 3035 899 3118; x_wconf 85' lang='lat' dir='ltr'>probari</span> <span class='ocrx_word' id='word_1_221' title='bbox 918 3043 1040 3120; x_wconf 87' lang='lat' dir='ltr'>posset,</span> <span class='ocrx_word' id='word_1_222' title='bbox 1058 3043 1124 3100; x_wconf 91' lang='lat' dir='ltr'>tam</span> <span class='ocrx_word' id='word_1_223' title='bbox 1151 3035 1223 3101; x_wconf 90' lang='lat' dir='ltr'>loco</span> <span class='ocrx_word' id='word_1_224' title='bbox 1249 3053 1348 3119; x_wconf 88' lang='lat' dir='ltr'>quarn</span> <span class='ocrx_word' id='word_1_225' title='bbox 1378 3037 1448 3103; x_wconf 91' lang='lat' dir='ltr'>edi-</span> <span class='ocrx_word' id='word_1_226' title='bbox 1535 3083 1536 3090; x_wconf 19' lang='grc' dir='ltr'><strong>κ</strong></span> 
     </span>
     <span class='ocr_line' id='line_1_27' title="bbox 301 3139 1536 3228; baseline 0.004 -23"><span class='ocrx_word' id='word_1_227' title='bbox 301 3139 396 3227; x_wconf 77' lang='lat' dir='ltr'>ticio,</span> <span class='ocrx_word' id='word_1_228' title='bbox 413 3147 449 3206; x_wconf 92' lang='lat' dir='ltr'>ut</span> <span class='ocrx_word' id='word_1_229' title='bbox 465 3139 584 3207; x_wconf 89' lang='lat' dir='ltr'>dietum</span> <span class='ocrx_word' id='word_1_230' title='bbox 601 3146 661 3228; x_wconf 91' lang='lat' dir='ltr'>est,</span> <span class='ocrx_word' id='word_1_231' title='bbox 679 3141 892 3226; x_wconf 85' lang='lat' dir='ltr'>privarentur.</span> <span class='ocrx_word' id='word_1_232' title='bbox 908 3141 1026 3209; x_wconf 90' lang='lat' dir='ltr'>Verum</span> <span class='ocrx_word' id='word_1_233' title='bbox 1044 3161 1097 3209; x_wconf 91' lang='lat' dir='ltr'>res</span> <span class='ocrx_word' id='word_1_234' title='bbox 1107 3141 1256 3228; x_wconf 87' lang='lat' dir='ltr'>proprias</span> <span class='ocrx_word' id='word_1_235' title='bbox 1273 3141 1442 3211; x_wconf 89' lang='lat' dir='ltr'>dictorum</span> <span class='ocrx_word' id='word_1_236' title='bbox 1535 3189 1536 3216; x_wconf 57' lang='lat'>2</span> 
     </span>
     <span class='ocr_line' id='line_1_28' title="bbox 312 3246 1536 3342; baseline 0.001 -28"><span class='ocrx_word' id='word_1_237' title='bbox 312 3248 452 3314; x_wconf 83' lang='lat' dir='ltr'>Abbatis</span> <span class='ocrx_word' id='word_1_238' title='bbox 468 3256 501 3315; x_wconf 89' lang='lat' dir='ltr'>et</span> <span class='ocrx_word' id='word_1_239' title='bbox 516 3246 701 3316; x_wconf 86' lang='lat' dir='ltr'>Conventus</span> <span class='ocrx_word' id='word_1_240' title='bbox 717 3247 790 3317; x_wconf 90' lang='lat' dir='ltr'>usui</span> <span class='ocrx_word' id='word_1_241' title='bbox 806 3249 948 3333; x_wconf 89' lang='lat' dir='ltr'>ipsorum</span> <span class='ocrx_word' id='word_1_242' title='bbox 966 3249 1171 3316; x_wconf 86' lang='lat' dir='ltr'>necessarias</span> <span class='ocrx_word' id='word_1_243' title='bbox 1187 3248 1287 3317; x_wconf 89' lang='lat' dir='ltr'>liccat</span> <span class='ocrx_word' id='word_1_244' title='bbox 1313 3251 1364 3318; x_wconf 88' lang='lat' dir='ltr'>eis</span> <span class='ocrx_word' id='word_1_245' title='bbox 1382 3252 1447 3318; x_wconf 89' lang='lat' dir='ltr'>ihi·</span> <span class='ocrx_word' id='word_1_246' title='bbox 1535 3287 1536 3342; x_wconf 26' lang='grc' dir='ltr'><strong>ᾗ</strong></span> 
     </span>
     <span class='ocr_line' id='line_1_29' title="bbox 313 3353 1536 3442; baseline 0.002 -20"><span class='ocrx_word' id='word_1_247' title='bbox 313 3355 385 3422; x_wconf 88' lang='lat' dir='ltr'>dem</span> <span class='ocrx_word' id='word_1_248' title='bbox 404 3374 509 3422; x_wconf 89' lang='lat' dir='ltr'>emere</span> <span class='ocrx_word' id='word_1_249' title='bbox 526 3363 560 3423; x_wconf 91' lang='lat' dir='ltr'>et</span> <span class='ocrx_word' id='word_1_250' title='bbox 576 3353 726 3442; x_wconf 88' lang='lat' dir='ltr'>vendere,</span> <span class='ocrx_word' id='word_1_251' title='bbox 751 3375 910 3440; x_wconf 91' lang='lat' dir='ltr'>reponere</span> <span class='ocrx_word' id='word_1_252' title='bbox 937 3361 969 3422; x_wconf 92' lang='lat' dir='ltr'>et</span> <span class='ocrx_word' id='word_1_253' title='bbox 993 3356 1070 3422; x_wconf 89' lang='lat' dir='ltr'>indo</span> <span class='ocrx_word' id='word_1_254' title='bbox 1095 3358 1263 3424; x_wconf 83' lang='lat' dir='ltr'>extrahere</span> <span class='ocrx_word' id='word_1_255' title='bbox 1289 3356 1395 3425; x_wconf 89' lang='lat' dir='ltr'>libere</span> <span class='ocrx_word' id='word_1_256' title='bbox 1415 3367 1449 3425; x_wconf 88' lang='lat' dir='ltr'>et</span> <span class='ocrx_word' id='word_1_257' title='bbox 1535 3403 1536 3406; x_wconf 54' lang='lat'><em>=</em></span> 
     </span>
     <span class='ocr_line' id='line_1_30' title="bbox 318 3453 1536 3550; baseline 0.004 -21"><span class='ocrx_word' id='word_1_258' title='bbox 318 3463 455 3549; x_wconf 88' lang='lat' dir='ltr'>pacifice</span> <span class='ocrx_word' id='word_1_259' title='bbox 470 3484 529 3550; x_wconf 91' lang='lat' dir='ltr'>pro</span> <span class='ocrx_word' id='word_1_260' title='bbox 544 3483 602 3530; x_wconf 88' lang='lat' dir='ltr'>sue</span> <span class='ocrx_word' id='word_1_261' title='bbox 618 3461 711 3530; x_wconf 90' lang='lat' dir='ltr'>libito</span> <span class='ocrx_word' id='word_1_262' title='bbox 728 3461 917 3530; x_wconf 85' lang='lat' dir='ltr'>voluntatis.</span> <span class='ocrx_word' id='word_1_263' title='bbox 935 3463 1037 3531; x_wconf 92' lang='lat' dir='ltr'>Porro</span> <span class='ocrx_word' id='word_1_264' title='bbox 1053 3463 1081 3530; x_wconf 90' lang='lat' dir='ltr'>si</span> <span class='ocrx_word' id='word_1_265' title='bbox 1100 3466 1302 3549; x_wconf 90' lang='lat' dir='ltr'>contingeret</span> <span class='ocrx_word' id='word_1_266' title='bbox 1319 3484 1446 3534; x_wconf 90' lang='lat' dir='ltr'>memo·</span> <span class='ocrx_word' id='word_1_267' title='bbox 1535 3453 1536 3512; x_wconf 48' lang='lat'><em>3</em></span> 
     </span>
     <span class='ocr_line' id='line_1_31' title="bbox 312 3567 1449 3656; baseline 0.005 -22"><span class='ocrx_word' id='word_1_268' title='bbox 312 3581 400 3637; x_wconf 82' lang='lat' dir='ltr'>ratos</span> <span class='ocrx_word' id='word_1_269' title='bbox 416 3569 532 3636; x_wconf 82' lang='lat' dir='ltr'>fratres</span> <span class='ocrx_word' id='word_1_270' title='bbox 549 3571 673 3637; x_wconf 90' lang='lat' dir='ltr'>Domus</span> <span class='ocrx_word' id='word_1_271' title='bbox 688 3569 819 3656; x_wconf 79' lang='lat' dir='ltr'>Templi</span> <span class='ocrx_word' id='word_1_272' title='bbox 836 3569 990 3636; x_wconf 85' lang='lat' dir='ltr'>edificare</span> <span class='ocrx_word' id='word_1_273' title='bbox 1019 3567 1183 3636; x_wconf 82' lang='lat' dir='ltr'>fundicum</span> <span class='ocrx_word' id='word_1_274' title='bbox 1204 3571 1396 3656; x_wconf 85' lang='lat' dir='ltr'>Scieugnie,</span> <span class='ocrx_word' id='word_1_275' title='bbox 1414 3573 1449 3640; x_wconf 93' lang='lat' dir='ltr'>in</span> 
     </span>
     <span class='ocr_line' id='line_1_32' title="bbox 306 3677 1446 3764; baseline 0.004 -20"><span class='ocrx_word' id='word_1_276' title='bbox 306 3697 376 3761; x_wconf 39' lang='lat' dir='ltr'>xuuo</span> <span class='ocrx_word' id='word_1_277' title='bbox 411 3679 521 3743; x_wconf 91' lang='lat' dir='ltr'>omnia</span> <span class='ocrx_word' id='word_1_278' title='bbox 546 3677 754 3745; x_wconf 88' lang='lat' dir='ltr'>mercimonia</span> <span class='ocrx_word' id='word_1_279' title='bbox 779 3677 999 3744; x_wconf 86' lang='lat' dir='ltr'>venderentur</span> <span class='ocrx_word' id='word_1_280' title='bbox 1023 3685 1054 3744; x_wconf 92' lang='lat' dir='ltr'>et</span> <span class='ocrx_word' id='word_1_281' title='bbox 1089 3686 1281 3761; x_wconf 90' lang='lat' dir='ltr'>emerentur,</span> <span class='ocrx_word' id='word_1_282' title='bbox 1317 3681 1446 3764; x_wconf 84' lang='lat' dir='ltr'>prefati</span> 
     </span>
     <span class='ocr_line' id='line_1_33' title="bbox 305 3784 1448 3876; baseline 0.01 -30"><span class='ocrx_word' id='word_1_283' title='bbox 305 3785 423 3853; x_wconf 21' lang='lat' dir='ltr'>,Abbas</span> <span class='ocrx_word' id='word_1_284' title='bbox 438 3791 471 3852; x_wconf 91' lang='lat' dir='ltr'>et</span> <span class='ocrx_word' id='word_1_285' title='bbox 488 3785 673 3853; x_wconf 88' lang='lat' dir='ltr'>Conventus</span> <span class='ocrx_word' id='word_1_286' title='bbox 689 3785 722 3852; x_wconf 93' lang='lat' dir='ltr'>in</span> <span class='ocrx_word' id='word_1_287' title='bbox 740 3785 811 3873; x_wconf 90' lang='lat' dir='ltr'>ipso</span> <span class='ocrx_word' id='word_1_288' title='bbox 827 3784 967 3873; x_wconf 84' lang='lat' dir='ltr'>leudico,</span> <span class='ocrx_word' id='word_1_289' title='bbox 984 3789 1016 3853; x_wconf 91' lang='lat' dir='ltr'>et</span> <span class='ocrx_word' id='word_1_290' title='bbox 1032 3807 1097 3855; x_wconf 91' lang='lat' dir='ltr'>non</span> <span class='ocrx_word' id='word_1_291' title='bbox 1114 3787 1148 3852; x_wconf 91' lang='lat' dir='ltr'>in</span> <span class='ocrx_word' id='word_1_292' title='bbox 1173 3788 1304 3873; x_wconf 89' lang='lat' dir='ltr'>propria</span> <span class='ocrx_word' id='word_1_293' title='bbox 1332 3787 1448 3876; x_wconf 90' lang='lat' dir='ltr'>domo,</span> 
     </span>
     <span class='ocr_line' id='line_1_34' title="bbox 312 3892 1536 3980; baseline 0.004 -21"><span class='ocrx_word' id='word_1_294' title='bbox 312 3912 364 3961; x_wconf 87' lang='lat' dir='ltr'>ree</span> <span class='ocrx_word' id='word_1_295' title='bbox 382 3913 461 3961; x_wconf 88' lang='lat' dir='ltr'>suas</span> <span class='ocrx_word' id='word_1_296' title='bbox 478 3892 619 3961; x_wconf 90' lang='lat' dir='ltr'>vendere</span> <span class='ocrx_word' id='word_1_297' title='bbox 636 3899 668 3960; x_wconf 90' lang='lat' dir='ltr'>ct</span> <span class='ocrx_word' id='word_1_298' title='bbox 694 3915 800 3962; x_wconf 89' lang='lat' dir='ltr'>emere</span> <span class='ocrx_word' id='word_1_299' title='bbox 825 3901 1023 3980; x_wconf 90' lang='lat' dir='ltr'>tenerentur,</span> <span class='ocrx_word' id='word_1_300' title='bbox 1048 3893 1151 3962; x_wconf 88' lang='lat' dir='ltr'>libere</span> <span class='ocrx_word' id='word_1_301' title='bbox 1175 3902 1284 3963; x_wconf 91' lang='lat' dir='ltr'>tamen</span> <span class='ocrx_word' id='word_1_302' title='bbox 1312 3905 1344 3963; x_wconf 91' lang='lat' dir='ltr'>et</span> <span class='ocrx_word' id='word_1_303' title='bbox 1371 3898 1449 3964; x_wconf 89' lang='lat' dir='ltr'>sine</span> <span class='ocrx_word' id='word_1_304' title='bbox 1535 3911 1536 3948; x_wconf 56' lang='lat'>³</span> 
     </span>
     <span class='ocr_line' id='line_1_35' title="bbox 309 3999 1450 4088; baseline 0.006 -23"><span class='ocrx_word' id='word_1_305' title='bbox 309 3999 432 4066; x_wconf 88' lang='lat' dir='ltr'>tributo</span> <span class='ocrx_word' id='word_1_306' title='bbox 458 4000 581 4088; x_wconf 89' lang='lat' dir='ltr'>aliquo,</span> <span class='ocrx_word' id='word_1_307' title='bbox 606 4001 690 4068; x_wconf 89' lang='lat' dir='ltr'>siout</span> <span class='ocrx_word' id='word_1_308' title='bbox 715 4002 749 4068; x_wconf 92' lang='lat' dir='ltr'>in</span> <span class='ocrx_word' id='word_1_309' title='bbox 775 4000 869 4069; x_wconf 90' lang='lat' dir='ltr'>domo</span> <span class='ocrx_word' id='word_1_310' title='bbox 897 4021 957 4070; x_wconf 89' lang='lat' dir='ltr'>sua</span> <span class='ocrx_word' id='word_1_311' title='bbox 981 4003 1180 4088; x_wconf 87' lang='lat' dir='ltr'>supradicta.</span> <span class='ocrx_word' id='word_1_312' title='bbox 1209 4003 1246 4076; x_wconf 88' lang='lat' dir='ltr'>ln</span> <span class='ocrx_word' id='word_1_313' title='bbox 1273 4003 1367 4072; x_wconf 90' lang='lat' dir='ltr'>euius</span> <span class='ocrx_word' id='word_1_314' title='bbox 1397 4009 1450 4074; x_wconf 92' lang='lat' dir='ltr'>rei</span> 
     </span>
     <span class='ocr_line' id='line_1_36' title="bbox 310 4107 1536 4196; baseline 0.004 -20"><span class='ocrx_word' id='word_1_315' title='bbox 310 4110 467 4178; x_wconf 85' lang='lat' dir='ltr'>noticiam</span> <span class='ocrx_word' id='word_1_316' title='bbox 485 4115 517 4176; x_wconf 92' lang='lat' dir='ltr'>et</span> <span class='ocrx_word' id='word_1_317' title='bbox 533 4111 720 4176; x_wconf 87' lang='lat' dir='ltr'>memoriam</span> <span class='ocrx_word' id='word_1_318' title='bbox 741 4107 926 4178; x_wconf 90' lang='lat' dir='ltr'>habendam</span> <span class='ocrx_word' id='word_1_319' title='bbox 943 4109 977 4176; x_wconf 93' lang='lat' dir='ltr'>in</span> <span class='ocrx_word' id='word_1_320' title='bbox 1004 4115 1167 4195; x_wconf 90' lang='lat' dir='ltr'>posterum</span> <span class='ocrx_word' id='word_1_321' title='bbox 1192 4112 1372 4196; x_wconf 89' lang='lat' dir='ltr'>pleniorem</span> <span class='ocrx_word' id='word_1_322' title='bbox 1402 4114 1448 4181; x_wconf 84' lang='lat' dir='ltr'>ed</span> <span class='ocrx_word' id='word_1_323' title='bbox 1535 4123 1536 4136; x_wconf 63' lang='lat'>¹</span> 
     </span>
     <span class='ocr_line' id='line_1_37' title="bbox 308 4215 1447 4305; baseline 0.005 -20"><span class='ocrx_word' id='word_1_324' title='bbox 308 4235 422 4305; x_wconf 88' lang='lat' dir='ltr'>preces</span> <span class='ocrx_word' id='word_1_325' title='bbox 436 4215 605 4301; x_wconf 90' lang='lat' dir='ltr'>utriusque</span> <span class='ocrx_word' id='word_1_326' title='bbox 621 4217 735 4305; x_wconf 89' lang='lat' dir='ltr'>partis,</span> <span class='ocrx_word' id='word_1_327' title='bbox 752 4226 921 4304; x_wconf 88' lang='lat' dir='ltr'>presentes</span> <span class='ocrx_word' id='word_1_328' title='bbox 938 4217 1050 4286; x_wconf 88' lang='lat' dir='ltr'>literas</span> <span class='ocrx_word' id='word_1_329' title='bbox 1066 4238 1125 4303; x_wconf 88' lang='lat' dir='ltr'>per</span> <span class='ocrx_word' id='word_1_330' title='bbox 1150 4218 1364 4305; x_wconf 87' lang='lat' dir='ltr'>alphabetum</span> <span class='ocrx_word' id='word_1_331' title='bbox 1393 4224 1447 4290; x_wconf 90' lang='lat' dir='ltr'>di·</span> 
     </span>
     <span class='ocr_line' id='line_1_38' title="bbox 307 4323 1451 4415; baseline 0.006 -23"><span class='ocrx_word' id='word_1_332' title='bbox 307 4326 407 4411; x_wconf 88' lang='lat' dir='ltr'>visas,</span> <span class='ocrx_word' id='word_1_333' title='bbox 424 4323 524 4410; x_wconf 90' lang='lat' dir='ltr'>sigilli</span> <span class='ocrx_word' id='word_1_334' title='bbox 540 4325 643 4394; x_wconf 90' lang='lat' dir='ltr'>nostri</span> <span class='ocrx_word' id='word_1_335' title='bbox 660 4327 838 4394; x_wconf 91' lang='lat' dir='ltr'>munimine</span> <span class='ocrx_word' id='word_1_336' title='bbox 848 4325 996 4394; x_wconf 90' lang='lat' dir='ltr'>dedimus</span> <span class='ocrx_word' id='word_1_337' title='bbox 1007 4327 1189 4394; x_wconf 88' lang='lat' dir='ltr'>roboratas.</span> <span class='ocrx_word' id='word_1_338' title='bbox 1201 4326 1348 4406; x_wconf 79' lang='lat' dir='ltr'>Quarum</span> <span class='ocrx_word' id='word_1_339' title='bbox 1367 4351 1451 4415; x_wconf 87' lang='lat' dir='ltr'>par·</span> 
     </span>
     <span class='ocr_line' id='line_1_39' title="bbox 294 4431 1446 4522; baseline 0.004 -21"><span class='ocrx_word' id='word_1_340' title='bbox 294 4441 371 4502; x_wconf 88' lang='lat' dir='ltr'>tem</span> <span class='ocrx_word' id='word_1_341' title='bbox 397 4452 494 4501; x_wconf 89' lang='lat' dir='ltr'>unam</span> <span class='ocrx_word' id='word_1_342' title='bbox 515 4431 636 4500; x_wconf 89' lang='lat' dir='ltr'>habent</span> <span class='ocrx_word' id='word_1_343' title='bbox 661 4433 822 4520; x_wconf 86' lang='lat' dir='ltr'>sepedicti</span> <span class='ocrx_word' id='word_1_344' title='bbox 855 4435 967 4503; x_wconf 85' lang='lat' dir='ltr'>Abbas</span> <span class='ocrx_word' id='word_1_345' title='bbox 996 4443 1029 4504; x_wconf 91' lang='lat' dir='ltr'>et</span> <span class='ocrx_word' id='word_1_346' title='bbox 1054 4436 1250 4522; x_wconf 89' lang='lat' dir='ltr'>Conventus,</span> <span class='ocrx_word' id='word_1_347' title='bbox 1276 4443 1309 4502; x_wconf 88' lang='lat' dir='ltr'>et</span> <span class='ocrx_word' id='word_1_348' title='bbox 1335 4437 1446 4506; x_wconf 87' lang='lat' dir='ltr'>aliam</span> 
     </span>
     <span class='ocr_line' id='line_1_40' title="bbox 302 4539 1447 4626; baseline 0.008 -20"><span class='ocrx_word' id='word_1_349' title='bbox 302 4541 431 4608; x_wconf 87' lang='lat' dir='ltr'>Domus</span> <span class='ocrx_word' id='word_1_350' title='bbox 467 4539 602 4626; x_wconf 91' lang='lat' dir='ltr'>Templi.</span> <span class='ocrx_word' id='word_1_351' title='bbox 637 4540 785 4610; x_wconf 86' lang='lat' dir='ltr'>Ceterum</span> <span class='ocrx_word' id='word_1_352' title='bbox 811 4541 854 4610; x_wconf 88' lang='lat' dir='ltr'>ad</span> <span class='ocrx_word' id='word_1_353' title='bbox 881 4543 1036 4610; x_wconf 91' lang='lat' dir='ltr'>maiorem</span> <span class='ocrx_word' id='word_1_354' title='bbox 1061 4544 1225 4612; x_wconf 87' lang='lat' dir='ltr'>cautelam</span> <span class='ocrx_word' id='word_1_355' title='bbox 1252 4551 1284 4613; x_wconf 90' lang='lat' dir='ltr'>et</span> <span class='ocrx_word' id='word_1_356' title='bbox 1309 4545 1447 4616; x_wconf 88' lang='lat' dir='ltr'>roboris</span> 
     </span>
    </p>
   </div>
   <div class='ocr_carea' id='block_1_5' title="bbox 0 0 1544 5128">
    <p class='ocr_par' dir='ltr' id='par_1_5' title="bbox 0 0 1544 5128">
     <span class='ocr_line' id='line_1_41' title="bbox 0 0 1544 5128; baseline 0 3"><span class='ocrx_word' id='word_1_357' title='bbox 0 0 1544 5128; x_wconf 95' lang='lat' dir='ltr'> </span> 
     </span>
    </p>
   </div>
  </div>
 </body>
</html>
