3208 5158
852 903 927 972 399.

325 1101 453 1174 bound
474 1097 655 1172 rziaoouiai
676 1098 809 1168 bdnouk
838 1095 1098 1186 Vinodolfo'lddt
1113 1104 1274 1190 tcirpyazd
1298 1103 1402 1170 indere
1429 1127 1451 1170 a

483 1213 636 1300 topuobai
659 1214 803 1299 apdtsdp
826 1211 859 1278 έι
881 1231 902 1274 u
924 1209 1075 1277 biiuaiak
1089 1211 1169 1277 iudet.
1188 1210 1286 1279 1266.

424 1408 592 1480 Rolendns
618 1408 729 1475 Bonus
752 1409 856 1475 tonius
871 1403 1046 1474 Solanonie
1060 1405 1211 1502 omnibus
1227 1413 1295 1475 tum
1312 1427 1449 1497 presen-

269 1509 273 1518 ’
316 1521 402 1591 tibus
417 1539 517 1606 quom
533 1517 661 1606 foturis,
676 1535 810 1604 presens
838 1514 993 1600 seriptum
1017 1513 1226 1604 inspecturis,
1252 1517 1394 1586 sulutem
1411 1519 1447 1586 in

226 1677 231 1688 .
315 1649 392 1696 vero
408 1626 552 1696 solutori.
581 1625 634 1692 Ad
650 1624 873 1693 universorum
891 1623 1047 1691 noticiam
1063 1623 1177 1691 hnmm
1193 1625 1279 1692 serie
1293 1627 1445 1696 volumus

315 1736 486 1822 pervenire
500 1759 509 1803 ι
525 1732 611 1820 quod
621 1753 693 1802 enm
704 1734 787 1800 inter
803 1729 905 1819 Gurk,
921 1731 1090 1821 Jnoobnm,
1104 1732 1248 1820 Mntbny,
1266 1731 1443 1820 Georgium

313 1846 391 1931 Isip‚
422 1841 575 1930 ethnk,
599 1841 737 1911 onelios
768 1841 935 1910 universos
964 1839 1145 1928 Blynenses
1176 1843 1220 1911 sb
1236 1861 1305 1910 nno
1333 1850 1440 1932 perte,

314 1952 523 2022 Gellersrinm
540 1949 766 2037 'Poplioensem
783 1957 816 2018 et
830 1949 916 2016 Huet
932 1947 1090 2017 Comitem
1107 1948 1253 2018 eiusdem
1278 1949 1438 2038 Eoolesie,

313 2080 412 2148 snper
428 2060 513 2128 sueto
530 2064 616 2126 terre
631 2055 769 2124 Vinodol
779 2061 812 2123 et
820 2054 926 2124 vineis
941 2054 976 2122 in
992 2055 1106 2122 eadem
1121 2061 1208 2124 terre
1224 2055 1440 2126 existentibus

311 2170 450 2236 materia
483 2165 658 2253 questionis
684 2171 717 2232 et
742 2162 937 2250 disceptnoio
962 2161 1088 2232 diuoius
1114 2163 1254 2234 inissent
1277 2165 1439 2234 ventilato

311 2297 420 2346 eorem
435 2275 541 2364 nobis,
556 2281 588 2343 et
603 2273 749 2362 pereium
765 2269 970 2340 eontoneioni
984 2273 1081 2340 finem
1097 2271 1239 2340 debitum
1256 2277 1289 2342 et
1302 2273 1439 2342 sitouoi-

310 2407 364 2454 nm
380 2385 546 2471 imponere
560 2383 775 2454 voluissemus
791 2385 982 2468 perpetuum
997 2379 1174 2449 iudionndo
1189 2386 1224 2450 ot
1247 2379 1437 2450 disoornen·

309 2494 351 2562 do
377 2492 523 2579 persium
554 2489 723 2559 voluntate
748 2490 781 2556 in
797 2490 882 2557 hune
907 2487 1036 2558 modum
1053 2511 1062 2554 ι
1079 2486 1210 2573 quodsi
1235 2487 1435 2559 Geilernrins

310 2609 342 2670 st
358 2603 473 2671 Comes
489 2598 576 2670 Huet
590 2597 773 2687 prescripti,
790 2597 824 2665 in
839 2595 929 2686 dore
945 2617 1056 2666 eorem
1070 2597 1269 2686 Preosptore
1285 2595 1435 2668 eiusdem

309 2709 373 2780 iooi
387 2713 570 2799 prestarent
586 2713 820 2777 seernmentum
838 2725 998 2794 supereo,
1025 2705 1186 2792 quidquid
1209 2705 1394 2794 incipiendo
1411 2727 1438 2774 a

308 2818 574 2906 Damusingeren
588 2834 688 2902 nsque
719 2813 763 2882 nd
794 2813 949 2884 terminos
979 2814 1039 2882 iiiii
1070 2812 1248 2900 Stepkonis
1277 2821 1380 2884 metas
1396 2822 1436 2884 et

305 2925 459 2994 terminos
488 2925 593 3013 ipsius
623 2931 708 2994 terre
738 2922 888 3012 Vyuodol
918 2923 1005 2991 iusto
1029 2921 1125 2990 modo
1141 2922 1383 2990 reembulurent
1395 2929 1435 2992 et
1520 3009 1526 3016 ,

304 3034 519 3122 ostenderent,
537 3053 597 3102 neo
612 3031 739 3118 aliquid
757 3037 850 3100 extre
865 3038 973 3099 neotus
989 3036 1095 3098 metes
1119 3031 1296 3116 prooedore
1319 3051 1433 3119 preeu-

301 3149 436 3228 merent,
461 3147 493 3210 et
508 3142 682 3210 seeundum
713 3138 801 3225 quod
830 3139 967 3228 prestito
998 3145 1203 3208 sacramento
1218 3139 1431 3208 ostenderent

298 3269 359 3320 seu
374 3249 591 3335 assignarent,
615 3247 714 3316 iidem
737 3247 919 3336 Blynenses
935 3247 1089 3318 deberent
1107 3247 1258 3335 tolerare,
1277 3254 1311 3315 et
1327 3246 1429 3316 relin-

301 3366 436 3442 querent
450 3357 556 3445 ipsnm
572 3361 691 3426 terrum
708 3354 855 3426 iioelesie
884 3357 1040 3450 predicto,
1074 3359 1160 3428 siout
1189 3353 1287 3423 iidem
1320 3353 1431 3424 Uelle—

299 3465 404 3534 rnrius
436 3473 468 3534 et
491 3465 577 3534 Huet
592 3463 708 3534 Oomes
724 3464 858 3552 prestito
871 3474 1075 3538 sacramento
1091 3469 1300 3553 assignarem
1314 3483 1426 3534 eornm

300 3573 458 3661 pristaldo
474 3579 585 3642 nostro
606 3580 639 3641 et
662 3575 845 3645 testimonio
870 3575 1058 3646 eorundum.
1081 3576 1290 3647 Adveniente
1312 3576 1429 3660 inque

297 3680 371 3769 ipso
394 3683 533 3749 termino
558 3679 654 3751 iidem
682 3681 881 3754 dollerarius
907 3691 941 3754 et
965 3685 1080 3754 Comes
1105 3685 1192 3753 Hnet
1214 3685 1430 3772 prestiterunt

296 3794 539 3858 sacramentum
555 3793 590 3856 ut
605 3788 768 3858 debebant
783 3792 874 3860 iuxto
901 3792 1036 3862 formam
1066 3801 1287 3880 prenotatam.
1316 3789 1429 3860 Iidem

294 3893 404 3981 itaque
434 3896 618 3983 Blynenses
646 3896 752 3985 ipsam
782 3905 900 3968 terrem
933 3899 1083 3988 Vynodol
1113 3901 1256 3990 predicte
1270 3899 1424 3968 Euolesie

293 4001 495 4087 reliquerunt
508 4003 643 4090 pnoifioe
660 4011 692 4072 et
707 4004 962 4077 irrevoo'abiliter
977 4009 1048 4080 sine
1071 4010 1211 4079 alienius
1238 4006 1427 4080 oontrndie·

293 4111 389 4177 oione
413 4117 570 4198 perpetuo
586 4113 828 4199 possidendam,
848 4115 1000 4204 Wikooy,
1017 4116 1159 4205 Stephon
1175 4127 1208 4187 et
1223 4118 1328 4205 Iwan,
1342 4115 1424 4184 titiis

292 4215 370 4283 wtk
385 4235 577 4286 eonsensum
592 4221 800 4306 prebentibus
821 4223 998 4312 liberalem,
1026 4231 1121 4313 prout
1144 4225 1179 4295 iu
1204 4225 1308 4294 literis
1333 4223 1423 4291 eius-

291 4322 365 4391 dem
380 4324 661 4397 eommendntoriis
675 4330 769 4398 nobis
784 4329 922 4399 innotuit
938 4332 1113 4403 euidenter.
1133 4333 1288 4402 Similiter
1298 4334 1418 4403 vineas

291 4449 390 4517 snper
405 4430 520 4500 endem
536 4439 624 4504 terro
641 4436 830 4528 existentes,
846 4439 931 4508 sient
961 4441 1077 4510 Comes
1098 4440 1233 4511 Herenk
1263 4459 1359 4529 quern
1374 4442 1424 4510 ad

291 4536 352 4614 hoo
363 4540 511 4636 peruium
540 4543 717 4616 voluntate
736 4547 957 4620 direxeramus
973 4549 1195 4640 deputandum
1211 4552 1370 4645 renitavit,
1386 4562 1424 4628 et
