3120 5148
118 1155 249 1248 Rapere
266 1157 361 1220 odron
375 1149 549 1220 bobobertus
565 1173 587 1214 o
603 1145 736 1216 Κασσίου
752 1147 977 1234 nemzoee‘pqst.
1004 1148 1101 1218 1199.
1129 1149 1234 1215 beriti.

219 1351 318 1418 Anne
344 1347 475 1418 Domini
501 1345 674 1415 millesimo
706 1345 882 1414 uentosimo
907 1345 1175 1431 nonagesimo-
1192 1381 1236 1396 -

121 1493 155 1506 —-
178 1494 213 1508 ·-
233 1479 293 1526 nos
325 1455 456 1524 Oeziebi
473 1476 545 1524 oum
575 1455 735 1541 Raguseis
765 1456 904 1522 feoimus
920 1473 1035 1541 paoem
1051 1455 1111 1522 sub
1128 1473 1236 1522 soora·

117 1575 219 1636 mento
237 1575 270 1632 et
285 1566 345 1632 snb
361 1564 422 1631 tali
448 1563 652 1631 uenditione:
678 1561 723 1631 Ut
737 1563 804 1649 ipsi
819 1562 962 1648 Ragosei
982 1596 1022 1612 -·
1038 1599 1082 1614 -
1100 1593 1140 1606 -
1161 1601 1198 1610 -
1217 1583 1239 1630 a

118 1656 264 1746 Ceziehis
280 1674 353 1742 sani
370 1693 387 1740 e
405 1673 490 1740 salui
505 1673 572 1740 sint
588 1692 659 1739 eum
683 1670 841 1759 omnibus,
858 1689 974 1756 nequo,
990 1670 1017 1738 si
1034 1673 1069 1737 in
1084 1689 1233 1755 quooum-

116 1805 174 1871 qne
190 1785 263 1852 loeo
280 1781 512 1868 invenirentur,
529 1779 667 1847 debeant
679 1782 721 1846 ab
732 1780 813 1865 ipsis
824 1778 999 1848 molestari.
1017 1779 1104 1848 Etsi
1119 1781 1238 1866 aliquis

117 1895 157 1960 de
173 1888 322 1962 Gaziohis
353 1906 412 1974 per
427 1887 553 1955 sortium
571 1887 704 1972 aliquod
734 1888 896 1972 Ruguseis
912 1888 1031 1971 tulerit,
1064 1908 1233 1975 personam

119 2001 219 2086 ipsius
249 1997 410 2064 tribuatur
438 1995 612 2080 Ruguseis.
628 1997 663 2062 Si
679 2016 757 2063 uero
787 1995 905 2084 uliquis
920 2016 1033 2064 servus
1047 1996 1175 2082 fugeret
1190 1997 1231 2064 (le

111 2108 261 2195 Ragnsio
276 2105 321 2172 ad
337 2125 408 2189 nos,
425 2110 457 2171 et
468 2101 614 2172 deminus
630 2103 698 2170 eius
715 2105 878 2188 querendo
894 2103 1121 2192 supervenerit,
1140 2123 1231 2171 uno-

111 2220 159 2286 bis
181 2215 337 2308 optimam
356 2218 387 2280 et
404 2213 534 2298 plenam
550 2209 672 2279 habeut
687 2213 856 2283 iustitiam.
873 2213 915 2282 Et
930 2217 959 2282 si
974 2231 1076 2281 neves
1094 2211 1134 2280 de
1149 2213 1233 2300 Apu·

114 2328 158 2394 lie
174 2325 355 2412 Ragusinm
371 2321 518 2388 venerint
533 2343 554 2388 a
568 2321 712 2388 Malonto
729 2341 831 2406 usqne
846 2321 889 2389 ad
906 2323 1067 2410 Vratenio,
1085 2323 1178 2392 salve
1193 2323 1228 2388 fi-

115 2441 178 2502 ant.
188 2435 343 2501 Heosunt
353 2431 484 2497 nomina
495 2427 715 2518 Oaziehorunr,
733 2431 788 2516 qui
803 2432 935 2500 iuratis:
952 2432 1101 2518 anenns
1117 2430 1232 2515 Brona,

115 2544 169 2612 filii
183 2543 332 2633 Nieolay,
349 2538 516 2608 Borislaus
548 2539 660 2609 Simon
677 2549 708 2612 et
724 2541 907 2630 Boedanns,
924 2541 1036 2607 Petrus
1052 2538 1231 2628 Voleinnio,

113 2651 331 2737 Teerdennus,
348 2655 523 2745 Veleoene,
555 2657 716 2742 Sebenna,
731 2655 851 2723 Veiooe
867 2653 1067 2739 Deobiunee,
1084 2657 1116 2719 et
1130 2649 1233 2716 irater

112 2759 178 2828 eins
191 2759 337 2852 Dragan,
353 2761 412 2830 filii
427 2764 599 2852 Grebinne,
623 2764 830 2834 Dessisluees
857 2758 1002 2846 Raddos,
1021 2769 1052 2828 et
1068 2759 1184 2828 Sintoa
1200 2761 1233 2823 ot

110 2867 261 2938 Gurreeb.

213 2979 304 3047 Etex
316 2987 410 3067 parto
420 2982 554 3068 Ragusii
565 3001 679 3070 paoem
690 2985 775 3051 hano
786 2979 987 3068 firmandam,
1003 2978 1106 3065 primo
1116 2975 1231 3043 eomes

109 3084 226 3154 iurarit
241 3088 428 3176 Gervasius,
456 3093 546 3160 selvo
559 3092 739 3161 iuramento
756 3090 878 3159 domini
894 3089 955 3170 sui,
972 3087 1097 3156 Siabba
1112 3081 1229 3150 Lueari

108 3191 224 3284 index,
241 3195 439 3266 Dersimirus
455 3197 571 3284 Judex,
602 3201 745 3267 Luoerns
761 3198 913 3285 Niooiay,
938 3195 1046 3262 Debre
1071 3189 1227 3276 Stepatie,

107 3299 199 3369 Vitns
224 3303 399 3390 Lampredi
421 3341 457 3356 -
476 3343 520 3356 —
536 3339 580 3351 —-
597 3339 641 3352 -
659 3307 792 3394 Sergius
821 3304 1000 3389 Biadimiri,
1031 3301 1149 3368 Petrus
1164 3297 1227 3362 Bu·

107 3407 224 3500 banne,
241 3411 383 3482 Savines
400 3449 442 3463 -
461 3455 499 3466 -
523 3452 559 3462 -
581 3456 618 3467 -
639 3415 749 3483 Simon
773 3415 940 3506 Stephani,
977 3409 1119 3482 Dneeius
1135 3407 1228 3476 Lam·

106 3515 231 3600 pridies
247 3519 442 3590 Debrenize.

194 3625 287 3692 Anne
298 3628 429 3696 Domini
440 3635 614 3702 eentesimo
625 3633 836 3720 nonagesimo
849 3669 889 3682 -
901 3669 945 3682 -
957 3627 1230 3698 mensisFobrua·

105 3730 211 3818 rii,die
220 3733 335 3802 Sanoti
345 3735 457 3808 Blasii.
469 3737 644 3810 servasius
654 3742 768 3810 Comes
778 3744 868 3810 faeta
880 3741 975 3810 Curia
985 3761 1057 3810 oum
1070 3755 1231 3822 eempana

107 3878 145 3889 -
168 3876 204 3889 -
225 3875 265 3886 -
286 3879 325 3889 -
343 3845 510 3914 Nobilium
528 3855 561 3914 et
576 3849 776 3937 Sapientem,
792 3859 852 3920 eto.
869 3850 1029 3935 statuitur,
1056 3849 1142 3936 quod
1159 3849 1227 3932 qui·

103 3945 186 4014 libet
202 3957 373 4020 extraneus
389 3955 491 4038 possit
507 3957 617 4026 venire
633 3960 811 4043 Ragonium
828 3981 885 4048 per
900 3965 967 4026 tres
983 3957 1052 4025 dies
1073 3964 1149 4024 ante
1165 3956 1229 4026 ies·

104 4063 172 4122 tum
189 4065 219 4123 et
234 4060 281 4126 ibi
306 4063 425 4130 morari
449 4083 508 4149 per
533 4066 616 4133 alios
647 4071 712 4136 tres
745 4067 813 4135 dies
845 4068 1031 4139 immediato
1060 4079 1134 4156 post
1164 4068 1226 4135 ies-

104 4170 182 4250 tum,
199 4185 330 4236 suenrus
346 4170 388 4236 ab
405 4175 492 4240 omni
525 4175 676 4242 molestia
692 4183 724 4245 et
739 4177 870 4264 lesione,
901 4181 1029 4248 etiamsi
1055 4179 1139 4246 ieret
1155 4177 1222 4242 uui-

106 4289 241 4356 oumqoe
272 4275 409 4345 debitor.
425 4279 520 4358 Quod
537 4302 594 4368 per
610 4305 723 4353 manns
750 4285 876 4354 dieooni
904 4287 1023 4354 Marini
1054 4288 1224 4372 Deoamas,

103 4377 254 4449 comunis
270 4383 406 4471 Notarii,
421 4387 575 4474 seriptum
593 4398 642 4458 est
653 4391 715 4460 hoo
731 4395 920 4481 eapituiare.

212 4527 342 4596 (Ljubies,
361 4532 484 4592 Menum.
503 4540 588 4601 spect
610 4538 676 4590 hist.
696 4541 770 4596 Slav.
791 4545 889 4598 Merid.
909 4549 932 4600 Ι.
946 4549 1005 4600 ket.
1027 4552 1068 4603 14.
1087 4551 1118 4614 1.)

527 4739 795 4754 m
