3120 5148
530 306 690 408 ji„

50 501 171 580 statuit,
187 499 314 570 scilicet
330 501 446 571 uillam
462 503 641 590 lllcynhart,
657 502 952 591 llyhse,Parasno,
970 501 1093 590 Eukec,
1111 503 1171 569 Bo·

50 628 115 694 rou,
140 610 252 678 Soaka
268 618 369 696 atquo
384 611 470 696 Dag.
488 613 539 678 llo
568 619 689 697 lamen,
706 611 793 695 quod
809 610 961 679 defuncto
987 614 1058 698 ipso
1076 612 1170 678 heres

50 737 123 784 snus
154 719 196 786 dc
216 718 285 786 illis
302 720 392 787 uillis
415 741 513 788 unam
536 721 599 788 sibi
615 721 759 808 eligeret,
783 727 818 786 ut
834 740 907 788 oum
931 721 1010 787 illuc
1037 719 1171 804 venerit,

50 825 142 891 ceteri
174 829 284 913 populi
309 829 456 898 Ecclesie
472 849 538 896 non
558 830 820 909 molestarentur,
837 827 896 895 sed
911 827 945 894 in
963 829 1096 915 propria
1110 847 1172 895 sua

50 930 127 998 nilla
142 935 352 1020 ospitarotpr.
369 940 508 1022 Insuper
516 937 581 1004 XX
593 939 759 1022 mancipes
770 955 935 1004 seruorum
951 955 1023 1004 cum
1041 945 1169 1004 centum

50 1040 160 1125 bobus,
183 1051 217 1110 el
241 1051 370 1112 centum
386 1046 505 1132 uacuis,
524 1051 621 1130 atque
637 1043 730 1111 millo
746 1044 873 1125 onibus,
892 1063 1029 1112 necnon
1047 1051 1169 1112 trecen·

50 1153 97 1213 las
122 1148 223 1218 libras
255 1151 297 1218 ad
323 1151 567 1220 edificacionem
598 1151 799 1236 monasterij.
837 1151 902 1236 lpsi
920 1171 998 1220 uero
1031 1153 1171 1236 benigno

51 1265 249 1343 receperunt,
267 1263 368 1326 lotum
385 1259 531 1327 laborem
557 1278 656 1344 super
671 1278 706 1326 se
723 1265 938 1340 assumentes,
955 1265 989 1326 ul
1007 1279 1093 1324 anno
1110 1265 1171 1326 ter·

51 1368 97 1432 cio
112 1371 277 1434 transnato
299 1367 479 1452 perlectum
503 1367 739 1436 monasterium
762 1365 823 1434 sibi
847 1347 1076 1452 ostenderent,
1093 1376 1125 1434 et
1141 1367 1169 1432 si

50 1473 127 1558 qnid
142 1494 239 1560 super
255 1472 402 1560 adderet,
419 1475 553 1560 propria
569 1475 747 1559 uoluntate,
758 1493 824 1540 non
833 1473 943 1558 aliquo
959 1479 1096 1558 cogente
1113 1474 1169 1541 da·

52 1587 97 1646 rat
111 1582 165 1649 uel
182 1580 314 1649 laceret.
330 1581 405 1649 Vna
421 1602 481 1650 nos
496 1583 619 1668 puriter
633 1586 837 1668 rogauerunt,
855 1587 891 1648 ut
906 1583 1022 1650 seriem
1040 1581 1170 1649 ordinu-

53 1687 152 1756 cionis
166 1688 289 1757 litteris
305 1689 424 1757 nostris
441 1689 734 1758 corroboraremus.
752 1690 819 1758 Nos
830 1707 905 1756 uero
922 1687 987 1775 piJs
1004 1689 1169 1774 peticioni·

53 1797 108 1864 bns
123 1799 269 1883 ipsorum
284 1796 592 1885 condescendentes,
601 1796 728 1864 litteras
743 1803 870 1865 nostras
881 1803 1048 1882 presentes
1064 1797 1165 1884 sigilli

49 1906 146 1974 nostri
163 1905 344 1974 munimine
360 1908 541 1992 roboratas,
556 1912 625 1974 tarn
641 1913 774 1992 propter
789 1905 980 1991 Ecclesiam,
997 1925 1095 1989 quam
1115 1927 1167 1974 su-

48 2012 346 2100 perhabundantem
376 2015 539 2083 maliciam
570 2014 752 2081 secularem
785 2013 834 2081 eis
869 2012 1070 2100 perreximus
1103 2035 1167 2084 uro·

49 2121 118 2188 dum
134 2121 234 2193 huius
249 2121 373 2190 ordinis
398 2129 640 2209 perpetuanies.
665 2123 786 2188 Datum
803 2141 862 2207 per
877 2139 993 2188 monus
1018 2124 1167 2208 llagistri

49 2229 228 2317 Cathapani
259 2229 413 2300 Albensis
431 2231 603 2316 Propositi,
636 2227 719 2298 Aulo
748 2229 850 2313 Regio
866 2227 1063 2318 cancellcrij
1081 2251 1168 2296 anno

48 2337 84 2403 ab
101 2339 340 2408 incarnacione
368 2337 502 2405 Domini
534 2337 706 2406 millesimo
737 2336 915 2405 centesimo
948 2339 1161 2421 nonagesimo

49 2448 165 2530 quintu.
192 2446 379 2514 Venerabili
397 2447 461 2515 Job
476 2445 693 2531 strigoniensi
709 2444 967 2531 Archiepiscopo
999 2444 1167 2530 existento,

47 2553 139 2622 Sunio
171 2553 344 2624 (loloocnsi
372 2553 626 2640 Archiepiscopo
647 2552 855 2640 presidente,
887 2555 981 2619 Petro
1010 2553 1162 2638 Agrionsi

48 2662 212 2751 Episcopo,
230 2663 355 2731 Gaiano
371 2661 712 2746 Quinquococlesicnsi
722 2661 891 2748 Episcopo,
906 2660 1059 2726 Bolenlao
1074 2661 1166 2727 Vaci·

50 2771 111 2836 ansi
128 2771 300 2858 Episcopo,
317 2769 465 2837 Enrardo
497 2769 649 2837 Nitriensi
667 2769 841 2856 Episcopo,
867 2767 1039 2836 Dominioo
1056 2769 1160 2854 Bono,

48 2877 125 2946 Foru
155 2879 286 2947 Gnriali
302 2878 436 2965 comico,
467 2877 598 2946 Andrea
613 2876 739 2944 (inmite
754 2877 796 2944 dc
821 2878 961 2962 Suprun,
993 2873 1164 2962 llychacle

50 2985 167 3056 Comilc
183 2987 417 3075 doTrenchyn,
432 2987 604 3074 Lamperlo
621 2985 747 3054 (inmite
762 2985 931 3070 Nitrionsi,
950 2985 1045 3052 Petro
1063 2983 1168 3051 Comi·

48 3103 75 3160 lc
88 3096 126 3164 de
141 3097 258 3164 Poscn.

49 3296 181 3354 (Eredctie
212 3297 397 3361 berhcrtysn,
415 3314 434 3348 a
452 3296 549 3362 pecudi
577 3296 721 3356 elueszatt,
751 3311 768 3346 a
795 3293 880 3344 budai
909 3291 1013 3358 kiruilyi
1041 3290 1168 3340 kamarai

48 3385 221 3440 lcullidrban.
240 3388 297 3440 flor
316 3388 431 3442 mourut
450 3387 554 3440 kiadva
572 3385 703 3454 Fejernel
722 3384 788 3436 θοὰ.
807 3383 882 3449 Dipl.
902 3383 939 3434 ΙΙ.
959 3383 1016 3432 not.
1048 3385 1108 3432 300.
1138 3381 1166 3444 Ι.)

90 3767 304 3855 Ugycnan
327 3766 398 3834 XV.
423 3763 611 3834 suazadi
635 3765 784 3831 nemci
808 3757 1110 3826 lordrtcshan.

139 3966 179 4032 In
195 3965 270 4033 dem
286 3965 415 4054 Numen
432 3965 490 4032 der
507 3963 648 4046 heiligen
664 3957 900 4028 Drciuullikait
916 3955 984 4022 und
995 3955 1164 4042 vngulayl-

47 4073 263 4159 ltnayniknit.
289 4073 372 4139 Bola
388 4073 446 4141 des
461 4071 606 4139 anderen
624 4069 733 4152 Kunig
759 4068 875 4152 Geysa
900 4085 963 4131 surr
994 4083 1056 4132 uon
1092 4069 1167 4143 polu

46 4179 161 4256 gnadun
178 4201 227 4248 mv
243 4183 411 4267 Hrngorn,
430 4179 629 4263 Dalmacien,
647 4175 805 4243 Eroacien
830 4171 896 4240 vnd
928 4173 1029 4236 Rama
1061 4169 1163 4251 konig

47 4285 212 4358 ruilleiclu.
228 4285 467 4373 Kuniglcicher
482 4283 800 4356 wirdikait·llnsercr
816 4279 983 4348 Hochwirl
1000 4277 1164 4344 boclrannt

46 4396 197 4482 emollig
212 4398 406 4484 rescimwie
427 4397 488 4465 uol
507 4417 542 4463 er
563 4395 644 4462 doch
662 4411 726 4480 pey
743 4387 998 4473 mennigerding
1032 4365 1170 4450 wandel

47 4499 187 4576 bertikait
202 4509 275 4576 sein
291 4518 421 4592 gemuel
437 4502 588 4586 schuldig
604 4502 647 4568 ist
661 4521 699 4567 aa
716 4501 810 4582 uben,
842 4496 925 4564 doch
957 4493 1171 4576 lleissigcren·

24 4613 26 4676 ἶ
46 4611 96 4680 uin
112 4615 178 4687 rud
196 4617 392 4705 bcrayteren
407 4613 478 4684 fleic
494 4612 583 4681 sclrol
601 4629 636 4678 cr
651 4608 684 4678 in
700 4607 763 4678 den
781 4605 900 4694 dingen
926 4600 1046 4672 darom
1078 4609 1168 4684 lucu,
