3078 5128
598 947 671 1014 172,

77 1143 175 1210 Isinda
192 1145 335 1233 zciqrabi
347 1149 535 1235 pitspb'koek
552 1173 574 1213 u
591 1147 733 1214 oenomai
750 1147 919 1234 triptolemi
935 1147 1062 1230 alupitri
1088 1145 1194 1210 obma'-

539 1279 612 1342 ayu.
634 1257 729 1322 1232.

77 1450 226 1514 (Tisiosios,
245 1451 374 1502 Nonum.
394 1452 493 1502 histor.
513 1454 699 1518 Episcopatus
718 1454 913 1519 Zagrabiensis
941 1455 963 1504 1.
993 1454 1052 1504 not.
1073 1457 1114 1502 68.
1136 1453 1194 1515 lap.

269 1542 304 1593 V.
325 1541 702 1608 e.Fejsr00n.Dip1.m.
723 1544 782 1596 ket.
803 1549 826 1593 2.
846 1558 869 1592 r.
891 1549 949 1594 277.
970 1545 1000 1607 l.)

498 1832 763 1842 ...ω-..ᾑ-

80 2557 443 2654 ΑΖαῑαυάνῃιερῃέόεπ
460 2569 534 2633 boko
566 2571 760 2634 nerones-nen
790 2572 962 2656 kb'zb'use'ye
994 2571 1195 2655 br'eoupsriyot

79 2677 242 2764 terrentii,
258 2677 342 2762 boyy
358 2677 515 2742 Berialau
530 2677 700 2762 oeszpre‘mi
710 2679 840 2765 pilepb'k
856 2681 886 2742 e's
906 2676 992 2764 Opus
1009 2677 1072 2744 hun
1087 2680 1156 2743 lt'o'zt
1172 2701 1192 2740 a
1209 2723 1210 2726 ,

80 2783 174 2870 birdly
189 2782 474 2872 enpodeiyezeee‘bril
488 2785 592 2850 boeoti
610 2783 732 2868 itdletet
752 2785 839 2872 Opuz
852 2785 915 2854 bea
926 2787 1193 2852 elierrtdiirisdunk

317 2893 452 2979 foiytu'o
468 2896 558 2978 ve'pre
573 2916 641 2958 bem
656 2895 833 2979 bojtboito.
851 2897 946 2962 1232.

173 3089 329 3156 Vniuersi
346 3091 526 3157 seruientes
543 3090 641 3174 Regis
659 3091 741 3158 eitra
757 3098 790 3158 et
805 3093 892 3159 ultra
924 3092 1038 3158 Zalam
1070 3091 1190 3157 eonsti-

79 3197 128 3260 tnti
144 3197 291 3265 omnibns
306 3197 477 3266 Judioibns
493 3204 526 3265 et
541 3198 625 3282 aliis,
642 3197 683 3264 ad
702 3218 783 3282 quos
801 3206 965 3285 presentes
981 3199 1091 3266 littere
1118 3219 1189 3282 per-

81 3306 221 3388 nenen'nt,
238 3307 376 3372 salntem
392 3307 427 3371 in
443 3307 593 3372 Domino.
611 3307 662 3374 Ad
680 3307 902 3375 uniuersitatis
919 3314 1027 3375 nestre
1037 3307 1192 3373 noticiam

82 3411 217 3480 nolumus
233 3413 415 3501 peruenire,
432 3415 518 3498 quod
535 3433 607 3480 eum
625 3417 659 3480 in
675 3417 793 3482 nostris
809 3415 957 3502 partibus
974 3415 1192 3500 multonem,

81 3516 193 3608 intono,
210 3521 356 3607 dampna
372 3527 405 3589 et
419 3523 611 3607 granamina
627 3523 771 3608 pennatis
789 3524 996 3606 exigentibus
1011 3543 1071 3609 per
1098 3523 1190 3588 mali-

80 3645 147 3706 gnos
170 3629 316 3698 homines
343 3631 625 3716 perpetrabantur,
657 3637 688 3697 et
719 3630 813 3698 multi
843 3632 1048 3716 poteneiores
1081 3631 1190 3714 inique

81 3736 340 3824 opprimebantur,
359 3738 413 3822 qni
430 3739 480 3805 ius
498 3759 591 3805 suum
618 3757 824 3834 nequaquam
857 3739 1009 3824 prosequi
1041 3745 1193 3825 poterunt

83 3849 197 3929 propter
213 3847 407 3914 distantiam
424 3847 565 3914 iudioum
583 3855 615 3912 et
645 3847 750 3914 mulia
780 3847 847 3914 alia
879 3848 1131 3934 impedimenta;
1171 3867 1192 3911 a

82 3946 197 4020 domino
212 3961 323 4021 nostro
338 3957 430 4039 Rege
445 3955 620 4040 petiuimus
637 3953 804 4023 humiliter
820 3963 851 4020 et
869 3955 997 4040 deuote,
1031 3963 1066 4022 ut
1096 3956 1190 4022 nobis

83 4054 160 4125 daret
177 4061 345 4130 licenciam
362 4063 528 4129 iodioandi
546 4071 578 4129 et
594 4062 735 4130 faciendi
746 4062 909 4130 iusticiam
921 4064 1050 4148 plenam
1062 4084 1192 4146 oppres·

81 4165 117 4234 iis
132 4177 161 4236 et
177 4169 379 4255 patientibus
396 4171 533 4237 iniurias
551 4172 695 4239 infinitas
713 4173 754 4239 de
771 4174 918 4239 omnibus
936 4173 1008 4258 hys,
1034 4191 1092 4254 per
1109 4194 1190 4254 quos

82 4272 207 4344 indebite
223 4279 404 4364 paciuntur.
429 4280 587 4346 Dominus
604 4289 710 4345 autom
728 4283 797 4346 Rex
822 4289 950 4346 nostras
983 4298 1096 4361 preces
1131 4281 1192 4362 pijs

84 4386 197 4452 nuribus
213 4387 390 4456 exaudiens
407 4409 447 4454 ex
465 4389 672 4474 beneplacito
691 4410 749 4454 suo
767 4389 930 4456 noncessit
947 4387 1037 4454 nobis
1050 4386 1190 4470 benigne

84 4487 233 4560 licentiam
250 4495 292 4562 ab
309 4515 347 4562 eo
364 4496 540 4564 obtentam.
565 4493 637 4574 Qua
654 4496 794 4579 obtento,
814 4497 888 4563 dnm
905 4495 990 4561 inter
1007 4515 1064 4560 nos
1082 4493 1187 4560 dison-

17 4659 19 4710 ἰ
85 4603 143 4701 iere
168 4604 340 4673 malefacta
356 4605 565 4692 cepissemus,
599 4605 748 4672 dominus
775 4604 1028 4688 bartholomeus,
1059 4619 1190 4676 vonera-

17 4761 19 4860 i
