3098 5132
626 951 700 1020 138.

108 1146 165 1209 ΙΙΙ.
196 1147 353 1214 Honorius
381 1155 474 1236 papa
510 1154 690 1236 moperiaiti
721 1177 742 1216 a
776 1153 921 1220 leolocooi
952 1157 1040 1221 creole
1070 1162 1225 1258 eadmero

115 1251 221 1339 Poeepu
236 1255 378 1322 venenat
394 1255 544 1340 linotet,
561 1259 672 1344 molyct
689 1283 728 1326 oz
745 1284 766 1325 a
778 1265 960 1346 patureuok
986 1265 1081 1332 allecti
1107 1268 1225 1333 eikercc

298 1362 466 1430 mllkb'deec
482 1365 681 1432 tecturetobot
697 1379 899 1456 mepuzcczctt.
916 1369 1016 1438 1227.

115 1553 399 1618 (curmessiacum.
418 1561 483 1610 urst.
502 1562 595 1626 spus.
615 1564 736 1630 zagrus.
755 1563 778 1613 1.
806 1565 865 1615 nes.
899 1569 940 1616 cr.
973 1567 992 1616 1.
1020 1567 1055 1620 v.
1086 1571 1111 1618 o.
1142 1565 1224 1633 sajo:
1261 1538 1270 1549 ⁸

399 1647 462 1700 (lod,
482 1650 558 1713 Dipl.
577 1652 628 1703 111.
649 1654 707 1703 ket.
725 1655 749 1702 2.
768 1669 791 1704 r.
813 1655 873 1705 100.
887 1656 917 1717 l.)

525 1937 790 1948 ...α-ι--ι-.

110 2654 167 2720 lli.
194 2659 356 2728 Horror-icc
386 2667 475 2748 pdpa
500 2665 675 2743 mepercrtti
692 2688 713 2729 a
730 2667 893 2751 ternplomi
908 2667 1052 2732 readuek
1067 2691 1221 2756 mcpyuu·
1240 2623 1243 2630 Ι

460 2771 589 2856 orecupi
603 2770 745 2836 Mnoldt.
761 2772 859 2840 1227.

203 2962 362 3031 Honorius
378 2963 562 3050 Episcopus
579 2983 695 3033 seruus
711 2985 880 3034 seruorum
900 2967 963 3036 Dei
990 2967 1119 3037 dilectis
1143 2969 1221 3054 tiliis

117 3067 323 3155 ...Magistro
340 3078 372 3138 ct
388 3067 541 3138 frutribus
558 3071 682 3140 Domus
709 3073 825 3142 Militie
850 3074 981 3160 Templi
1011 3075 1045 3141 in
1078 3073 1221 3158 Vugaria

114 3173 230 3246 sunum
246 3186 279 3246 et
294 3179 517 3263 Apostolicam
533 3178 801 3248 benedictionem.
830 3181 931 3250 Justis
947 3180 1125 3268 petentium
1136 3180 1222 3250 desi·

114 3278 194 3367 derijs
207 3286 341 3372 dignum
360 3293 410 3354 est
425 3307 485 3354 nos
509 3285 640 3356 facilem
668 3289 804 3374 prebere
836 3307 1038 3373 consensum,
1069 3293 1101 3354 et
1132 3297 1219 3376 uota,

115 3395 351 3469 esserationis
378 3393 507 3463 tramite
530 3413 595 3462 non
625 3395 826 3482 discordant,
858 3397 975 3465 effectu
1006 3403 1220 3482 prosequente

114 3501 263 3580 conplere.
287 3501 482 3588 Euprcptcr,
503 3501 612 3569 dilecti
640 3504 672 3569 in
698 3502 840 3570 Domino
872 3501 944 3590 filij,
979 3504 1096 3571 uestris
1127 3503 1220 3570 iustis

113 3608 364 3684 postulationibus
380 3615 475 3693 grato
491 3615 721 3678 concurrentes
738 3629 886 3698 assensu,
914 3609 1054 3676 Domum
1085 3609 1127 3678 de
1152 3610 1220 3678 Lun

114 3727 169 3777 cun
183 3723 273 3799 porto
291 3722 324 3783 et
341 3714 495 3802 piscarijs
513 3715 592 3800 suis,
607 3717 735 3784 Rassan
752 3723 784 3783 et
798 3717 878 3802 Kar,
894 3716 1068 3804 piscariam
1085 3717 1221 3804 Soroud‚

113 3813 232 3910 Wesicc,
246 3823 409 3903 Licenica,
427 3821 568 3890 Odchila
594 3831 626 3892 et
652 3823 812 3892 Wodicha
844 3823 953 3910 villas,
985 3830 1089 3894 terras
1120 3828 1219 3894 eliam

114 3931 287 4015 eurumdem,
305 3949 377 3997 cum
393 3931 542 3998 omnibus
569 3931 779 4017 portinentijs
812 3933 890 4012 suis,
921 3931 1005 3999 sicut
1037 3951 1092 3998 eae
1126 3933 1219 4016 iuste,

113 4039 246 4105 canonice
261 4044 294 4104 ct
310 4038 448 4124 pacifice
463 4037 648 4124 possidetis,
669 4041 762 4107 uobis
778 4045 809 4104 et
824 4059 883 4124 per
900 4057 959 4106 uos
975 4037 1093 4104 Domui
1112 4045 1221 4106 uestro

113 4145 285 4213 auctoritate
300 4146 489 4228 Apostolica
505 4147 733 4214 confirmamus
751 4151 783 4212 ct
800 4146 959 4231 presentis
975 4143 1087 4230 scripti
1113 4149 1221 4230 patro·

114 4244 178 4316 cisio
192 4251 434 4320 communimus.
473 4253 563 4321 Nulli
581 4273 660 4338 crgo
679 4253 810 4320 omnino
827 4252 992 4320 hominnm
1009 4252 1107 4321 liccat
1133 4253 1216 4320 huno

113 4359 245 4439 laginam
261 4366 371 4426 nostre
388 4359 645 4429 confirmationis
660 4361 851 4445 infringere,
870 4361 923 4427 uel
941 4361 970 4425 ci
986 4379 1068 4426 auru
1085 4365 1218 4426 temera·

112 4457 486 4550 temnentemque
518 4475 625 4536 autem
656 4467 718 4536 hoc
750 4473 945 4554 attemptare
978 4469 1221 4554 presumpserit,

110 4563 346 4657 indignationem
363 4573 603 4662 Omnipoteutis
620 4575 693 4662 Dei,
709 4575 933 4642 ethatcrum
950 4573 1038 4641 Petri
1070 4581 1102 4639 et
1127 4573 1221 4639 Pauli
1269 4661 1273 4668 ι
