3208 5158
661 343 821 450 Q

173 538 314 615 contulit
328 537 449 612 intuitu
464 536 621 631 pietatis3
639 547 671 612 et
684 541 789 612 felicis
806 559 934 630 quoque
949 537 1182 613 reeordationis
1198 537 1302 613 Urba·

173 671 234 722 nus
249 651 343 740 Papa
357 649 569 738 predecessor
585 657 696 722 noster
712 648 817 720 eidem
832 650 939 721 Priori
953 658 987 721 et
1011 650 1165 722 tratribus
1196 652 1305 740 capel·

173 762 240 830 lam
255 760 363 848 ipsam
382 780 443 846 pro
459 759 662 830 habitatione
678 760 832 849 ipsorum,
865 767 898 830 et
928 757 1013 847 quod
1044 762 1134 829 iuxta
1164 781 1237 828 eam
1268 762 1303 829 in

174 868 288 938 eodem
304 867 404 936 tundo
422 869 548 956 possint
564 874 749 938 construere
763 869 878 938 domos
896 876 930 938 et
945 869 1096 940 officinas
1111 868 1180 937 suis
1190 867 1302 936 usibus

173 983 384 1065 opportunas,
401 977 443 1045 de
459 977 568 1063 gratia
583 979 720 1066 speciali
751 979 923 1046 concessit.
962 979 1082 1046 Verum
1114 997 1188 1044 cum
1219 975 1300 1045 dicti

173 1087 266 1156 Prior
282 1090 315 1155 et
329 1085 449 1153 francs
464 1085 588 1155 vellent
603 1085 693 1154 iuxta
709 1085 950 1154 concessionem
965 1084 1153 1155 huiusmodi
1186 1082 1303 1171 prede·

172 1193 314 1264 cessoris
329 1193 431 1286 nostri
446 1193 558 1264 domos
574 1201 607 1265 et
620 1194 768 1263 officinas
784 1199 971 1264 construere
987 1194 1021 1261 in
1039 1194 1097 1280 eis,
1128 1213 1224 1281 super
1239 1191 1301 1260 hoo

172 1309 205 1372 te
220 1321 391 1390 opponens
405 1321 471 1372 non
486 1303 646 1393 permittis
660 1303 751 1390 ipsos
766 1303 889 1371 dictam
905 1303 1068 1390 capellam
1084 1301 1220 1390 pacifice
1229 1321 1302 1388 poss

172 1411 281 1481 sidere
295 1430 487 1502 proponens,
518 1411 609 1498 qnod·
621 1417 795 1498 postquam
811 1411 917 1479 dictus
934 1411 1016 1480 ciuis
1034 1407 1216 1478 huiusmodi
1238 1409 1300 1493 'jus

172 1525 368 1610 patronatus
383 1517 487 1608 ipsius
504 1519 640 1607 Oapelle
655 1520 760 1588 Priori
776 1525 809 1589 et
832 1521 988 1588 fnanibus
1020 1516 1164 1604 donavit,
1196 1515 1301 1584 isdem

173 1625 367 1714 quibusdam
383 1625 457 1696 aliis
474 1627 636 1715 capellam
653 1627 835 1697 donauerat
851 1627 1082 1716 supradictam.
1106 1624 1215 1706 Quare
1230 1643 1303 1710 pre·

170 1735 234 1805 isti
249 1734 343 1802 Prior
357 1740 390 1804 et
405 1733 520 1806 iratres
536 1735 631 1804 nobis
647 1735 813 1804 humiliter
828 1735 1063 1824 supplicarunt,
1094 1739 1130 1802 ut
1146 1751 1218 1800 cum
1242 1729 1301 1798 hu·

172 1840 314 1912 insmodi
330 1841 461 1910 donatio
478 1842 567 1912 tacta
582 1864 640 1932 per
653 1864 689 1912 se
706 1844 746 1913 de
763 1842 991 1930 diotacapella
1002 1840 1187 1910 memoratis
1198 1837 1303 1907 Priori

173 1970 212 2020 ac
227 1950 396 2038 iratribus,
427 1951 574 2038 patronis
589 1951 693 2038 ipsius
709 1951 919 2039 irrequisitis,
952 1949 1078 2018 nullum
1094 1948 1195 2016 robur
1219 1945 1301 2014 obti-

173 2063 251 2127 neat
265 2055 440 2147 firmitatis,
455 2058 629 2146 providere
644 2079 743 2146 super
758 2059 818 2130 hoo
832 2053 1198 2147 paternasolliuitudine
1209 2073 1301 2121 cura·

172 2185 293 2235 remus.
316 2164 476 2245 Quocirca
492 2166 690 2235 fraternitati
705 2173 761 2235 tue
776 2187 836 2253 per
851 2164 1039 2252 Apostolica
1053 2167 1174 2250 scripta
1183 2153 1299 2229 ¹distri-

172 2279 222 2341 cte
238 2271 449 2360 precipiendo
465 2272 668 2363 mandamus,
700 2279 872 2362 quatenus,
903 2275 931 2342 si
948 2277 998 2340 est
1027 2269 1085 2360 ita,
1115 2268 1297 2360 predictum

171 2380 317 2450 Priorem
333 2386 366 2448 et
380 2380 499 2450 iratres
514 2381 684 2469 permittas
702 2381 822 2449 dietam
838 2383 1000 2470 capellam
1031 2379 1166 2468 pacifice
1195 2374 1299 2465 possi·

172 2488 261 2578 dere,
279 2510 319 2558 ac
334 2508 435 2575 prope
450 2489 541 2558 illam
558 2489 649 2559 iuxta
665 2489 786 2559 dictam
803 2483 1041 2560 concessionem
1057 2481 1299 2576 predecessoris

171 2596 331 2686 eiusdem,
348 2603 531 2666 construere
547 2597 662 2667 domos
678 2597 873 2667 stulticines
889 2599 957 2668 suis
967 2598 1078 2668 usibus
1088 2601 1298 2684 opportunas.

169 2703 326 2790 Alioquin
342 2704 524 2774 venerabili
539 2705 633 2774 fratri
658 2712 788 2776 nostro.
804 2755 813 2774 .
829 2755 837 2773 .
853 2707 1031 2794 Episcopo,
1049 2712 1082 2774 et
1097 2705 1216 2774 dilecto
1231 2699 1296 2770 filio

170 2815 467 2903 Archipresbytero
482 2815 701 2884 Scardoneusi
716 2816 833 2884 damus
850 2817 970 2886 nostris
985 2815 1102 2885 litteris
1117 2813 1152 2881 in
1167 2809 1300 2881 maudo·

171 2923 225 3012 tis,
242 2929 279 2991 ut
294 2944 316 2991 a
330 2923 556 2992 molestatione
572 2923 731 2992 dictorum
745 2923 869 2994 Prioris
900 2930 933 2992 et
962 2923 1097 2992 iratrum
1129 2937 1226 3009 super
1244 2917 1300 3004 [iis

170 3033 303 3100 omnino
317 3039 350 3100 te
374 3050 513 3118 cessare,
545 3031 726 3100 monitione
756 3033 930 3120 premissa,
960 3031 1156 3100 auctoritate
1185 3035 1299 3098 nostra

170 3139 395 3228 appellatione
409 3147 533 3208 remota
547 3140 661 3227 previa
692 3141 820 3209 ratione
852 3146 885 3210 te
916 3139 1130 3226 compellant3
1152 3156 1219 3206 non
1245 3137 1298 3205 ob·

170 3255 280 3318 eunte
296 3248 327 3316 si
342 3247 404 3316 tibi
419 3269 440 3316 a
455 3248 541 3317 Sede
560 3249 751 3335 Apostolica
768 3249 810 3318 sit
825 3248 996 3336 indultum,
1028 3246 1114 3334 quod
1139 3244 1300 3332 interdici,
1344 3275 1346 3280 ·

170 3359 328 3446 suspendi
344 3359 397 3426 vel
413 3356 687 3426 excommunicari
704 3377 769 3425 non
784 3358 894 3442 possis
909 3377 967 3443 per
982 3355 1111 3425 litteras
1135 3353 1299 3441 Apostoli-

171 3487 234 3551 cas,
251 3485 317 3551 que
332 3463 374 3532 de
389 3461 514 3534 indulto
531 3463 718 3534 huiusmodi
733 3463 867 3550 plenam
883 3469 916 3532 et
932 3481 1122 3551 expressam
1137 3481 1202 3528 nou
1215 3460 1300 3529 doee-

170 3574 234 3644 rint
250 3571 458 3642 mentionem.
482 3571 602 3642 Datum
633 3571 758 3640 Perusii
789 3571 829 3641 V.
858 3569 932 3640 idus
962 3569 1056 3659 Julij,
1087 3567 1300 3641 Pontificatus

171 3683 274 3753 nostri
291 3701 378 3752 anno
393 3683 505 3770 primo.

388 3881 518 3949 (Paulati,
536 3882 683 3950 Illyricum
702 3879 818 3936 Sacrum
836 3881 885 3936 Π.
903 3881 963 3936 ket.
984 3880 1086 3944 died.)

604 4167 870 4182 m
