3150 5162
789 291 947 390 ,ξιμ-

305 487 470 574 piscatura
488 489 690 569 subsequens
705 485 739 550 in
757 485 870 550 codem
888 491 1005 568 stagno
1037 483 1215 551 cessissent
1247 487 1280 553 in
1313 488 1432 572 porcio-

304 613 378 660 nem
393 592 490 658 Steue
507 598 538 660 et
555 591 714 678 Gregorij,
731 591 859 659 residue
876 611 951 658 vero
969 591 1132 676 piscature
1147 591 1181 656 in
1192 593 1308 660 eodem
1318 598 1434 677 stagno

306 701 540 768 remansissent
555 699 722 784 Stephano
738 719 810 766 curn
842 698 997 766 fratribus
1028 698 1106 766 suis.
1148 699 1230 764 Item
1263 700 1431 786 piscatura

304 809 440 892 Achoga
456 811 644 891 nuncupata
659 807 869 874 remansisset
885 807 983 874 Steue
999 827 1071 872 cum
1087 806 1189 873 fratre
1205 828 1274 874 suo.
1299 809 1354 874 De
1369 814 1432 874 sta-

307 937 370 999 gno
387 936 465 983 vero
482 912 570 998 quod
586 913 757 981 Selmelrus
774 920 920 997 vocatur,
953 913 1063 981 taliter
1078 913 1229 980 dixerunt
1253 913 1433 998 ordinasse,

307 1020 394 1106 quod
411 1021 572 1088 communi
588 1021 767 1107 piscacioni
800 1021 1001 1108 subiacebit;
1023 1021 1071 1087 ita
1103 1028 1221 1106 tamem
1254 1021 1344 1106 quod
1374 1019 1434 1087 due

307 1137 423 1216 partes
440 1137 616 1215 presentes
633 1129 778 1196 eiusdem
794 1131 906 1214 stagni
923 1129 1021 1198 Stena
1053 1135 1085 1194 et
1117 1127 1274 1214 Gregorio
1307 1129 1436 1212 cedunt,

306 1237 436 1304 residue
451 1257 527 1304 vero
544 1243 608 1303 tres
624 1243 734 1322 partes
755 1237 920 1322 Stephano
946 1244 978 1302 et
1009 1235 1161 1304 iratribus
1192 1237 1261 1304 suis
1292 1257 1436 1303 remane

308 1345 396 1410 bunt.
419 1345 504 1412 Item
520 1347 554 1411 in
571 1353 688 1430 stagno
703 1345 841 1410 Labuan
858 1350 973 1411 vocato
989 1345 1156 1430 piscatura
1186 1365 1259 1428 rna,
1284 1343 1436 1410 videlicet

312 1454 447 1538 weyzlrel
461 1455 571 1519 iacens
588 1473 609 1518 a
626 1459 720 1538 parte
736 1453 940 1534 occidentali,
970 1452 1124 1520 cessisset
1140 1452 1308 1539 Stephano
1323 1459 1357 1517 et
1375 1450 1437 1519 fra-

310 1559 413 1627 tribus
430 1560 508 1648 suis,
525 1561 592 1628 alia
608 1581 684 1627 vero
700 1559 865 1644 piscatura
881 1579 902 1625 a
917 1566 1009 1644 parte
1034 1559 1188 1626 orientali
1219 1560 1374 1628 cessisset
1405 1561 1438 1624 iu

311 1673 436 1752 partem
452 1667 552 1733 Steoe
568 1675 599 1734 et
614 1666 724 1733 fratris
741 1669 800 1732 sui.
825 1668 907 1732 Itcm
924 1666 1092 1752 piscatura
1105 1665 1234 1734 nominc
1245 1667 1437 1753 Wyzcssew

314 1793 387 1840 cum
403 1775 481 1856 lapa
498 1783 528 1838 et
546 1794 618 1840 curn
637 1775 802 1861 piscatura
817 1774 941 1856 Sublug
973 1774 1103 1840 nomine
1135 1781 1167 1840 et
1197 1773 1343 1862 durusta,
1375 1794 1438 1858 que

311 1882 397 1948 iacet
412 1881 474 1947 sub
491 1879 624 1948 durusta
647 1881 795 1966 Magistri
811 1881 953 1967 Athyan,
985 1881 1063 1948 item
1079 1881 1140 1946 sub
1157 1879 1306 1968 Dudrag,
1332 1882 1437 1947 Adam

309 2009 400 2074 very,
426 1988 575 2056 Borsatw
591 1995 623 2054 et
638 1989 812 2074 Erncmlyz
828 1993 1005 2074 cesserunt,
1022 1989 1057 2055 in
1071 1996 1197 2073 partem
1213 1990 1312 2056 Stene
1328 1995 1361 2056 et
1375 1990 1438 2055 t'ra·

309 2097 369 2164 tris
384 2097 453 2179 sui,
470 2097 599 2164 residue
614 2117 691 2164 vero
708 2097 887 2182 piscature,
902 2097 1055 2163 videlicet
1065 2099 1250 2184 Taurnezy,
1267 2095 1438 2182 Kulrenus,

308 2207 450 2291 Allozeg,
477 2205 672 2291 Sebesmzy,
687 2205 857 2293 Zyguedd,
873 2205 1000 2292 Toutw,
1019 2207 1163 2285 Arukch,
1179 2205 1318 2292 Buruch,
1351 2205 1437 2272 Dud-

309 2332 384 2397 vag,
399 2311 512 2399 Felliz,
530 2312 720 2398 Alexandri,
737 2313 886 2400 Megeliz,
904 2314 1112 2400 Feldurusto,
1130 2316 1283 2397 Durusta,
1293 2311 1438 2398 Athyaui

308 2418 469 2502 Magistri,
502 2439 612 2487 omnes
640 2421 702 2486 iste
719 2421 882 2506 piscature
898 2430 1067 2490 cesserunt
1081 2422 1115 2487 in
1132 2427 1258 2506 partem
1275 2421 1436 2505 Stephani

309 2532 341 2591 ct
357 2528 494 2592 fratrum
510 2547 651 2595 suorum.
674 2531 755 2595 Item
770 2529 912 2596 Fellelea
940 2531 1038 2598 cessit
1069 2528 1173 2596 eidem
1205 2530 1373 2612 Stephano
1405 2537 1438 2595 et

310 2632 463 2699 fratribus
481 2634 566 2719 suis,
595 2636 730 2704 lulerIor
747 2657 822 2704 vero
839 2638 937 2704 Lelez
953 2638 1052 2704 cessit
1067 2637 1101 2703 in
1117 2642 1244 2722 partem
1269 2637 1371 2704 Stena
1403 2645 1437 2702 et

308 2740 469 2826 Gregorij.
510 2745 592 2810 Item
608 2745 693 2812 idem
710 2747 808 2812 Stene
824 2746 1001 2832 Stephano,
1017 2745 1193 2814 Benedioto
1211 2750 1243 2812 et
1259 2745 1437 2813 Oltumauo

307 2848 463 2916 fratribus
489 2852 557 2917 suis
574 2853 688 2919 statuit
703 2853 762 2919 hos
778 2873 892 2920 seruos
910 2879 917 2919 :
934 2854 1061 2922 Bulrtus
1076 2853 1180 2919 filium
1196 2853 1318 2941 Mesha,
1351 2853 1435 2919 duas

307 2956 444 3024 ancillas
462 2959 614 3028 videlicet
630 2961 722 3046 Ohup
740 2969 786 3028 et¹
799 2963 946 3048 Moguya
976 2961 1009 3026 in
1041 2959 1265 3027 concambium
1299 2960 1435 3026 duorum

307 3085 473 3132 seruorum
489 3066 577 3134 Boch
595 3076 626 3134 ct
641 3068 784 3134 Benedio
801 3077 1071 3156 nuncupatorum,
1103 3088 1183 3154 quos
1215 3069 1300 3135 idem
1333 3067 1433 3133 Stene

306 3174 414 3240 sibiet
429 3173 519 3240 sratri
538 3196 597 3242 suo
613 3177 803 3242 reseruauit.
821 3179 904 3246 Item
919 3178 1034 3246 statuit
1049 3177 1216 3243 libertinos
1233 3175 1356 3243 eisdem
1366 3175 1437 3242 Ste-

305 3280 413 3365 phano
430 3288 463 3345 et
478 3281 630 3352 fratribus
647 3285 714 3352 suis
730 3285 828 3368 Mogh
845 3286 996 3352 etlilium
1013 3283 1168 3368 eiusdem,
1202 3283 1370 3349 Simonem
1404 3293 1436 3350 et

306 3388 496 3471 Gregorium
510 3391 643 3456 fratrem
655 3389 808 3474 eiusdem,
825 3391 909 3458 fflios
920 3391 1080 3476 Penthulr,
1098 3389 1265 3476 Socrdam‚
1277 3387 1436 3456 Thomam

303 3496 389 3562 filios
405 3499 501 3578 Kese,
521 3498 597 3563 item
616 3500 727 3581 Bugus
744 3519 814 3564 oum
831 3500 932 3566 tribus
950 3499 1028 3582 filijs
1043 3499 1121 3582 s'uis,
1153 3497 1305 3564 videlicet
1321 3497 1432 3584 Petro,

303 3605 404 3670 Paulo
420 3613 451 3670 ot
467 3605 631 3690 Stephano
645 3630 652 3689 ς
676 3605 753 3674 item
770 3607 898 3674 Marcus
915 3614 947 3674 et
961 3607 1079 3674 Pousa.
1119 3607 1146 3671 a
1164 3624 1320 3672 conuerso
1351 3624 1430 3672 vero

303 3711 389 3776 idem
406 3711 591 3798 Stephanus
608 3713 706 3780 Stene
722 3721 754 3780 et
771 3715 929 3799 Gregorio
944 3714 1099 3780 fratribus
1117 3714 1185 3781 suis
1203 3713 1318 3780 statuit
1348 3714 1432 3780 dnos

304 3838 426 3904 seruos,
443 3819 532 3885 Buch
550 3820 701 3889 videlicet
718 3829 751 3888 et
766 3821 978 3889 Benedictum
993 3821 1254 3907 prenominatos,
1278 3821 1357 3887 item
1374 3823 1432 3887 hos

303 3927 474 3994 libertinos
491 3929 604 3995 statuit
619 3930 741 3996 eisdem
760 3955 767 3994 :
785 3929 928 3998 Thckws
960 3952 1032 3998 cum
1062 3930 1129 3996 filio
1159 3951 1218 3996 suo
1248 3931 1433 4018 Dominico,

302 4035 451 4100 Thukem
469 4055 539 4101 cum
557 4036 623 4101 filio
641 4058 700 4104 suo
718 4038 879 4122 Joucnka,
912 4041 1049 4106 Secutus
1067 4058 1139 4106 oum
1154 4037 1222 4103 lilio
1239 4056 1311 4112 suo¹
1325 4039 1430 4106 Theo·

304 4142 385 4208 doro
401 4155 599 4228 nuncupato.
634 4145 677 4210 Vt
692 4145 792 4228 igitur
806 4145 901 4212 luins
918 4145 1092 4214 diuisionis
1109 4145 1211 4212 series
1229 4145 1264 4210 iu
1280 4146 1433 4214 omnibus
1566 4181 1567 4212 1

304 4250 499 4338 supradictis
517 4253 614 4318 robur
630 4261 786 4339 perpetue
803 4254 966 4321 firmitatis
983 4255 1138 4341 optineat,
1158 4260 1329 4338 presentes
1347 4256 1434 4320 litte·

304 4379 357 4425 ras
374 4357 554 4443 tripertitas
571 4361 614 4424 ad
631 4361 825 4446 peticionem
841 4363 1006 4448 utriusque
1023 4364 1124 4447 partis
1139 4361 1288 4426 inclinati
1305 4381 1431 4429 conces-

303 4467 406 4532 simus
421 4465 521 4532 Stenc
536 4473 569 4532 et
583 4467 748 4552 Stephano
765 4490 804 4534 ac
820 4471 993 4536 eorundem
1020 4469 1175 4536 fratribus
1206 4468 1272 4535 iam
1307 4469 1430 4552 pluries

305 4572 487 4638 nominatis.
520 4577 616 4641 Anno
632 4575 763 4643 Domini
782 4577 951 4644 millesimo
967 4579 1189 4646 ducentesimo
1207 4575 1290 4643 LX⁰
1317 4577 1434 4662 primo.
1566 4581 1567 4670 ᾗ
