3098 5132
542 304 704 404 222..

58 505 104 573 sic
117 503 287 588 diuiditur,
302 501 394 587 qued
409 497 566 568 medietas
581 499 722 587 pertinet
736 497 909 588 Niehclac,
929 499 1092 568 medietas
1107 519 1186 570 uero

55 613 114 680 rr.
129 610 261 680 (inmiti

156 720 244 788 Item
260 722 386 784 mortun
401 713 498 783 Petro
515 712 615 780 irrue
630 712 744 782 ‘sindus
759 719 875 798 quarta
891 717 1072 800 perstem,
1087 734 1185 800 quam

60 827 194 895 habebnt
209 824 246 892 in
261 819 392 907 Nuach,
408 817 453 888 ad
468 825 536 886 tres
551 817 637 886 filias
662 819 822 905 peruenit,
853 832 993 902 quarum
1024 840 1091 887 uua
1121 821 1185 891 snit

58 957 134 1004 ποι
146 929 318 1000 Macharei
334 925 482 1012 Comitis,
498 925 610 1010 quein
626 931 731 992 morte
746 946 808 993 sna
821 919 948 1013 partem
964 946 1067 1016 suam,
1099 928 1184 996 scili·

59 1053 107 1112 cet
119 1040 198 1108 ville
213 1033 346 1122 Nuach,
363 1053 427 1120 que
442 1039 492 1102 est
510 1034 602 1100 iuxta
617 1031 784 1120 Drewam,
810 1040 842 1101 et
857 1033 969 1102 uillam
999 1035 1184 1126 iticahelis,

57 1159 89 1218 et
103 1149 215 1218 viltam
232 1143 354 1211 Seeiku
369 1140 493 1209 dimisit
507 1139 575 1206 filio
591 1159 651 1206 sno
666 1139 728 1206 Th.
745 1140 884 1226 Ocmiti3
908 1141 976 1210 alin
991 1162 1069 1212 uero
1094 1163 1187 1213 screr

61 1256 182 1326 numine
199 1253 315 1320 Gircua
329 1249 446 1317 habuit
462 1247 567 1315 filium
582 1247 714 1317 nomine
728 1247 889 1336 Jchanea,
915 1251 972 1334 qui
1002 1257 1106 1320 matre
1136 1253 1186 1321 vi·

64 1373 152 1432 rente
166 1359 321 1432 uendidit
335 1364 462 1444 partem
478 1357 595 1423 matris
611 1374 679 1442 sue,
696 1355 823 1424 scilicet
846 1357 960 1424 villam
984 1359 1124 1448 Gongay
1153 1367 1186 1429 et

60 1473 163 1541 villam
179 1469 319 1553 Drngun
334 1464 485 1552 predicte
501 1462 561 1534 Th.
575 1462 693 1530 (domiti
716 1483 775 1550 pru
800 1465 1020 1550 quadraginta
1045 1467 1184 1555 marcis3

62 1582 157 1650 tercia
170 1583 286 1644 autem
301 1592 392 1642 soror
406 1570 537 1639 nomine
550 1571 664 1638 Yecha
679 1571 795 1638 habuit
810 1571 910 1639 filium
926 1573 982 1658 qui
1007 1577 1185 1644 uocabatur

61 1689 184 1757 nomine
198 1683 361 1768 Jchauca,
378 1678 439 1748 sed
454 1684 581 1746 mortno
596 1677 667 1764 illu,
685 1678 761 1744 dum
785 1682 916 1748 omnino
949 1689 1077 1750 careret
1105 1682 1183 1772 filie,

62 1803 181 1884 purtem
197 1810 294 1861 suam
310 1809 332 1854 a
348 1787 494 1872 quinque
509 1785 639 1854 filiabus
656 1785 734 1873 suis,
767 1793 799 1854 et
814 1807 835 1854 a
851 1787 920 1855 filia
935 1789 994 1875 filij
1019 1792 1070 1858 sui
1094 1811 1182 1880 recc;

62 1907 112 1990 pit,
127 1909 159 1970 ct
173 1898 330 1966 heredem
346 1895 407 1965 sibi
424 1893 599 1980 adoptauit
613 1914 678 1960 non
694 1894 737 1961 de
753 1895 882 1980 alienis,
909 1897 967 1964 sed
998 1900 1054 1982 qui
1086 1911 1182 1969 natus

65 2019 107 2079 est
119 2031 158 2080 cx
189 2005 326 2094 proprie
356 1991 478 2070 sororis
510 2021 571 2068 sue
602 2007 702 2087 utero,
733 2001 858 2070 scilicet
889 2005 1090 2090 sepedictum
1122 2009 1182 2074 Th.

65 2117 224 2199 Comitem,
240 2113 302 2181 sub
318 2109 505 2178 testimonio
520 2110 677 2176 bonorum
693 2109 846 2199 uirorum,
863 2131 925 2194 quc
941 2119 1067 2196 partem
1080 2135 1185 2206 suam,

64 2247 150 2312 quarn
164 2221 312 2291 habebat
326 2219 362 2285 in
377 2217 504 2304 Nuech,
535 2216 658 2284 scilicet
668 2217 786 2284 villam
801 2217 915 2286 Sancti
939 2219 1119 2308 Michaelis,
1153 2233 1187 2292 et

66 2335 167 2401 villam
182 2332 351 2412 Weretne‚
367 2333 400 2393 et
414 2331 541 2414 partem
556 2325 616 2409 fiiij
636 2324 688 2392 sui
719 2345 818 2392 unam
850 2327 961 2394 villam
994 2349 1064 2395 cum
1096 2338 1183 2400 terra

67 2443 186 2509 numine
200 2435 374 2521 Lnkancy,
390 2451 489 2517 quam
505 2432 641 2498 dederat
657 2433 689 2500 ei
704 2433 900 2502 Benedictus
914 2435 1001 2502 filius
1012 2437 1134 2526 Endus,
1152 2447 1185 2506 et

64 2549 179 2635 inaiiJs
194 2545 292 2628 loeis,
306 2560 369 2625 qne
384 2540 427 2607 ad
444 2559 517 2606 earn
532 2539 752 2627 pertinebant,
766 2539 800 2606 in
817 2561 932 2610 manus
949 2543 1095 2612 eiusdem
1118 2553 1183 2614 tra·

68 2658 150 2745 didit,
164 2653 291 2724 scilicet
306 2647 454 2736 predium
472 2647 557 2732 quod
574 2655 708 2715 uocatur
722 2649 820 2716 Bosel
835 2649 928 2716 iuxta
937 2670 1055 2735 aquam
1067 2652 1183 2742 Olma;

67 2763 221 2850 predictus
236 2777 314 2825 uero
329 2755 529 2823 Benedictus
553 2754 640 2822 filius
671 2754 785 2822 Endus
815 2755 928 2823 villam
960 2757 1121 2851 Nigcsloy
1152 2771 1186 2830 et

66 2871 165 2940 viliam
180 2869 306 2952 Blaaey
322 2861 412 2930 dedit
426 2861 586 2928 Nichoiao
603 2867 636 2928 et
651 2860 712 2928 Th.
730 2861 858 2952 Ocmiti,
875 2865 1004 2948 qnando
1029 2870 1183 2953 migrauit

68 2980 221 3063 rseeulc;
244 2972 392 3061 predicte
408 2989 485 3038 uero
501 2970 581 3038 viiie
595 2969 630 3036 in
645 2971 738 3038 terris
753 2971 804 3038 his
819 2973 917 3038 certis
933 2972 1084 3043 distincte
1100 2985 1177 3046 sunt

68 3092 152 3158 metis
167 3115 176 3156 :
190 3084 305 3150 Prima
319 3087 407 3146 meta
421 3098 521 3164 super
537 3077 699 3162 quendem
715 3085 876 3167 montem;
901 3079 977 3148 inde
993 3083 1098 3150 tendit
1122 3105 1183 3172 per

67 3203 197 3265 muntem
213 3207 332 3260 uersus
347 3185 557 3274 occidentem,
574 3191 607 3254 et
630 3186 810 3255 circumdat
841 3209 933 3258 mens
964 3189 1020 3257 iiic
1049 3190 1183 3258 fluuium

68 3301 228 3388 Lukaucy,
244 3305 278 3366 et
292 3293 384 3364 uenit
398 3291 442 3362 ad
457 3294 563 3360 locum
588 3293 643 3359 ubi
676 3300 726 3360 est
757 3301 844 3362 meta
875 3296 1022 3383 superius
1053 3297 1184 3366 domum

68 3413 198 3497 Dragen,
215 3411 249 3473 et
263 3403 356 3470 uadit
370 3421 427 3489 per
444 3401 592 3470 eleuatas
607 3406 722 3490 metas,
736 3400 793 3469 ubi
819 3423 913 3471 mens
941 3403 998 3473 ille
1029 3406 1117 3475 cadit
1149 3407 1184 3475 in

68 3523 239 3605 chuueam
256 3511 408 3596 superius
423 3509 554 3578 demum
569 3509 703 3597 Blesey,
721 3518 754 3578 ct
768 3510 816 3578 ibi
831 3511 952 3580 transit
965 3513 1100 3582 fluuium
1124 3515 1187 3586 Ζο-

69 3649 161 3713 gonca
174 3627 212 3692 in
227 3619 326 3706 silua,
344 3625 375 3685 ct
406 3617 502 3684 uadit
532 3637 592 3703 per
618 3617 733 3685 siluam
765 3619 901 3686 eleuatis
932 3622 1045 3712 metis;
1067 3632 1184 3709 postea

68 3732 204 3803 ascendit
218 3726 264 3797 ad
279 3725 442 3810 quendam
459 3729 612 3811 montem,
629 3730 660 3791 et
678 3745 736 3810 per
751 3732 891 3794 montem
907 3727 999 3796 illum
1015 3733 1109 3800 uadit
1121 3735 1187 3804 ele·

70 3845 143 3912 uatis
157 3839 256 3910 metis
270 3857 278 3920 ;
302 3840 335 3902 et
349 3832 425 3899 inde
441 3829 609 3900 descendit
623 3832 667 3898 ad
682 3833 793 3900 cheret
809 3834 893 3902 inter
908 3836 1021 3905 villam
1038 3840 1186 3928 Veretne,

69 3959 96 4017 et
107 3951 252 4028 Pelescu,
277 3942 439 4010 transiens
454 3940 547 4006 illum
564 3939 673 4007 cheret
688 3939 827 4024 signatis
841 3943 924 4012 lucis
939 3943 1010 4012 exit
1022 3945 1107 4015 inter
1124 3953 1183 4019 vil·

71 4057 126 4124 lam
139 4052 255 4124 Sancti
270 4047 441 4118 Micaheiis
458 4053 490 4114 et
507 4045 623 4114 villam
638 4046 784 4115 Waratic
795 4051 839 4118 ad
850 4051 1014 4136 quandam
1025 4057 1134 4126 mlaca
1143 4081 1174 4128 m

68 4173 161 4252 etper
174 4163 268 4230 illam
285 4159 425 4226 mlaeam
440 4153 533 4222 uadit
548 4155 592 4221 ad
608 4156 727 4244 locum,
759 4155 815 4223 vbi
830 4158 940 4225 finitur
963 4161 1025 4229 illa
1055 4165 1181 4252 mlcea;

9 4357 10 4368 ἵ
69 4273 177 4354 exinde
193 4267 286 4337 uadit
301 4285 360 4354 per
376 4270 480 4332 metas
498 4264 645 4332 eleuatas
662 4283 764 4352 usque
780 4265 824 4332 ad
839 4268 954 4354 locum,
981 4269 1038 4337 ubi
1054 4269 1115 4339 fuit
1131 4273 1186 4342 dc·

70 4399 129 4448 nus
141 4379 247 4447 Marci
262 4373 415 4457 Comitis3
439 4379 471 4439 et
487 4377 619 4438 cetuna
634 4373 732 4440 arbor
756 4374 864 4461 pirus;
889 4381 922 4441 et
946 4375 991 4442 ibi
1018 4377 1184 4450 deseendit

9 4509 10 4542 i
68 4487 96 4555 in
109 4487 237 4570 uallem,
253 4492 287 4552 et
303 4482 395 4551 uadit
409 4487 497 4551 recte
521 4480 567 4549 ad
591 4481 755 4568 Drawam,
781 4489 815 4550 et
838 4483 883 4555 ibi
916 4485 1035 4555 diuidit
1065 4495 1184 4560 terram

9 4637 10 4698 ᾗ
68 4595 185 4682 Drawa,
201 4591 391 4662 dimidietas
406 4592 501 4659 Petro
516 4589 585 4658 filie
599 4589 721 4674 Endus,
738 4589 924 4664 dimidietas
939 4595 1105 4684 sepedicto
1124 4599 1186 4669 Th.
