3080 5146
105 567 211 614 eornm
229 565 303 615 esse
319 543 461 630 dicebat,
478 545 620 611 asseruit
637 569 645 610 ε
663 543 759 621 Quod
775 565 847 611 cum
878 545 963 613 inter
994 545 1129 632 Remeg,
1159 544 1238 612 Sau-

105 655 178 736 lum‚
194 653 400 734 Michaelem,
416 651 562 718 Marcum
579 659 611 719 et
628 653 718 720 Bene
733 673 792 739 pro
809 651 970 718 diuisione
987 661 1072 718 terre
1084 658 1236 720 etnemo·

105 763 146 828 ris
163 760 327 829 dissensio
343 768 414 829 orta
430 758 557 847 fuisset,
590 761 724 828 tandem
741 759 960 828 mediantibus
977 760 1058 827 uiris
1084 759 1232 846 ydoneis,

105 868 257 936 uidelicet
274 868 398 934 Comite
415 865 563 932 Achilleo
580 874 613 933 et
628 867 706 952 alijs
721 867 988 954 prouincialibus,
1005 866 1049 932 ad
1066 867 1165 934 talem
1183 867 1237 934 de-

104 977 271 1044 uenissent
285 973 555 1058 composicionem
568 998 576 1059 3
600 973 686 1059 qnod
701 973 824 1058 Remeg
841 974 882 1040 de
897 981 986 1040 terra
1002 993 1063 1042 sua
1078 973 1236 1041 heredita·

105 1083 153 1152 ria
168 1082 282 1149 decem
298 1089 332 1148 et
347 1093 420 1148 octo
437 1081 549 1166 iugera
565 1088 650 1147 terre
666 1080 812 1148 dedisset
823 1080 946 1148 Simoni
958 1077 1056 1168 (igy)‚
1070 1081 1234 1166 Michaeli,

106 1189 211 1256 Murco
230 1195 264 1254 et
281 1190 370 1254 Bene
384 1189 593 1274 supradictis,
611 1197 644 1255 et
668 1189 732 1254 tria
763 1189 879 1274 iugera
912 1209 971 1275 pro
1003 1207 1151 1274 nemore;
1178 1189 1236 1254 tali

108 1296 273 1379 concione,
289 1295 376 1379 quod
390 1297 511 1380 Remeg
522 1295 575 1362 uel
586 1295 690 1380 ipsius
700 1313 904 1364 successores
916 1293 1072 1381 temporis
1083 1315 1235 1380 processu

108 1403 296 1468 nullalenus
313 1420 369 1486 per
385 1401 418 1467 S.
435 1403 477 1470 ll.
495 1401 532 1466 Β.
549 1407 582 1467 et
599 1403 640 1468 Μ.
665 1399 846 1472 antedictos
876 1422 935 1486 pro
966 1401 1127 1468 diuisione
1151 1411 1236 1472 torre

108 1515 138 1574 et
153 1508 293 1575 nemoris
311 1507 429 1575 debeat
444 1507 549 1594 inpeti
566 1510 619 1575 nel
649 1511 838 1593 molestari;
861 1528 973 1576 verum
1004 1509 1033 1576 si
1065 1509 1106 1576 lis
1140 1531 1237 1594 super

108 1613 164 1679 illa
180 1623 269 1682 terra
285 1613 445 1700 inciderit,
463 1635 561 1699 quam
577 1615 722 1701 tradidit,
740 1616 862 1698 Remeg
879 1614 977 1682 debet
994 1617 1143 1702 prosequi
1159 1639 1235 1684 ean-

108 1741 176 1787 sam
193 1741 266 1788 cum
283 1720 502 1806 supradictis3
528 1731 559 1788 et
576 1722 605 1788 si
621 1722 752 1790 eosdem
769 1742 827 1808 per
842 1723 988 1806 aliquam
1006 1725 1238 1811 calumpniam,

109 1827 229 1912 absque
245 1827 422 1895 homicidio
439 1831 490 1896 uel
507 1829 678 1898 latrocinio
696 1830 816 1898 dictam
832 1834 951 1896 terram
969 1830 1121 1900 amittere
1135 1833 1237 1900 eonti-

109 1936 200 2022 gerit,
217 1935 340 2022 Remeg
356 1937 437 2024 ipsis
452 1937 646 2006 tantundem
670 1947 755 2005 terre
784 1939 953 2006 restituere
984 1940 1157 2008 tenebitur.
1196 1940 1237 2005 In

110 2044 198 2111 cuins
213 2045 260 2113 rei
275 2047 493 2114 testimonium
510 2047 554 2114 ad
570 2047 770 2116 instanciam
786 2054 820 2114 et
851 2047 1046 2133 peticionem
1073 2046 1238 2129 utriusque

111 2152 212 2236 partis
248 2159 434 2236 presentem
472 2161 596 2222 cartam
636 2155 765 2238 utrique
796 2155 883 2241 parti
909 2155 1101 2222 contulimus
1133 2153 1237 2236 sigilli

112 2259 209 2326 rostd
227 2258 405 2354 munimine
419 2263 624 2350 roboratam
671 2283 758 2331 anno
790 2265 832 2332 ab
857 2263 1091 2330 lncamacione
1106 2259 1238 2328 Domini

110 2363 304 2433 Moerum
318 2385 416 2435 nono.

114 2566 248 2630 (Bredetie
277 2567 465 2634 bethsayda
497 2567 626 2631 melynelr
658 2565 782 2632 peccetje
814 2567 970 2630 elveszett3
1001 2564 1078 2617 kdzli
1107 2565 1238 2618 Horvttlr

609 2655 739 2720 Mihaly.)

540 2939 807 2950 -Ἣ

638 3471 713 3540 258.

118 3667 272 3740 Redoaald
288 3673 403 3738 larvea
419 3672 507 3738 saerb
523 3671 646 3757 laetiq,
670 3673 858 3760 maperdoiti
886 3667 1018 3738 Oatlaro
1044 3675 1140 3738 vetros
1170 3673 1241 3758 sepi

366 3777 627 3864 privilepiamoc’t
642 3779 673 3844 dr
689 3777 855 3846 dirtolecit.
882 3780 978 3846 1250.

213 3973 326 4042 Gloria
342 3973 381 4058 ei,
398 3973 452 4058 qui
469 3971 610 4040 continet
621 3973 739 4060 omnia,
757 3973 827 4040 Deo
837 3979 956 4059 nostro,
969 3972 1058 4040 Oceli
1069 3981 1238 4056 terraeque

117 4080 273 4168 conditori,
306 4089 340 4149 et
363 4081 446 4148 lilio
462 4081 533 4147 eius
550 4081 750 4168 Divinitatis,
781 4083 924 4164 itemque
940 4081 1074 4166 Spiritui
1107 4079 1238 4148 Sancto.

118 4185 221 4254 Gloria
236 4189 352 4256 iterum
368 4189 438 4274 tibi,
455 4189 680 4274 semperDeus
692 4209 793 4271 meurs,
809 4190 992 4272 Imperator
1003 4190 1238 4273 Imperatorum

119 4292 311 4362 etDominus
329 4296 550 4380 Dominorum,
567 4295 658 4363 ouius
683 4315 779 4361 verae
795 4301 828 4361 et
858 4295 1020 4379 gloriosae
1054 4292 1241 4361 Divinitatls

119 4401 217 4468 omnia
231 4409 369 4488 accepta
385 4402 562 4470 referimus.
584 4401 646 4489 Tu,
663 4399 812 4488 Domine,
830 4421 864 4468 es
882 4401 1062 4487 Imperator
1078 4409 1112 4467 et
1126 4399 1237 4467 Domi-

119 4523 185 4593 nus,
214 4509 338 4593 quires
355 4530 466 4578 omnes
482 4509 583 4577 tueris
600 4515 633 4575 et
649 4527 836 4594 conservas,
869 4509 966 4576 valde
992 4508 1173 4576 misericors
1205 4510 1240 4576 in

119 4607 252 4684 homines
269 4635 291 4682 a
307 4625 337 4683 tc
355 4625 552 4706 procreatos,
586 4616 640 4701 qui
658 4635 716 4701 pro
750 4622 806 4683 trra
840 4616 1001 4684 immensa
1032 4615 1240 4686 miseratione
