3120 5148
821 335 983 434 Q

283 509 292 528 ”
337 543 419 619 rent,
437 536 627 600 iurauerunt
641 533 675 599 in
694 531 867 618 presencia
884 535 1006 614 nostra,
1032 551 1068 598 se
1094 529 1136 598 de
1166 536 1271 601 cetero
1301 521 1484 622 predictae

251 708 255 716 ,
345 643 489 708 decimas
506 641 632 723 integre
648 639 817 706 soluturos.
851 635 997 722 idipsum
1023 639 1144 724 Abbas,
1176 643 1233 725 qui
1263 647 1476 728 postmodum

341 747 510 834 successit,
527 749 673 816 Hervcus
688 747 827 826 nomine,
845 745 1032 830 recognocit
1048 754 1081 814 et
1096 749 1243 832 promisit
1272 771 1380 820 coram
1416 773 1477 820 uo·

344 857 407 938 bia,
423 873 561 920 vnacum
578 853 746 921 monacbis
764 855 841 939 suis,
859 861 893 921 et
908 854 1144 924 testimoniales
1169 876 1247 925 suas
1277 859 1404 928 litteras
1439 871 1479 927 et

347 963 533 1030 Contentus
571 969 764 1030 concessant
794 962 916 1028 Abbati
945 961 1103 1048 predicto.
1136 961 1282 1040 Quarum
1311 973 1402 1035 tenor
1424 975 1475 1035 ta·

339 1071 382 1138 lis
398 1079 465 1138 est:

456 1177 574 1246 Notum
592 1177 729 1244 iacimus
744 1177 806 1244 stb.
822 1177 908 1260 quod
938 1179 1007 1260 ligo
1038 1178 1185 1246 Heraeus
1214 1181 1327 1250 Abbas
1357 1182 1477 1250 Sancti

352 1285 463 1371 Egidii
480 1287 542 1353 stb.
559 1283 772 1370 (lsbvetlreailr
788 1305 810 1350 a
825 1285 973 1371 somogyi
988 1285 1198 1354 konventnelr
1231 1289 1367 1356 lllbki
1397 1290 1477 1357 elis-

348 1399 532 1482 mervtnye,
550 1393 630 1460 mint
644 1395 784 1461 arounol
799 1396 854 1463 84.
871 1413 915 1461 sa.
930 1392 976 1480 a.)

455 1499 522 1569 Nos
539 1506 648 1568 autern
664 1501 842 1587 predictam
857 1503 1116 1584 recognitionem
1147 1511 1252 1570 ratam
1282 1511 1315 1572 et
1345 1505 1479 1573 firmam

349 1607 519 1689 babentes,
535 1606 596 1676 bas
611 1608 735 1676 litteras
752 1607 988 1676 testimoniales
1004 1609 1122 1676 posuis
1138 1609 1257 1694 sigillis
1271 1612 1412 1679 munitas
1428 1613 1479 1679 ad

350 1722 541 1804 perpetuam
556 1714 603 1781 rei
618 1714 807 1782 memoriam
824 1720 856 1781 et
870 1714 1056 1782 firmitatem
1072 1714 1144 1782 deri
1169 1714 1314 1805 fecimus,
1339 1727 1375 1786 ut
1401 1739 1479 1786 een·

348 1830 481 1892 seantur
495 1821 627 1908 publica
652 1821 860 1888 munimenta.
903 1825 1019 1890 Actum
1050 1830 1100 1890 est
1129 1821 1191 1890 hoc
1220 1843 1306 1890 anno
1336 1824 1478 1892 Domini

339 1927 551 1998 M⁰OO⁰XV⁰.
604 1997 609 2007 ,

498 2129 600 2188 (nones
618 2129 765 2180 nddorualr
789 2131 865 2178 1238.
886 2127 1111 2190 icelettevelebot
1130 2129 1203 2179 mint
1225 2131 1328 2194 alabb.)

879 2949 935 3016 84.

347 3150 378 3218 Α
405 3153 498 3218 Saeat
524 3151 637 3236 Epped
661 3149 866 3236 aomoppcdri
890 3154 973 3233 aput
998 3152 1030 3212 da
1055 3161 1212 3216 mercator
1243 3152 1490 3241 eliamerceaycr

344 3266 422 3346 kopp
438 3283 459 3324 a
472 3258 711 3345 pantocraton·
726 3256 1480 3343 cpdtadpuaktiaedctfizctaiwrtoaack.1215.

455 3455 572 3522 Notum
587 3453 725 3518 facimus
741 3451 891 3518 omnibus
908 3449 1027 3517 Christi
1052 3449 1200 3524 fidelibus
1225 3457 1292 3518 tam
1318 3457 1481 3535 presenti·

350 3567 410 3632 bus
425 3581 523 3645 quam
540 3559 665 3644 futuris,
683 3555 770 3642 quod
785 3557 856 3642 Ego
871 3557 1017 3624 Heraeus
1031 3557 1145 3624 Abbas
1160 3555 1273 3626 Sancti
1298 3557 1408 3642 nigidii
1433 3561 1480 3630 de

351 3673 507 3758 Symigio,
524 3675 555 3734 et
570 3685 629 3734 nos
644 3663 796 3732 Monacbi
811 3665 956 3733 eiusdem
971 3663 1171 3748 Monasterii,
1204 3665 1370 3733 constituti
1386 3667 1483 3738 vide-

351 3782 431 3847 licet
445 3780 480 3844 in
496 3773 668 3863 presencia
683 3771 863 3840 lauriensis
879 3771 1042 3860 Episcopi,
1074 3779 1107 3842 et
1122 3771 1261 3842 Abbatis
1278 3773 1481 3846 Waradien-

348 3889 403 3974 sis,
421 3891 453 3953 et
468 3881 606 3950 Abbatis
622 3879 662 3947 de
677 3879 766 3967 Becl,
783 3899 803 3944 a
819 3879 949 3946 domiuo
964 3880 1057 3964 Papa
1072 3879 1292 3964 delegatorum
1307 3881 1479 3974 iudicum,

353 4017 411 4083 pro
428 4013 528 4062 causa
543 3989 667 4058 scilicet
684 4008 745 4073 que
762 3990 947 4056 uertebatur
962 3989 1046 4054 inter
1062 3989 1221 4055 Abbatem
1239 3996 1272 4055 et
1296 3989 1483 4062 Monachcs

348 4103 461 4173 Sancti
476 4100 605 4169 Martini
622 4099 662 4164 de
687 4095 865 4180 Pannonia,
883 4104 915 4161 et
946 4095 1014 4163 Nos
1044 4096 1277 4182 Symigienses,
1310 4103 1480 4168 communi
1540 4159 1541 4173 ,

351 4211 486 4281 consilio
503 4216 535 4276 et
551 4224 710 4274 consensu
725 4202 829 4270 tocius
843 4203 945 4270 nostri
962 4201 1112 4290 Capituli,
1129 4205 1279 4271 nolentes
1294 4207 1386 4288 sequi
1409 4227 1482 4274 ma-

350 4323 456 4388 liciam
474 4323 506 4382 et
521 4313 726 4399 iniquitatem
740 4310 903 4377 Hilliberti
920 4310 1056 4378 Abbatis
1081 4319 1114 4377 et
1138 4331 1268 4378 suorum
1299 4309 1481 4404 fautorum,
1539 4347 1540 4406 3

348 4431 403 4514 qui
420 4423 653 4548 perturbabant
670 4419 889 4504 possessiones
905 4417 1093 4486 Monasterii
1125 4416 1238 4484 Sancti
1270 4418 1403 4485 Martini
1437 4424 1483 4491 de
1539 4427 1540 4445 l

348 4537 519 4608 Pannonia
535 4534 568 4598 in
586 4527 861 4597 decimacionibus
875 4536 1067 4606 aratrorum,
1085 4545 1260 4612 orreorum,
1271 4528 1539 4596 cellariorum

351 4644 564 4732 propriorum,
580 4645 613 4704 et
627 4635 820 4720 populorum
836 4643 1029 4722 rostrorum,
1045 4633 1399 4726 aeporroclianorum,
1418 4635 1486 4704 Oa·
1538 4597 1539 4717 t

1533 5009 1537 5091 l
