3164 5154
211 1067 244 1138 Α
260 1069 461 1160 Fronpepdo
479 1065 593 1136 acted
614 1063 715 1158 Veplc
732 1067 830 1154 szipet
845 1063 1045 1136 btrtotoban.
1072 1067 1170 1137 1163.

229 1268 271 1335 In
287 1265 417 1336 nomine
432 1263 555 1332 domini
570 1263 632 1330 Dei
649 1271 682 1331 ct
696 1262 878 1332 Salvatoris
897 1265 1001 1332 nostri
1017 1263 1096 1335 Jesu
1123 1265 1257 1337 Obristi.

120 1379 216 1448 luno
232 1375 371 1446 Domini
387 1375 559 1443 millesimo
576 1373 753 1442 centesimo
779 1371 997 1460 (sexagesimo
1019 1375 1139 1460 tertio),
1155 1371 1253 1445 tertio

120 1487 242 1557 mensis
258 1482 412 1571 Augusti,
428 1482 610 1550 indictione
627 1481 741 1548 lea.
757 1479 884 1560 Quanto
902 1502 1029 1567 queque
1045 1481 1181 1552 maioris
1197 1505 1252 1554 ne-

121 1595 207 1683 gotii
223 1615 300 1663 esse
314 1595 514 1680 probantur:
531 1597 623 1660 tanto
640 1591 843 1678 propensiori
859 1591 966 1660 studio
983 1591 1101 1661 debent
1112 1595 1255 1679 perscri-

119 1712 251 1792 pturum
268 1701 423 1770 memorie
434 1699 601 1785 annotari,
616 1721 658 1766 ne
673 1699 829 1767 decursus
846 1705 1024 1785 temporum
1041 1701 1146 1788 tollat,
1164 1701 1251 1786 quod

117 1810 314 1879 innocentia
331 1815 363 1876 et
378 1807 462 1874 bone
477 1807 642 1893 opinionis
657 1806 793 1874 intentio
809 1805 938 1874 euicere
950 1805 1084 1876 studuit.
1100 1806 1248 1896 Quapro-

118 1927 191 2007 pter
207 1938 269 1986 uos
284 1915 420 2005 quidem
435 1914 553 1983 Vitatis
570 1909 809 2002 michaelus),
826 1911 888 1981 Dei
905 1914 1013 1998 gratia
1028 1913 1249 2002 Venetiarurn,

117 2025 287 2096 Dalmatio
303 2029 402 2108 atque
417 2023 547 2090 Oroatis
562 2024 649 2110 Dux,
659 2041 730 2089 cum
746 2019 917 2089 Judicibns
928 2027 960 2088 et
975 2021 1097 2092 illectis
1114 2021 1250 2108 Sapien-

117 2136 205 2204 tibus
221 2141 324 2218 atque
338 2133 437 2200 totius
453 2129 563 2218 populi
579 2129 820 2198 collaudatione
844 2149 902 2197 seu
926 2130 1170 2200 confirmatione
1184 2131 1249 2198 nti·

118 2243 204 2314 litati
218 2240 429 2310 Venetiarum
447 2245 480 2306 et
495 2240 594 2308 saluti
611 2238 787 2322 diligenter
803 2239 1022 2322 consulentes,
1049 2237 1246 2308 Comitatum

118 2353 323 2438 veglensem,
340 2353 416 2436 post
431 2348 612 2416 discessum
629 2347 762 2414 Comitis
778 2346 886 2416 Doimi
896 2353 1079 2432 vacantem,
1095 2346 1245 2418 ordinare

120 2459 325 2528 decrevimus
357 2457 401 2525 ad
420 2457 574 2525 honorem
590 2462 622 2524 et
637 2459 818 2541 proiectum
845 2455 999 2526 comunis
1024 2455 1243 2528 venetiarum.
1332 2451 1339 2460 ’

120 2571 161 2636 lit
175 2567 328 2654 quoniam
346 2573 378 2635 te
393 2565 671 2650 Bartholomeurn,
684 2572 783 2649 atque
793 2563 977 2633 (luidonem
992 2565 1127 2635 tratrem
1143 2573 1234 2636 tuum

121 2675 218 2744 ilium
235 2674 377 2761 predicti
393 2673 529 2741 Comitis
545 2671 664 2758 Doirni,
676 2673 759 2740 tales
775 2672 845 2742 iore
860 2672 1018 2761 novimus,
1028 2675 1084 2758 qni
1100 2671 1242 2743 comita·

122 2791 186 2850 tum
200 2783 396 2868 veglensem
412 2779 588 2868 prudenter
602 2799 717 2865 regere
732 2787 832 2864 atque
847 2780 930 2848 tueri
953 2782 1111 2868 potestis:
1127 2781 1246 2851 idcirco

122 2892 224 2977 ipsum
240 2891 449 2979 comitatum,
466 2896 499 2959 et
513 2895 614 2956 totam
632 2889 773 2956 insulam
790 2891 881 2958 vobis
897 2891 1055 2960 ambobus
1085 2889 1240 2960 iratribus

123 3005 261 3086 tempore
276 2999 344 3066 vite
361 3005 470 3066 vestre
486 2997 612 3078 damus,
636 2998 844 3066 concedimus
876 3003 974 3082 atquc
988 3003 1238 3086 transactamus,

125 3113 155 3174 et
167 3108 215 3176 illi
230 3106 270 3176 de
286 3107 380 3174 vobis
395 3105 451 3192 qni
466 3104 683 3192 supervixerit
699 3106 756 3172 tali
772 3103 869 3174 modo
895 3111 926 3174 et
936 3112 1047 3192 pacto,
1064 3105 1153 3191 quali
1168 3127 1239 3193 pre·

124 3211 219 3284 dictus
242 3221 339 3304 pater
354 3220 463 3283 vester
478 3214 592 3282 habuit
608 3219 752 3302 tempore
768 3215 1037 3299 predecessorum
1055 3219 1238 3283 nostrorum

124 3323 201 3390 bone
232 3321 387 3390 memorie
402 3321 541 3410 Ducum,
573 3321 726 3390 videlicet
756 3320 919 3389 Dominici
950 3320 1132 3408 Michaelis,
1148 3321 1242 3388 Petri

123 3431 243 3514 Polani,
274 3429 442 3498 Dominiei
467 3431 666 3518 biauroceni,
684 3436 717 3498 et
732 3437 878 3516 tempore
894 3437 1002 3499 nostro
1019 3451 1075 3517 per
1092 3435 1239 3496 nostrum

122 3540 319 3626 privilegium
338 3541 570 3626 confirmatum,
587 3561 660 3608 oum
677 3539 828 3608 omuibus
844 3541 1034 3630 redditibus,
1048 3540 1131 3607 sicut
1147 3545 1242 3624 pater

121 3653 223 3715 vester
238 3647 363 3736 babuit,
381 3655 416 3725 nt
433 3649 541 3716 omnia
564 3649 694 3733 integra
710 3655 741 3716 et
757 3647 887 3716 illibata
902 3647 1064 3735 babeatis,
1081 3654 1114 3714 et
1132 3653 1235 3734 potes·

123 3755 216 3822 tative
230 3766 350 3822 cuncta
380 3753 563 3823 vendicatis
579 3757 683 3843 vobis,
714 3762 825 3840 preter
840 3755 982 3824 barches
1013 3754 1238 3842 Veglensium,

124 3879 197 3942 quus
212 3863 361 3931 nolumus
379 3869 414 3930 ut
430 3863 582 3948 oneretis,
615 3881 719 3947 neque
744 3865 857 3931 asinos
873 3864 928 3932 vel
944 3863 1091 3931 iumenta
1105 3863 1238 3930 illorum

122 3967 257 4058 volumus
272 3976 308 4038 ut
323 3971 463 4058 pervim
479 3970 650 4057 auferatis,
682 3972 859 4039 canistrum
876 3991 1006 4056 quoque
1023 3993 1160 4040 uvarum
1178 3991 1238 4058 per

124 4075 226 4145 vineas
239 4079 369 4146 illorum
386 4100 451 4146 non
468 4079 602 4148 tollatis.
621 4083 688 4148 ista
719 4086 859 4164 quatuor
875 4081 1007 4148 omnino
1023 4079 1235 4167 probibemus

123 4203 159 4252 ne
172 4184 306 4256 faciatis.
324 4185 541 4256 deieratione
559 4188 702 4256 diximus
712 4188 847 4256 licenter
862 4187 1010 4257 babeatis
1021 4189 1092 4255 sine
1108 4193 1235 4256 contra·

124 4289 254 4362 dictione
269 4301 303 4364 et
318 4298 390 4364 siue
406 4295 493 4363 omni
508 4295 728 4388 diminutione.
752 4297 915 4379 Argarias
939 4303 1067 4366 nostras
1088 4295 1236 4380 quotiens

127 4403 317 4490 oportuerit,
335 4403 422 4471 siout
436 4411 581 4491 tempore
591 4404 806 4492 predictorum
822 4404 948 4474 Ducum
965 4411 997 4473 et
1013 4409 1133 4488 nostro,
1148 4403 1236 4488 Veg-

124 4501 219 4578 lemes
233 4509 442 4581 communiter
457 4511 589 4582 saciant.
606 4514 747 4599 Legatos
757 4519 885 4584 nostros
904 4512 1072 4602 excipietis
1086 4520 1118 4582 et
1132 4511 1232 4584 bono·
