3120 5148
800 271 960 372 Q

249 443 254 455 ἱ
302 470 452 538 ‹duorum
468 469 643 551 hominnm,
659 464 811 534 videlicet
827 464 1005 553 velicelay,
1033 472 1065 531 et
1096 463 1287 532 chudioelai
1320 464 1439 532 uterini
1556 477 1557 482 ’

318 577 399 662 eins,
416 578 471 661 qui
487 576 581 644 nobis
598 584 630 642 et
646 575 709 642 soii
724 574 815 642 Bano
833 596 853 642 a
872 572 1131 661 progenitoribus
1141 574 1210 642 snis
1221 573 1348 640 seruire
1357 578 1444 640 tene·

319 686 449 771 bantur,
466 690 510 767 ut,
528 685 561 749 in
578 703 642 766 qno
658 683 753 749 nobis
768 683 821 748 vel
838 684 930 749 Bane
947 680 1142 763 seruiebant,
1159 687 1227 747 tam
1243 681 1318 766 ipsi,
1345 699 1440 764 quam

317 793 358 857 ab
375 792 456 876 ipsis
472 787 707 858 descendentes
723 789 785 856 soli
804 789 921 855 Domni
938 787 1065 872 Templi
1082 807 1153 853 cum
1182 788 1251 855 snis
1281 790 1380 856 terris
1412 797 1442 855 et

319 896 532 982 pertinencijs
549 897 791 982 inperpetuum
809 897 933 963 seruire
950 902 1132 964 teneantur.
1162 894 1205 960 vt
1222 895 1322 979 igitur
1353 897 1395 965 he
1424 919 1443 965 a
1557 968 1558 980 ,

315 1003 407 1070 nobis
423 1001 510 1070 facte
527 1002 737 1088 donaciones,
753 1002 980 1071 concessiones
996 1011 1028 1070 et
1052 1002 1318 1070 confirmaciones
1345 1005 1443 1071 nullis
1557 999 1558 1005 ’

317 1132 457 1197 unquam
474 1111 675 1196 temporibus
689 1111 823 1178 valeant
839 1111 994 1194 reuocari,
1015 1118 1199 1195 presentem
1217 1112 1374 1197 paginam
1401 1113 1440 1179 si·

314 1218 388 1302 gilli
403 1219 504 1285 nostri
521 1219 636 1285 robore
653 1216 788 1286 fecimus
805 1218 1002 1285 communiri.
1028 1217 1149 1285 Datum
1166 1238 1224 1303 per
1239 1239 1356 1287 manus
1374 1220 1439 1285 Ma·

314 1325 410 1411 gistri
428 1326 550 1393 Th0me
567 1325 819 1410 vesprimiensis
835 1326 999 1411 Propositi
1014 1334 1047 1391 et
1064 1327 1139 1392 aule
1155 1327 1255 1411 Regis
1272 1326 1441 1392 Oanoeiia·

313 1433 353 1521 rij
371 1452 458 1500 anno
474 1431 517 1498 ab
534 1432 766 1500 incarnacione
791 1435 921 1501 Domini
948 1431 1126 1500 M⁰GG⁰Xt
1168 1434 1358 1500 venerabili
1389 1434 1441 1500 Jo-

313 1540 422 1608 hanne
439 1540 654 1623 Strigoniensi
671 1542 935 1627 archiepiscopo,
967 1540 1160 1609 Reuerendo
1176 1539 1330 1607 Bertoldo
1348 1538 1441 1609 Oolo·

314 1648 403 1722 censi
419 1649 533 1714 Eleoto
550 1655 582 1714 et
597 1649 689 1716 Bano
705 1648 927 1730 existentibus,
944 1648 1070 1715 Gaiano
1086 1646 1441 1731 Quinqneecciesiensi,

199 1812 202 1820 ,
314 1755 465 1822 Boleaiao
484 1756 647 1841 vaciensi,
679 1755 848 1841 Catapano
865 1756 1025 1839 Agriensi,
1058 1755 1188 1821 Simone
1219 1754 1438 1841 waradiensi,
1558 1781 1559 1792 ¹

314 1862 485 1930 Desiderio
502 1863 728 1949 Ohenadiensi,
747 1863 915 1930 Wiiiermo
930 1862 1161 1948 Transiluano,
1193 1861 1363 1930 Gothardo
1379 1864 1439 1930 Za·

315 1970 490 2058 scaniensi,
523 1970 618 2037 Petro
644 1969 819 2056 Janriensi,
838 1970 977 2037 Roberto
1004 1968 1250 2058 vesprimiensi,
1276 1970 1443 2038 Ecclesiae

315 2079 374 2146 Dei
404 2077 546 2146 feliciter
576 2077 854 2163 gubernantibns3
889 2077 970 2146 Pcth
995 2075 1148 2144 Palatino
1179 2082 1212 2142 et
1242 2077 1443 2145 Musuniensi

315 2183 450 2273 Gemite,
467 2184 627 2252 Michaele
643 2185 835 2272 Woyouoda
853 2183 1085 2267 existentibus;
1102 2183 1200 2250 Petro
1215 2181 1395 2250 Bachiensi
1412 2192 1443 2251 et

315 2293 439 2360 cunali
455 2292 582 2360 comite
598 2294 731 2379 Regino,
747 2291 883 2359 Nicolao
901 2289 1097 2377 Keweyensi
1114 2296 1146 2356 et
1161 2289 1286 2356 Curiati
1304 2288 1438 2372 comite,

315 2401 389 2484 Mog
420 2398 611 2468 Posoniensi
647 2399 827 2466 Comitatus
869 2398 1065 2480 tenentibus,
1098 2399 1203 2480 Regni
1229 2399 1331 2465 nostri
1356 2418 1443 2464 anno

313 2515 417 2573 sexto.

315 2703 373 2764 (IV.
394 2703 494 2754 Iitsaio
513 2703 664 2766 kirtlynak
686 2707 761 2756 lara.
781 2704 955 2769 megerosito
975 2702 1225 2769 privilegiumtbol
1245 2718 1262 2754 a
1282 2703 1370 2755 budai
1390 2705 1444 2754 kin.

702 2794 831 2843 kamarai
850 2793 1044 2856 lerdltarban.)

847 3611 901 3678 oi.

311 3809 356 3872 II.
373 3807 483 3871 Eadre
498 3807 607 3892 ttrotp
631 3808 819 3896 dunepelyeo
833 3811 1113 3896 pmoileyiummol
1139 3814 1327 3899 meyerdeiti
1351 3834 1372 3874 a
1400 3822 1447 3876 to·

458 3915 585 3998 puskce‘
599 3920 739 4000 apdtea'q
747 3919 863 4001 jacuit
880 3919 912 3983 ea
928 3919 1165 4007 azcdadsdqoit.
1183 3919 1281 3982 1211.

417 4108 455 4176 ln
493 4110 622 4178 nomine
660 4111 779 4178 Sancte
817 4110 989 4179 Trinitatis
1021 4121 1053 4180 et
1081 4112 1254 4181 Indiridne
1284 4115 1449 4186 Unitatis.

315 4215 463 4285 Andreas
487 4217 549 4284 Dei
576 4217 688 4301 gracia
719 4215 895 4306 Hungarie,
926 4219 1106 4305 Dalmaoie,
1132 4219 1298 4303 Ororacie,
1325 4222 1448 4311 Rama,

327 4324 451 4405 Servio,
469 4324 604 4412 Geticis,
619 4324 810 4393 Lodomerie
822 4327 893 4394 Rex
908 4327 942 4393 in
958 4337 1159 4414 perpetuum.
1178 4329 1268 4397 Licet
1285 4330 1451 4403 Christia-

320 4430 444 4498 mssimi
462 4433 577 4518 Reges,
594 4439 821 4501 antecessores
838 4435 948 4513 nostri,
968 4436 1024 4519 qni
1040 4442 1152 4504 sancte
1168 4437 1337 4522 religionis
1354 4442 1450 4509 cultu

299 4537 499 4604 rictoriosos
517 4539 588 4606 dies
605 4559 679 4605 snos
695 4539 839 4607 feticiter
856 4541 1089 4632 instruxerunt,
1105 4546 1199 4612 nobis
1215 4545 1384 4615 sufficiant
1399 4551 1449 4616 ad
