3208 5158
695 261 857 358 ppe—

202 461 327 550 prefati
343 460 400 544 filij
434 456 594 526 Johcnnis
611 461 644 520 ct
660 455 781 522 Paulus
812 451 1048 529 ostendissent,
1080 447 1340 526 demonstrass03

201 571 317 654 plures
327 567 431 636 eciam
448 571 480 632 ct
489 563 639 651 pociores
656 561 781 630 nobiles
790 580 849 647 pro
859 563 953 644 parte
962 552 1080 642 prefati
1096 551 1256 619 Johannis
1272 549 1340 615 Lit-

207 675 315 758 teruti,
330 695 427 758 quum
443 693 502 760 pro
518 677 613 758 parte
629 669 866 737 antedictorum
882 666 1020 733 liliorum
1030 659 1190 730 Johsnnis
1202 663 1235 726 et
1246 656 1343 724 Pauli

207 781 358 849 attestati
372 777 520 861 fuissent,
537 776 631 844 modo
647 773 816 861 prehabito
846 781 991 856 tempore
1023 767 1125 856 ipsius
1156 765 1342 834 reambnle-

205 888 311 956 cionis
343 883 527 952 affirmasse
558 901 598 948 ex
614 879 786 967 premissis
817 877 1131 957 adtondebantur,
1157 875 1199 940 ob
1215 870 1342 956 hocque

203 996 427 1081 juramentum
450 1009 550 1076 super
564 995 651 1056 terra
667 986 811 1072 litigiosa
827 984 871 1052 ad
887 989 1028 1068 quatuor
1043 987 1157 1048 aratra
1188 979 1342 1049 estimctc

206 1102 274 1188 ipsi
303 1097 448 1168 Jcbcnni
485 1097 646 1164 Littersto
687 1093 810 1179 imponi
853 1091 1079 1176 incumbebat3
1102 1087 1189 1157 idem
1232 1086 1337 1154 eciam

208 1209 377 1278 lohannes
394 1207 571 1274 Litterctus
598 1203 811 1289 prescriptum
844 1197 1054 1284 priuilegium
1086 1195 1189 1283 ipsius
1222 1194 1344 1262 domini

209 1315 289 1382 Bele
312 1311 412 1396 Regis
436 1333 501 1378 non
517 1312 550 1378 in
567 1328 744 1396 graucmen
761 1313 794 1376 et
808 1304 1024 1393 preindicium
1039 1305 1183 1390 ipsorum
1200 1301 1343 1369 filiorum

200 1421 371 1491 ..lobannis
390 1426 421 1487 et
436 1418 531 1486 Pauli
546 1416 606 1502 filij
625 1417 763 1504 Nicolsi,
790 1414 849 1482 sed
880 1415 914 1480 in
946 1411 1042 1480 buius
1074 1411 1345 1503 decimacionem,

212 1535 248 1596 vt
278 1529 339 1596 sub
370 1527 459 1612 quali
490 1533 522 1592 et
545 1530 666 1609 quanto
681 1522 794 1590 metali
809 1523 884 1607 giro
899 1521 974 1606 ipsc
989 1523 1158 1608 possessio
1176 1521 1262 1588 Kwn
1279 1525 1343 1591 exi-

212 1642 289 1722 stet,
316 1633 513 1714 exhibuisse,
530 1639 618 1700 etex
649 1651 687 1698 eo
718 1651 777 1718 pro
809 1629 1011 1697 exhibicione
1041 1629 1145 1715 ipsius
1178 1629 1342 1722 priuilegij

210 1742 369 1828 premisso
401 1742 594 1828 gruncmine
625 1739 705 1809 facti
736 1739 922 1823 calumpnie
964 1737 1094 1806 onerari
1126 1758 1192 1806 non
1224 1739 1344 1808 debore

210 1851 473 1935 agnoscebatur:
500 1850 574 1918 ideo
605 1850 667 1916 sth.
699 1849 807 1934 ipsum
846 1846 1043 1914 Jobannem·
1059 1843 1253 1913 Litterctum
1284 1869 1343 1934 pro

211 1957 418 2025 exhibicione
448 1957 619 2044 prescripti
650 1953 814 2042 priuilegij
849 1953 972 2022 domini
988 1953 1069 2021 Bele
1084 1954 1187 2038 Regis
1202 1955 1236 2020 in
1252 1957 1344 2023 nullo

206 2063 368 2148 agraucri
409 2062 529 2150 debere
569 2063 790 2147 decernentes,
831 2059 1052 2129 commisimus
1087 2060 1286 2147 judicantes,
1311 2070 1347 2130 rt

212 2178 392 2240 annotatus
423 2170 591 2240 Johannes
617 2170 797 2236 Litteratus
822 2168 856 2234 in
874 2169 1000 2236 octaris
1016 2168 1083 2236 diei
1098 2169 1199 2237 medii
1215 2170 1344 2236 XL-me

215 2286 293 2345 tunc
307 2281 465 2364 venturis,
491 2277 696 2365 presentibus
723 2275 907 2345 hominibus
936 2276 1049 2361 Regijs
1081 2285 1115 2346 et
1146 2277 1345 2364 testimonijs

213 2384 354 2471 predicti
386 2386 571 2454 conuentus
602 2385 642 2453 de
657 2385 771 2473 chou,
804 2383 849 2451 cd
880 2383 1000 2452 faciem
1016 2385 1232 2472 possessionis
1248 2387 1344 2474 Kwn,

210 2493 330 2562 uicinis
347 2499 379 2560 et
394 2492 625 2561 commetcneis
642 2491 787 2560 eiusdem
804 2493 965 2577 legittime
982 2493 1182 2578 conuocatis,
1205 2514 1244 2561 ac
1273 2514 1345 2581 pre-

210 2601 312 2670 dictis
342 2599 419 2686 filijs
444 2600 603 2667 Johcnnis
620 2619 660 2666 cc
677 2599 780 2665 Paulo
798 2598 865 2665 filio
881 2599 1020 2684 Nicolui,
1036 2605 1094 2666 aut
1110 2621 1220 2668 eorum
1235 2602 1343 2686 legiti-

214 2709 277 2776 mis
315 2706 580 2794 procuratoribus
605 2707 822 2793 presentibus,
864 2705 1060 2794 uccedendo,
1104 2709 1241 2776 eundem
1283 2729 1342 2794 per

212 2821 318 2884 metes
345 2821 378 2883 et
393 2835 505 2882 cursus
520 2815 654 2882 metales
671 2815 706 2880 in
722 2815 943 2900 superioribus
961 2813 1147 2882 declaratas
1163 2823 1196 2882 et
1213 2835 1346 2902 expres·

211 2943 280 3007 scs,
305 2944 364 3008 per
380 2921 486 3008 ipsum
503 2930 651 2990 ostensas
668 2928 699 2989 et
714 2921 956 2988 demonstratas
983 2920 1211 3007 recmbulcret,
1241 2921 1344 2989 fecta·

211 3051 279 3115 -que
310 3029 387 3116 ipsu
417 3028 679 3096 reambulacione
694 3030 730 3096 in
747 3049 812 3096 vna
828 3027 974 3114 ipsarum
989 3035 1147 3095 metarum
1162 3027 1343 3114 peripsum

210 3137 521 3220 demonstratarum,
538 3133 728 3204 duodecimo
760 3156 797 3204 se
827 3134 993 3203 nobilibus
1024 3133 1087 3203 sibi
1117 3135 1291 3223 similibus,
1309 3157 1350 3204 ex

217 3244 334 3328 quibus
366 3265 450 3312 unus
467 3264 508 3310 ex
523 3244 678 3330 prodactis
693 3245 761 3314 suis
779 3245 1012 3313 commetaneis
1027 3245 1082 3310 vel
1098 3243 1228 3328 vicinis,
1259 3243 1345 3310 alter

220 3373 298 3420 vero
315 3353 464 3421 similiter
479 3372 519 3419 ex
535 3351 687 3438 predictis
703 3353 869 3420 nobilibus
880 3351 1209 3437 comprouincialibus
1221 3371 1350 3437 prosus

216 3467 313 3546 parte
344 3460 509 3529 attestatis
540 3460 696 3528 interesse
722 3461 889 3548 deberent,
905 3458 1122 3546 comperendc
1149 3460 1350 3529 discalciatis

216 3567 371 3652 pedibus,
387 3566 539 3633 resolutis
555 3565 694 3650 singulis
712 3564 784 3655 (lgy
806 3566 988 3652 ›cingulis‹
1009 3565 1161 3654 helyett),
1179 3576 1212 3636 et
1227 3575 1348 3636 terram

216 3691 316 3758 super
327 3675 438 3759 capita
448 3693 558 3742 corum
568 3673 720 3760 leuando,
730 3693 770 3740 cc
779 3674 977 3758 generaliter
986 3673 1126 3742 dicendo
1142 3683 1238 3760 prout
1253 3675 1351 3742 moris

215 3786 279 3860 est,
291 3779 405 3864 jurare
420 3798 518 3864 super
533 3785 621 3846 terra
637 3799 735 3865 super
751 3800 799 3862 eo,
817 3780 905 3863 quod
920 3779 1068 3865 predicte
1098 3789 1185 3848 mete
1217 3788 1249 3850 et
1279 3803 1349 3848 me·

215 3889 302 3954 tales
334 3907 445 3954 cursus
478 3906 537 3972 per
552 3886 657 3972 ipsum
691 3887 912 3955 demonstrate
929 3897 962 3956 et
979 3887 1108 3970 ostensi,
1124 3908 1200 3956 vere
1215 3895 1248 3956 ct
1263 3897 1354 3958 recte

215 4000 304 4062 mete
320 3994 355 4060 in
372 3992 457 4060 dicto
473 3993 648 4079 priuilegio
664 3994 788 4061 domini
819 3994 899 4062 Belo
928 3995 1030 4080 Regis
1061 4003 1214 4065 contente
1245 4004 1356 4066 essent

216 4109 250 4168 et
267 4094 456 4181 exist'erent,
482 4097 692 4184 predicthue
708 4099 872 4187 particulo
886 4107 974 4170 terre
989 4101 1137 4186 litigiose
1153 4103 1199 4169 cd
1214 4111 1354 4187 quatuor

208 4212 332 4275 aratra
363 4205 515 4273 estimato
546 4225 674 4293 sempor
705 4207 747 4274 cd
778 4207 960 4294 predictam
990 4211 1234 4296 possessionem
1265 4214 1354 4281 Kwn

215 4317 415 4404 pertinuerit
446 4323 480 4384 et
509 4315 673 4402 pertinere
701 4314 842 4402 deberet,
876 4339 915 4384 ac
948 4319 1037 4385 intre
1072 4319 1242 4404 predictos
1259 4341 1355 4390 veros

208 4443 336 4492 cursus
361 4423 497 4490 metelos
526 4422 671 4490 eiusdem
700 4425 854 4491 existeret
883 4430 915 4492 et
943 4425 1074 4512 existat,
1114 4436 1356 4498 sacramentum

212 4539 368 4619 prestare
394 4538 559 4600 teneretur
597 4531 659 4600 stb.
707 4533 828 4598 Datum
862 4531 896 4600 in
921 4533 1125 4620 Wyssogrcd
1161 4531 1355 4606 duodecimo
