3150 5162
841 953 915 1023 aas.
957 923 963 928 ’

315 1161 376 1228 IV.
389 1157 521 1225 Sdndor
534 1161 625 1248 pcipe
642 1181 663 1221 a
677 1106 1062 1243 spulutoifdespereotaek
1078 1153 1282 1238 mepbuppja,
1315 1151 1403 1235 bopy
1421 1173 1445 1212 a

309 1268 432 1354 jadrai
447 1268 593 1334 tranando
609 1289 631 1331 o
647 1265 796 1332 aibenieoi
807 1267 981 1348 pupsdyra
996 1259 1174 1327 kimondott
1203 1259 1320 1324 bobeta
1342 1256 1449 1344 sapa·

753 1373 875 1435 mattae.
900 1368 998 1436 1260.

423 1564 607 1633 Alexander
624 1565 802 1652 Episeopus
818 1583 931 1631 seruus
947 1583 1114 1630 servorum
1129 1562 1191 1628 Dei
1224 1561 1348 1628 dilecto
1379 1559 1450 1625 filio

318 1727 325 1743 .
344 1727 351 1742 .
370 1725 377 1741 .
394 1671 630 1740 Arebidiaoouo
648 1671 790 1738 Eoeiesie
806 1671 1012 1757 spalatensis
1028 1671 1168 1738 salutem
1180 1668 1447 1754 etlipostolioam

317 1781 584 1850 benedictionem.
623 1781 782 1866 Exposuit
811 1779 907 1846 uobis
925 1779 1120 1846 venerabilis
1135 1779 1235 1845 frater
1250 1784 1361 1844 noster
1381 1827 1387 1838 .
1408 1825 1416 1840 .
1440 1827 1447 1841 .

318 1889 498 1976 Episcopus
514 1887 757 1976 Traguriensis,
789 1887 877 1972 quod
894 1905 966 1953 uum
983 1887 1068 1954 inter
1099 1887 1181 1954 bone
1212 1887 1393 1954 memorie.
1412 1935 1420 1949 .
1443 1937 1449 1948 .

318 1997 565 2081 'impuriensem
583 1996 778 2082 Episeopum
795 1995 1058 2082 predecessorum
1074 2015 1168 2063 suum
1184 2015 1224 2062 ex
1240 2001 1336 2079 parto
1368 2013 1449 2076 una,

319 2112 351 2172 et
368 2155 375 2171 .
393 2153 401 2172 .
420 2155 427 2170 .
444 2101 769 2189 Arohipresbytarnm
786 2107 819 2168 ot
835 2102 969 2171 elericos
987 2103 1093 2170 castri
1109 2102 1151 2170 de
1176 2100 1334 2187 Sybinioo
1367 2100 1450 2167 Dio

318 2215 404 2281 uasis
420 2211 645 2297 Traguriensis
662 2213 828 2292 exaltem,
846 2229 944 2297 super
961 2231 1010 2292 eo,
1027 2211 1112 2294 quod
1122 2210 1185 2278 sibi
1196 2207 1449 2292 subjectionem,

318 2319 536 2388 obedientiam
554 2325 586 2386 et
601 2320 815 2386 reverentiam
833 2318 863 2384 ei
878 2317 1006 2392 debitas
1023 2317 1180 2384 exhibere
1210 2324 1325 2383 eontra
1351 2317 1450 2406 justi·

320 2429 398 2492 tiam
415 2426 629 2512 denegabant,
657 2432 688 2492 et
703 2426 744 2492 de
760 2425 895 2495 deeimis
910 2447 950 2492 aa
967 2425 1042 2492 aliis
1053 2423 1182 2510 juribus
1199 2424 1449 2509 episcopalibus

319 2553 428 2599 eoram
459 2534 638 2601 venerabili
670 2533 768 2601 fratre
799 2541 911 2602 nostro
926 2584 934 2600 .
951 2585 958 2600 .
977 2590 983 2602 .
1000 2533 1254 2617 Arohiepisoopo
1284 2531 1448 2600 Jadrensi

318 2639 514 2706 auctoritate
529 2641 716 2724 Apostolioa
732 2641 856 2726 questio
867 2647 1055 2726 verteretur,
1072 2639 1157 2705 idem
1170 2639 1453 2726 Arohiepiseopus

318 2747 455 2830 eognitis
481 2747 600 2833 causis,
632 2747 755 2815 meritis
773 2756 806 2814 et
816 2749 945 2833 juribus
960 2747 1073 2814 ordine
1098 2748 1269 2817 observato
1301 2747 1452 2817 diffiniti·

318 2875 392 2920 vam
410 2871 468 2938 pro
484 2855 598 2921 eodem
615 2855 776 2940 Episoopo
793 2855 987 2922 sententiam
1005 2855 1231 2940 promulgavit,
1257 2875 1356 2938 quam
1373 2859 1453 2941 ipse

318 2962 506 3046 Apostolioo
523 2962 615 3047 petiit
631 2963 808 3030 munimine
838 2963 992 3030 roborari.
1026 2963 1168 3047 Ideoque
1185 2962 1374 3030 diseretioni
1391 2972 1453 3033 tue

323 3090 379 3153 per
395 3067 581 3154 Apostolioa
599 3069 719 3155 scripta
729 3069 931 3158 mandamus,
949 3078 1109 3154 ullatenus
1120 3071 1315 3137 sententiam
1328 3071 1450 3159 ipsam,

322 3177 404 3244 siout
419 3183 469 3242 est
478 3178 580 3262 justa,
596 3177 788 3244 auctoritaie
803 3185 915 3244 nostra
933 3177 1034 3245 saoias
1065 3177 1290 3264 appellatione
1321 3188 1451 3248 remota

321 3283 454 3350 firmiter
470 3283 644 3350 observari.
670 3285 788 3350 Datum
806 3282 938 3367 Augnie
953 3283 1027 3350 XII.
1046 3285 1207 3352 kalendas
1222 3285 1313 3370 Maii,
1334 3287 1449 3356 Ponti-

321 3391 433 3457 fioatus
450 3389 549 3456 nostri
565 3409 652 3455 anno
668 3399 771 3458 sexto.

529 3587 660 3650 OEarlati,
678 3587 825 3652 Illyriuum
845 3587 960 3642 Sacrum
979 3591 1028 3642 IV.
1040 3591 1101 3642 ket.
1121 3596 1182 3644 347.
1195 3593 1226 3655 l.)
