3150 5162
566 373 727 473 ‘aaa‘

86 585 131 642 tes
162 574 293 641 litteras
324 574 358 640 in
385 569 603 638 testimoninm
630 565 702 634 dari
719 565 854 633 fecimus
870 564 970 650 sigilli
985 562 1091 631 nostri
1107 561 1212 630 muni·

86 684 168 750 mine
200 679 339 768 duplicis
366 678 546 763 roboratas,
565 695 651 743 anno
669 677 711 741 ab
728 675 963 742 Iuoarnaoione
978 669 1110 738 Domini
1125 667 1211 736 MCC

87 786 343 876 (sexagesimo);
374 791 489 869 quarto
515 783 679 850 kalendas
706 782 830 865 marcii,
858 781 963 864 Regni
989 785 1095 845 antem
1112 777 1212 844 nostri

83 897 146 962 XX
162 897 286 982 quinto.

134 1091 296 1159 (neaera,
314 1092 440 1143 nonum.
458 1091 596 1140 historica
616 1089 709 1152 Epiro.
728 1051 922 1152 nemausenses
943 1085 965 1136 1.
985 1084 1044 1134 aaa
1068 1085 1127 1134 12⁴.
1146 1081 1177 1146 1.)

517 1371 784 1386 -q———n--n—

621 1905 695 1971 335.

95 2111 112 2174 l
119 2108 148 2173 V.
172 2108 257 2171 Be‘lu
276 2107 387 2190 kirtly
404 2105 537 2169 Komori
557 2102 656 2170 Orosz
674 2091 802 2184 ,lateat
827 2125 848 2165 a
873 2103 958 2166 tolet
991 2103 1083 2166 elvett
1105 2101 1221 2186 fiitdels

127 2214 258 2300 fejddea
279 2214 306 2275 K
308 2213 452 2277 iskoloed
468 2211 607 2276 dirtolrot
624 2208 805 2294 ouerelrdpea
822 2208 934 2292 orapedi
959 2209 1051 2273 attat.
1077 2209 1174 2274 1260.

203 2405 490 2489 BelaDeigraoia
516 2403 693 2488 Hungarie,
719 2402 897 2486 Dalmauie‚
931 2403 1074 2490 Croaoie,
1108 2405 1223 2488 Rome,
1299 2491 1302 2498 Δ

97 2514 216 2598 Seruio,
234 2511 838 2599 Gallioie,Lodomerie,Cun1auieque
858 2511 928 2576 Rex
949 2509 1096 2577 omnibus
1107 2511 1226 2577 Christi

98 2623 248 2689 fidelibus
264 2626 447 2707 presentem
465 2619 618 2702 pagiuam
637 2617 832 2702 inspecturis
848 2617 987 2684 salutem
1019 2621 1050 2684 iu
1084 2620 1225 2687 omnium

103 2730 274 2795 saluatore.
308 2726 359 2791 Ad
377 2727 597 2792 uniuersorum
614 2724 767 2790 noticiam
786 2731 900 2790 tenore
916 2729 1117 2810 presencium
1135 2727 1226 2793 uolu-

100 2857 166 2902 mus
186 2834 363 2922 peruenire,
379 2833 464 2916 quod
482 2833 604 2919 Budey,
620 2834 765 2898 Jaeobus
789 2839 821 2896 et
838 2831 969 2898 Koroeh
985 2833 1042 2918 filij
1061 2835 1159 2900 Wrua
1185 2834 1228 2902 de

102 2944 224 3009 Komar
240 2940 283 3005 ad
301 2949 444 3007 nostram
463 2940 655 3006 aecedentes
671 2939 875 3023 presenciam
893 2940 1107 3006 exhibuerunt
1133 2942 1227 3007 nobis

100 3049 309 3134 priuilegium
325 3048 449 3112 domini
466 3047 504 3110 A.
522 3046 625 3132 patris
643 3045 746 3112 nostri
763 3046 927 3112 karissimi
944 3047 1048 3113 felicis
1074 3049 1227 3114 memorie

99 3154 262 3239 quondam
282 3155 416 3221 illustris
433 3154 532 3236 Regis
549 3155 579 3218 H
583 3155 729 3238 ungarie,
747 3161 895 3237 potentes
912 3173 984 3220 eum
1001 3154 1174 3240 iustauoia,
1192 3165 1227 3222 ut

104 3263 193 3330 iden.
210 3261 418 3348 priuilegium
436 3277 540 3326 ratum
559 3261 691 3347 habere,
725 3269 755 3327 et
771 3269 881 3327 nostro
898 3261 1108 3344 dignaremur
1133 3263 1230 3348 priui-

102 3373 187 3454 legio
206 3369 246 3436 de
262 3367 464 3452 benignitate
480 3367 582 3451 Regie
599 3367 799 3434 confirmare.
840 3369 938 3436 Cuius
955 3379 1049 3434 tenor
1065 3370 1143 3437 talis
1159 3377 1229 3437 esta

211 3477 251 3541 In
268 3479 399 3544 nomine
415 3475 478 3543 stb.
497 3475 536 3540 Α.
554 3475 615 3544 Dei
642 3477 757 3560 grauia
782 3475 948 3557 Hungarie
973 3479 1034 3544 stb.
1066 3477 1137 3545 Rex
1168 3479 1229 3545 stb.

104 3581 313 3657 tkdvetkeaik
344 3583 386 3648 Il.
420 3582 529 3647 Endre
560 3581 739 3667 kirtlynak
773 3582 909 3650 lali-ki
946 3583 1230 3671 kivaltsdglorele,

104 3694 183 3758 mint
207 3693 352 3764 feutetj„
366 3693 420 3757 90.
436 3711 481 3756 sz.
498 3691 543 3776 a.)

211 3799 336 3863 Tamen
353 3800 535 3880 quieterra
562 3797 781 3882 predictorum
812 3799 953 3866 filiorum
985 3801 1080 3865 Wruz
1111 3800 1235 3867 Komar

104 3913 231 3992 rosata,
249 3903 345 3970 simul
363 3923 433 3970 oum
449 3910 536 3969 terra
552 3904 695 3991 ipsorum
711 3907 866 3991 emptioia
896 3905 930 3972 iu
963 3906 1077 3974 eadem
1111 3907 1234 3975 Komar

105 4012 259 4080 existenti
275 4011 369 4078 nohis
385 4013 475 4080 utilis
492 4010 665 4080 admodum
684 4013 866 4102 uidebatur,
899 4015 1003 4100 ipsam
1021 4021 1137 4083 terram
1171 4037 1236 4084 om-

105 4125 183 4189 nino
200 4120 244 4186 ab
277 4118 399 4186 eisdem
431 4121 586 4188 duximus
619 4121 851 4207 sufferendam,
882 4143 978 4207 quam
1010 4143 1069 4208 pro
1101 4124 1234 4209 propria

108 4234 216 4322 nostre
233 4226 416 4294 Maiestatis
434 4227 581 4295 uolumus
597 4248 778 4317 reseruare,
809 4238 841 4296 ot
857 4231 891 4296 in
907 4231 1133 4298 oonoambium
1166 4251 1238 4318 pre-

105 4335 194 4403 diote
209 4343 298 4403 terre
313 4335 488 4403 eorundem
505 4335 670 4419 quandam
687 4345 808 4405 terram
824 4345 968 4406 nostram
984 4339 1143 4425 Regulam
1176 4339 1237 4407 Oa-

108 4447 165 4511 stri
180 4442 284 4510 nostri
300 4441 455 4509 uideliuet
470 4443 677 4512 Zaladiensis
694 4443 907 4532 Kyuskolnsd
923 4453 1073 4514 noestam
1106 4445 1239 4530 eisdem,

103 4556 138 4616 et
153 4569 213 4636 per
229 4549 321 4638 ipsos
336 4549 406 4617 sais
422 4550 596 4619 heredibus
612 4550 831 4640 heredumque
848 4573 979 4622 suorum
996 4553 1239 4622 suecessoribus

109 4658 177 4725 iure
193 4664 352 4744 perpetuo
368 4665 400 4726 et
416 4657 679 4728 inreuooabiliter
695 4659 849 4730 duximus
864 4659 1114 4744 conterendam
1142 4660 1188 4730 ita
1205 4669 1240 4728 ut
