3208 5158
674 1015 751 1088 lou.

142 1220 278 1290 Rolaad
293 1218 472 1288 sclavonici
487 1218 611 1286 bdreuolc
626 1244 647 1285 o
664 1223 776 1290 zeelerra'
791 1221 950 1308 vetcde‘pch
967 1216 1096 1287 tiaedeit
1112 1219 1269 1308 tcirppoao'

308 1331 489 1397 itc'letleccle
506 1329 679 1416 crotperthi
696 1333 812 1417 epphdc
829 1334 992 1396 cadurcino.
1016 1332 1114 1396 1267.

252 1527 418 1595 Rolaudus
448 1529 558 1596 Barrus
575 1529 678 1595 tocius
695 1528 868 1596 Solanonio
885 1527 1032 1596 omnibus
1048 1545 1182 1614 presens
1199 1525 1275 1596 scri-

142 1645 236 1724 ptum
252 1637 446 1721 inspecturis
462 1636 600 1704 salutem
618 1636 650 1702 iu
675 1658 751 1704 vero
782 1638 928 1705 salutari.
963 1635 1176 1704 Universitati
1209 1643 1274 1702 tam

142 1745 348 1830 presencium
375 1765 471 1828 quarn
488 1753 689 1829 posterorum
706 1745 821 1811 harum
838 1745 920 1812 serie
937 1745 1142 1813 declaramus
1161 1770 1168 1808 :
1187 1743 1273 1827 quod

142 1873 214 1918 cum
248 1853 408 1936 Magister
439 1855 553 1920 Petrus
597 1855 701 1921 dictus
741 1854 889 1940 Pulcher,
934 1855 1083 1920 Decanus
1125 1851 1272 1920 Ecclesic

141 1961 382 2044 Zagrabieusis,
413 1961 579 2030 universos
607 1963 743 2048 populos
775 1981 831 2030 seu
863 1962 1008 2046 hospites
1040 1963 1074 2028 iu
1106 1961 1202 2027 Seleu
1229 1959 1273 2026 ad

142 2071 306 2136 Banatum
334 2071 543 2156 pertinentes,
577 2091 675 2154 super
706 2070 792 2136 facto
823 2069 1022 2137 deeimarum
1054 2068 1097 2136 ad
1127 2073 1272 2136 nostram

141 2179 343 2264 presenciam
376 2187 555 2262 evocasset,
587 2179 789 2263 proponebat
813 2185 925 2245 contra
942 2198 1006 2264 eos,
1024 2177 1110 2262 quod
1128 2175 1272 2244 decimas

140 2309 218 2357 suas
235 2306 308 2354 cunr
325 2287 467 2372 capeciis
483 2287 516 2352 in
533 2287 697 2374 frugibusp
718 2295 749 2353 et
780 2288 850 2354 alia
880 2287 1005 2354 minuta
1036 2283 1222 2352 earumdem
1237 2285 1272 2349 in

141 2395 210 2466 suis
225 2394 398 2480 speciebus
416 2395 546 2462 soluere
563 2401 760 2463 tenerentur.
777 2396 901 2462 Contra
918 2415 1011 2478 quem
1028 2394 1124 2460 iidem
1157 2393 1272 2480 populi

139 2527 198 2574 seu
214 2502 362 2590 hospites
378 2504 621 2590 respondebant
637 2505 694 2571 tali
712 2504 827 2571 modo:
845 2503 930 2588 quod
946 2522 1109 2587 nunquam
1127 2499 1271 2569 decimas

137 2633 217 2680 suas
233 2611 409 2681 solvissent
425 2633 497 2680 cum
515 2613 666 2700 capeciis,
683 2633 743 2680 nec
760 2614 826 2680 alia
843 2613 968 2680 minuta
983 2613 1129 2698 ipsarum
1145 2609 1179 2676 in
1203 2609 1270 2676 ruis

138 2720 323 2806 speciebus,
341 2719 398 2788 scd
423 2720 456 2786 in
487 2720 630 2790 denariis
662 2721 788 2788 solvero
820 2727 1007 2787 tenerentur
1038 2729 1071 2786 et
1100 2719 1273 2786 solvissent

136 2849 241 2912 usque
272 2826 377 2897 modo.
408 2831 476 2896 Nos
508 2836 616 2896 autem
650 2829 773 2897 auditis
806 2830 951 2913 parcium
978 2829 1270 2914 proposicionibus,

136 2957 277 3004 unacum
293 2936 455 3005 nobilibus
471 2939 573 3022 Regni
591 2939 776 3025 Sclauonie,
794 2937 1053 3004 adiurdicevimus
1071 2936 1129 3003 tali
1145 2936 1242 3003 modo
1259 2959 1266 3000 :

136 3045 224 3130 qrrod
250 3045 335 3112 idem
362 3045 517 3129 Magister
543 3049 658 3114 Petrus
698 3049 862 3132 Decanus,
902 3045 1054 3112 uidelicet
1093 3065 1165 3111 cum
1204 3045 1270 3109 hla-

137 3153 500 3238 gistroArcbidiacouo
523 3154 749 3240 Zagrabiensi,
783 3153 940 3238 blagistro
970 3156 1066 3221 Petro
1098 3153 1269 3238 Preposito

137 3261 341 3349 Chasmensi,
378 3269 410 3328 et
426 3263 580 3346 Magistro
611 3261 787 3331 Bonedicto
821 3261 1057 3330 Archidiaeono
1075 3259 1116 3326 de
1131 3260 1268 3348 Gerchc,

134 3373 167 3436 in
187 3371 384 3438 monasterio
402 3371 511 3438 Sancti
529 3371 628 3454 Regis
647 3371 806 3458 Stephani
840 3378 998 3456 prestaret
1029 3377 1267 3438 sacramentum

134 3499 235 3564 super
266 3499 316 3564 eo,
349 3477 434 3560 qrrod
467 3478 608 3564 predicti
641 3479 754 3564 populi
785 3500 843 3546 seu
870 3480 1013 3565 hospites
1027 3479 1173 3546 decimas
1190 3497 1266 3546 snas

134 3607 264 3673 semper
282 3587 317 3652 in
334 3585 487 3671 capeciis,
505 3593 537 3652 et
554 3587 623 3652 alia
650 3587 774 3653 minuta
790 3586 824 3653 in
851 3587 919 3654 suis
944 3587 1115 3673 speciebus
1145 3589 1267 3673 porsol-

134 3696 268 3761 uissent.
308 3693 515 3761 Aduenieute
549 3694 658 3778 itaque
689 3695 741 3759 die
776 3696 982 3784 sacramenti,
1014 3715 1086 3762 cum
1119 3695 1264 3779 blagistri

130 3804 296 3887 prenotati
314 3809 553 3870 sacramentum
570 3809 718 3887 prestare
737 3803 926 3890 voluisseut,
956 3803 1051 3870 iidem
1068 3805 1179 3890 populi
1210 3825 1268 3872 sou

129 3909 277 3994 hospites
294 3909 336 3977 de
352 3909 447 3976 Seleu
464 3915 703 3978 sacramentum
722 3910 906 3977 eorumdem
923 3911 1067 3996 recipere
1078 3911 1263 3996 noluerunt,

129 4025 332 4086 assumentes
349 4017 469 4104 inipso
487 4019 558 4084 loco
577 4018 752 4086 iuramenti
769 4019 971 4103 presentibus
1002 4021 1080 4088 lnus
1112 4020 1267 4106 Zagrabi·

130 4127 246 4193 ensiet
257 4125 415 4193 hlicbaele
426 4123 467 4192 de
482 4163 567 4175 —-—-
578 4146 618 4192 ca
634 4132 712 4193 tunc
729 4128 883 4213 temporis
902 4126 1092 4217 Comitibus,
1109 4130 1193 4198 sicut
1209 4151 1267 4217 per

128 4235 218 4320 ipsos
236 4234 331 4302 nobis
348 4234 503 4322 constitit,
521 4235 667 4303 decimas
684 4253 761 4300 suras
793 4235 833 4302 de
870 4241 976 4304 cetero
1006 4239 1041 4304 iu
1066 4238 1221 4324 capeciis,
1237 4245 1269 4306 et

126 4345 238 4410 omnia
255 4342 379 4410 minuta
398 4343 586 4408 earumdem
604 4343 636 4408 iu
655 4343 722 4409 suis
740 4343 911 4428 speciebus
939 4343 1103 4412 soluturas
1118 4345 1268 4432 Capitulo

127 4449 270 4536 Zagrabi
283 4451 362 4520 ensi.
380 4451 418 4518 lu
437 4451 528 4520 cuius
553 4452 829 4518 reitestimouium
850 4463 1100 4538 perpetuamque
1110 4453 1269 4521 stabilita·

125 4571 197 4648 tem,
215 4571 385 4645 presentes
410 4558 630 4628 concessimus
653 4560 757 4644 sigilli
773 4559 874 4628 nostri
892 4561 1070 4628 munimine
1088 4561 1265 4630 roboratas.

126 4667 244 4736 Datum
264 4667 435 4753 Zagrabie,
477 4667 557 4736 scria
574 4667 963 4755 ter·eiapostdominicam
972 4669 1265 4755 Ramispalmururu

684 4791 688 4814 t
