3078 5128
558 283 717 382 jnc—

74 479 226 565 plenarie,
262 485 296 546 et
320 477 462 546 totaliter
486 479 710 562 devolvantur,
738 497 799 544 nec
825 497 885 544 nos
910 479 960 544 rel
988 495 1193 547 successores

75 588 172 654 nostri
191 587 233 654 de
259 587 404 674 ipsorum
429 586 569 672 pecunia
593 585 647 654 vel
669 586 765 653 rebus
791 585 1047 671 quibuscumque
1072 585 1198 670 aliquid

80 695 239 780 possimus
276 701 467 778 extorquere
501 693 553 760 rel
586 693 715 760 habere.
768 695 920 761 Preterea
944 714 1042 779 super
1067 693 1202 780 populos

82 802 213 870 fratrum
249 808 435 868 nostrorum
466 800 683 871 descendendi
719 807 914 886 potestatem
940 823 1006 869 non
1033 802 1202 889 habemns,

79 930 171 994 quum
189 931 252 978 nec
267 907 518 996 predecessores
533 910 636 977 nostri
654 929 751 996 super
767 927 821 974 eos
838 907 1085 993 descenderunt,
1102 929 1206 993 nequo

78 1037 132 1085 nos
147 1017 290 1084 ulterius
307 1017 549 1084 descendemus.
565 1015 634 1083 Hoc
659 1022 767 1084 autern
796 1017 906 1084 omnia
930 1015 1050 1084 idcirco
1076 1017 1200 1085 studui·

80 1145 146 1192 mus
180 1125 346 1211 ordinare,
383 1129 416 1191 et
450 1125 549 1191 dante
587 1125 728 1190 Domino
753 1123 979 1191 adordinanda
1004 1124 1205 1192 studebimus

81 1232 251 1318 ampliora,
286 1252 383 1317 quum
417 1231 519 1298 nichil
554 1231 596 1298 de
620 1231 684 1297 hiis
708 1231 874 1316 provisum
900 1231 1059 1300 hactenus
1084 1231 1200 1318 luerat,

78 1341 134 1408 hec
147 1339 303 1426 neglecta
320 1345 411 1407 erant
426 1339 558 1427 penitus
585 1359 688 1423 nsque
713 1357 859 1426 presens.
885 1339 930 1406 Ut
956 1347 1063 1408 autem
1091 1361 1203 1427 snpra-

81 1448 160 1516 dicta
185 1447 299 1514 omnia
324 1447 409 1514 iuste
434 1455 466 1514 et
490 1447 544 1533 pie
569 1466 627 1532 per
653 1467 712 1515 nos
736 1447 887 1515 ordinata
910 1446 1158 1531 irrefragibilcm
1175 1454 1205 1515 ct

81 1561 266 1642 perpetuam
293 1553 437 1623 habeant
461 1554 657 1642 firmitatem,
696 1555 737 1622 ad
763 1557 958 1642 peticionem
991 1555 1071 1623 dicti
1112 1553 1205 1641 capi-

83 1663 135 1730 tuli
157 1669 347 1750 presentem
381 1660 576 1731 indulsimus
600 1665 757 1750 paginam
782 1663 882 1748 sigilli
902 1665 1004 1730 nostri
1028 1663 1206 1732 munimine

81 1771 269 1838 roboratam
288 1771 385 1839 Anno
400 1770 642 1840 incarnacionis
666 1771 834 1840 Dominice
850 1767 1107 1840 mccxxxvn.
1124 1770 1205 1840 Pon·

83 1879 214 1948 dicatus
230 1879 337 1948 nostri
356 1898 442 1946 anno
460 1879 593 1948 decimo.
985 1867 988 1872 ’

201 2078 364 2143 muoso,
382 2077 508 2132 monum.
528 2079 595 2130 nass.
614 2079 707 2146 spec.
727 2058 846 2146 negem
865 2080 887 2131 1.
908 2079 965 2129 sos.
986 2081 1028 2131 ro.
1048 2079 1080 2142 r.)

473 3005 480 3014 .
610 2903 685 2972 209.

90 3102 235 3172 Micholcz
251 3103 484 3192 uenaetodpheli
498 3105 582 3171 Bors
598 3127 696 3171 comeo
720 3105 897 3171 inlc'zlccdik
904 3103 1056 3190 joooirdl
1082 3126 1101 3168 a
1124 3100 1208 3168 borc-

219 3238 223 3244 ·
338 3214 496 3279 monstrac'
511 3215 653 3300 opdtsdq
669 3209 846 3278 c‘rdelte'bea.
860 3211 957 3275 1237.

189 3407 360 3475 Vniuersis
377 3407 500 3474 Christi
515 3406 667 3474 fidelibus
683 3427 817 3492 presens
833 3406 988 3493 scriptum
1013 3403 1208 3490 inspecturis

92 3513 161 3582 hors
177 3519 295 3584 Comes
312 3516 487 3600 degenere
505 3515 687 3601 llyshouch
704 3517 842 3584 salutem
861 3517 894 3582 in
912 3536 949 3581 eo
968 3515 1023 3600 qui
1041 3523 1091 3582 cst
1118 3514 1208 3580 salns

90 3624 230 3690 omnium.
255 3623 424 3704 Quomodo
440 3623 603 3706 fragilitas
620 3624 761 3690 humane
779 3624 979 3692 condicionis
1012 3643 1032 3686 a
1064 3620 1205 3688 racionis

92 3731 207 3800 tramite
224 3731 393 3818 compellit
409 3731 571 3816 quoslihet
587 3729 731 3816 deniare,
748 3731 921 3798 deuiantcs
947 3728 1108 3814 contagijs
1134 3745 1204 3811 peo-

91 3843 220 3907 catorum
238 3837 446 3907 sordescere:
466 3837 603 3923 justicia
629 3843 688 3926 est,
714 3848 757 3923 ut
789 3838 866 3904 dum
899 3837 985 3904 circa
1016 3835 1110 3900 finem
1143 3834 1208 3899 uite

93 3955 268 4026 egrotantes
286 3947 480 4032 laboramus,
499 3945 646 4012 criminis
662 3944 765 4010 nostri
775 3944 920 4010 maculas
931 3941 1205 4009 eleemosinarum

92 4049 258 4138 largicione
275 4055 444 4138 detergere
461 4051 647 4120 debeamus.
664 4051 892 4136 Relinquimus
909 4071 986 4134 ergo
1005 4047 1206 4116 Monasterio

92 4170 189 4231 nostro
205 4161 291 4248 quod
308 4168 442 4228 uocatur
458 4160 551 4226 Mons
567 4159 687 4227 Sancte
702 4161 816 4243 Mario,
833 4167 865 4225 et
881 4156 1025 4223 eiusdem
1042 4153 1207 4241 fratribus,

95 4269 195 4353 predia
211 4271 338 4338 scilieet
355 4267 588 4353 Soubothkath
604 4270 639 4336 in
655 4289 718 4354 quo
736 4266 965 4336 collocauimus
982 4264 1105 4332 liberos
1113 4263 1207 4349 joba-

16 4435 17 4438 ,
95 4377 212 4464 giones3
237 4379 377 4446 alterum
393 4377 478 4463 quod
497 4375 613 4444 dicitur
627 4375 776 4444 Lookath
793 4395 865 4442 cnm
881 4372 995 4459 seruis,
1020 4391 1091 4440 curn
1118 4377 1208 4438 arat·

16 4473 17 4526 i
95 4483 141 4572 ris,
157 4495 186 4552 et
202 4509 275 4554 cum
291 4486 464 4566 libertinis,
483 4493 516 4552 et
532 4507 602 4554 cunr
620 4485 757 4570 cqnaoia
783 4503 918 4550 numero
946 4483 970 4549 G
1001 4487 1034 4546 ct
1064 4479 1140 4561 XX,
1175 4487 1208 4544 et

16 4617 18 4668 3
97 4609 155 4660 oum
170 4597 252 4664 silua
268 4615 331 4681 quc
347 4615 407 4663 nos
423 4593 599 4678 contingit3
624 4595 702 4661 item
719 4593 828 4660 uillam
845 4589 1016 4676 Tonsloth
1041 4594 1074 4655 et
1088 4586 1201 4654 uillam
