3164 5154
149 477 257 538 autem
276 467 463 536 monachali
479 471 639 536 irretitam
657 468 799 549 vinculo,
825 483 889 551 que
913 467 1005 534 illum
1038 467 1202 534 alimentis
1232 467 1304 534 in·-

150 575 381 662 damentisquc
396 578 523 643 foverat
538 577 699 662 continue,
716 573 802 658 quod
827 575 912 641 reris
937 575 1095 659 probatur
1127 574 1295 641 assertio--

150 684 257 768 nibus,
274 690 440 769 expertem
457 703 585 752 snorum
611 683 679 750 tisri
701 681 865 766 jusseram
890 681 1010 766 dicens,
1044 681 1111 749 lilio
1142 690 1277 767 mortuo,

151 789 226 856 huic
241 792 339 858 nurui
355 791 449 875 quasi
466 797 594 857 mortue
609 789 656 856 nil
682 788 794 857 deberi
815 785 901 857 'dari
941 789 1044 868 Quem
1079 789 1177 856 etiam
1204 789 1274 872 jam

153 897 259 964 dictus
275 897 503 964 Dobroslavns
520 897 606 965 lilius
633 897 716 983 ejus,
748 903 886 982 patema
917 905 1022 964 motus
1053 896 1186 982 pietate,
1221 913 1279 962 sue
1374 925 1377 932 ι

154 1024 313 1074 consensu
328 1003 476 1089 conjugis
492 1003 596 1092 Vehe,
616 1023 713 1088 quam
738 1007 880 1072 laturam
907 1011 1042 1072 noverat
1074 1001 1280 1086 monacham,
1300 1088 1302 1094 ,

156 1113 269 1178 eadem
287 1110 484 1204 medicante,
502 1101 670 1179 moriendo
702 1104 759 1177 'aue
791 1112 883 1178 illurn
915 1113 1124 1198 proprietatis
1156 1110 1281 1176 iecerat

157 1217 361 1306 participem,
378 1217 438 1307 par
452 1222 548 1287 boum
566 1219 629 1287 sihi
646 1219 792 1286 tribuens
809 1240 880 1286 cum
897 1220 965 1287 suis
982 1220 1129 1304 culturis,
1155 1235 1302 1284 aureos·

158 1309 391 1420 quenastales,
408 1327 599 1409 quinetiam
618 1346 711 1415 stram
727 1326 866 1393 vineam.
891 1326 1018 1413 Nempe
1048 1327 1210 1392 neminem
1235 1345 1284 1390 es·

158 1434 275 1497 timaus
291 1432 345 1497 illi
358 1433 568 1517 compotinari
584 1431 771 1520 hereditati,
788 1453 851 1502 saa
881 1434 1091 1519 pretermissa
1122 1431 1283 1515 conjuge;

159 1539 278 1623 quippe
295 1539 439 1604 nondum
456 1541 527 1624 ipse
543 1547 637 1624 pater
652 1538 719 1606 alia
735 1541 886 1606 utebatur
902 1560 1012 1607 uxore.
1044 1537 1140 1604 Unde
1155 1538 1298 1603 facturn,

160 1651 218 1726 est,
234 1645 381 1728 utrisque
396 1667 507 1713 coram
523 1647 616 1714 uobis
632 1647 848 1733 litigantibus,
865 1647 1006 1731 ipsamet
1022 1647 1156 1710 domina
1189 1645 1283 1710 Velia

161 1771 229 1817 cum
245 1772 306 1818 sua
322 1763 425 1821 matre
441 1754 580 1836 aliisque
596 1754 797 1840 propinquis,
816 1759 848 1819 et
878 1773 919 1819 ex
951 1753 1018 1818 alia
1051 1760 1145 1839 parte
1175 1752 1284 1818 Madia

163 1859 273 1944 electo,
290 1857 423 1942 ejusque
448 1860 550 1927 fratre
575 1859 722 1940 Petrina,
755 1879 816 1926 nec
846 1880 907 1927 non
940 1859 1061 1925 Zaniac
1092 1860 1287 1926 Mezichirnc
1333 1888 1337 1898 ·

161 1965 236 2052 filio,
268 1955 516 2051 quampluribus
532 1968 605 2034 aliis
622 1967 889 2051 conjicientibus,
914 1965 1042 2032 demum
1058 1971 1150 2054 jussu
1175 1969 1286 2033 Presn·
1366 2043 1369 2048 ,

162 2071 202 2138 lls
219 2073 409 2158 episcopali,
426 2093 489 2159 quo
507 2075 711 2161 sedebamus,
729 2073 856 2159 egressi
872 2075 1005 2160 palatio,
1022 2073 1141 2141 ibidem
1173 2073 1302 2140 nister--

162 2197 236 2244 nam
251 2180 475 2264 ingredientes
491 2202 563 2246 cum
577 2182 649 2266 jam
667 2179 753 2248 dioto
771 2183 931 2267 Episcopo
957 2187 990 2248 et
1014 2182 1141 2248 Joanne
1160 2181 1286 2264 judica·

162 2291 242 2367 tore,
258 2287 334 2354 aliis
350 2289 524 2373 nobilibus,
541 2287 638 2356 ducto
654 2289 688 2354 in
705 2288 846 2354 medium
862 2298 1073 2370 utrorumque
1099 2288 1285 2374 certamine,

164 2393 239 2476 quid
257 2395 329 2460 hinc
347 2397 393 2461 rei
411 2399 518 2462 exitus
534 2396 674 2480 doceret,
694 2395 875 2480 perscutari
892 2398 1046 2477 cepimus.
1086 2393 1180 2472 Quod
1199 2416 1287 2464 more
1316 2441 1317 2444 =

164 2505 370 2585 antiquorum
386 2502 741 2588 dijudicaresvolentes
761 2509 795 2568 ut
810 2503 884 2588 ipsa
900 2523 960 2568 sua
991 2503 1152 2568 frueretur
1184 2512 1286 2588 parte,

166 2608 254 2674 uelut
270 2612 298 2675 si
314 2610 408 2677 uivus
425 2611 567 2697 adesset,
582 2612 694 2696 cujus
705 2610 909 2678 karitatese
941 2613 1119 2678 monastice
1151 2611 1288 2678 dederat
1316 2653 1320 2658 ,

166 2713 355 2798 perfectioni
369 2740 377 2801 ς
398 2717 456 2786 srd
472 2721 546 2786 huic
562 2721 610 2786 rei
627 2719 902 2786 contrariantibus
918 2716 979 2784 hoc
996 2719 1172 2803 displicuit,
1190 2739 1289 2804 seque

166 2823 436 2908 archiepiscopali
452 2827 538 2893 velle
554 2825 688 2899 obedire
699 2826 827 2910 judicio
844 2826 1097 2893 conclamabant.
1118 2825 1241 2903 Quibus
1259 2831 1291 2892 et

166 2929 226 2995 illa
243 2949 309 2994 una
324 2925 492 3000 nobiseum
511 2933 700 3020 assentiens,
719 2933 888 3018 sepissime
906 2933 1070 3017 invitavit,
1088 2942 1123 2998 ut
1139 2934 1182 2999 ad
1198 2954 1291 3000 suurn

167 3053 241 3100 eum
257 3057 297 3104 ea
312 3037 397 3105 irent
414 3039 636 3126 propositum
660 3041 716 3121 qui
733 3038 793 3104 sub
810 3039 906 3104 nnius
932 3041 1009 3104 anui
1031 3039 1165 3121 judiciis
1197 3042 1292 3108 nubis

166 3147 374 3213 cernentibus
392 3149 517 3213 centies
533 3146 686 3212 exlamati
719 3149 767 3212 ire
798 3153 982 3213 renuerunt.
1020 3145 1109 3223 Quos
1142 3168 1198 3214 nos
1231 3150 1292 3217 hoe

164 3251 262 3318 modo
279 3253 484 3322 definivimus
500 3257 534 3320 in
551 3229 760 3356 primpztanni
776 3253 878 3336 illius,
894 3253 1049 3318 attributo
1066 3253 1129 3319 sibi
1146 3255 1291 3324 'tribuno

164 3357 340 3428 Truncuno
358 3364 528 3449 hlalopere
545 3363 620 3444 tilio,
635 3363 740 3446 partia
757 3361 870 3426 domus
886 3369 920 3426 et
937 3361 1030 3425 vinee
1047 3361 1199 3427 heredem
1215 3381 1288 3428 eam

165 3463 322 3552 fecimus3
347 3479 384 3537 ut
399 3471 452 3538 rel
470 3472 518 3536 sie
534 3471 718 3556 Spalatum,
738 3475 832 3554 prout
847 3458 1059 3556 expetierant,
1076 3487 1147 3534 cum
1165 3490 1205 3535 ea
1220 3489 1292 3554 pro·

165 3572 394 3646 deiecerentur.
417 3579 546 3658 Quibus
563 3585 595 3646 et
612 3598 653 3644 ex
668 3577 730 3642 hoc
747 3575 879 3642 inducie
894 3596 916 3641 a
932 3594 1044 3643 mense
1068 3576 1155 3644 lulio
1187 3597 1290 3660 usque
1318 3617 1321 3622 ·
1371 3622 1375 3628 ·

166 3683 202 3747 in
220 3682 374 3751 Natalem
391 3687 525 3772 Domini
542 3685 663 3766 largite
688 3691 781 3768 sunt;
806 3681 865 3750 sed
890 3685 1069 3768 procaciter
1099 3685 1313 3772 resistentes,

167 3797 200 3854 et
216 3809 257 3856 se
273 3790 346 3858 hinc
363 3793 564 3860 subtraxere.
590 3791 797 3877 Quapropter
822 3792 890 3874 Ego
917 3791 1047 3873 Dragus
1078 3792 1178 3877 Prior,
1212 3813 1295 3860 com·

167 3917 271 3964 mune
285 3919 417 3967 servans
434 3909 683 3986 sacramentum,
702 3903 864 3966 neminem
880 3899 995 3965 volens
1012 3899 1055 3964 ab
1086 3898 1196 3982 aliquo
1228 3901 1311 3968 vim..

164 4008 338 4092 sustinere,
355 4030 427 4077 curn
441 4009 512 4094 jam
529 4010 697 4075 nominato
714 4009 876 4094 Episcopo
893 4007 1035 4092 aliisque
1062 4007 1224 4074 nobilibus
1250 4006 1293 4072 ad
1310 4066 1312 4072 ,

165 4113 301 4181 domam
317 4117 407 4182 illius
424 4122 610 4203 pergentes,
626 4135 689 4199 que
705 4117 771 4182 sita
787 4121 836 4181 est
851 4115 885 4180 in
902 4113 1074 4195 quadrivio
1091 4113 1205 4180 Sancti
1236 4115 1293 4180 Pe·
1309 4161 1311 4164 -

163 4224 220 4308 tri,
238 4223 341 4302 legali
358 4222 418 4290 hoc
444 4224 635 4290 definientes
657 4221 792 4308 jndicio,
824 4222 884 4289 sub
917 4221 1099 4305 episcopali
1131 4221 1302 4289 vinculato
1421 4291 1423 4296 ,

164 4338 334 4416 precepto,
351 4333 442 4398 illam
460 4333 590 4417 plenam
606 4332 729 4398 habere
745 4338 871 4415 partera
885 4327 1052 4414 jussimus,
1078 4327 1207 4413 ipsique
1232 4347 1293 4400 noa

163 4439 241 4506 illis
259 4437 391 4506 domum
407 4441 586 4525 partientes
603 4437 741 4538 monach
761 4471 1037 4489 -----
1057 4433 1293 4502 occidentalem

163 4553 301 4634 partem
317 4547 620 4632 domusdedimus;
644 4547 791 4628 duasque
807 4543 909 4626 ulnas,
927 4547 960 4608 ct
976 4561 1014 4608 eo
1030 4543 1172 4627 amplius
1197 4541 1296 4609 medi·
1314 4587 1317 4592 -
