3080 5146
602 329 762 430 214}-

109 523 290 614 plienrunt,
307 524 394 612 qnod
410 543 482 594 cnm
498 521 646 614 termido,
662 545 725 610 qne
734 526 918 613 specialiter
929 544 970 593 er
980 525 1114 594 terribili
1125 525 1244 594 sevitia

109 636 325 704 Tertarornm
341 655 399 704 seu
424 632 562 702 aliorum
581 633 691 703 hostili
709 635 839 702 incursu
858 635 940 721 ipsis
950 637 984 702 in
994 634 1133 702 buturum
1144 635 1245 701 immi·

108 763 190 812 nere
199 743 343 832 timetur,
350 743 562 812 munitionem
572 741 715 827 aliquem
726 763 785 828 pro
797 742 1003 829 recipiendis,
1011 740 1141 810 tuendis
1152 749 1184 809 et
1193 740 1247 807 de·

109 849 288 918 fensandis
303 850 373 918 suis
389 859 422 917 et
441 869 571 919 snorum
597 853 745 934 personis
769 851 858 934 ipsos
884 868 1019 934 querere
1034 867 1091 916 eeu
1106 848 1246 916 condere

109 957 278 1044 impellat,
289 963 428 1026 montem
440 956 613 1045 quendam,
624 957 753 1025 nomine
763 956 902 1044 Gredyn,
913 958 945 1023 in
956 956 1117 1024 comitatu
1127 958 1247 1042 Zagro-

111 1068 235 1154 biensi,
262 1069 355 1135 iuxta
380 1065 575 1152 Zagrubiam
610 1067 813 1146 existentem,
847 1067 938 1135 cuius
969 1067 1088 1134 montis
1119 1073 1244 1152 partem

113 1176 287 1259 quandam
304 1175 346 1242 ad
360 1174 472 1242 villam
489 1175 653 1260 hospitum
670 1173 710 1242 de
726 1173 819 1261 (iren,
836 1173 1087 1261 quendamvero
1097 1173 1139 1240 nd
1149 1173 1248 1241 Wun-

32 1323 33 1326 =
112 1285 217 1367 legen
234 1282 382 1351 novimus
399 1281 573 1368 pertinere,
606 1283 654 1350 eie
670 1279 816 1350 conferre
832 1289 865 1350 et
880 1281 1010 1350 tradere
1027 1281 1244 1366 dignaremur,

112 1407 191 1458 eum
207 1411 275 1458 non
293 1391 435 1457 habeant
449 1389 484 1455 iu
500 1394 591 1458 tanto
607 1397 704 1458 vento
720 1389 871 1474 turbinis,
900 1409 1007 1476 ymmo
1022 1395 1089 1458 tem
1104 1387 1248 1474 generali

113 1503 207 1566 meto
224 1497 347 1578 mortis,
378 1498 434 1564 ubi
450 1516 510 1564 sua
526 1503 558 1564 et
572 1515 704 1564 suorum
721 1495 829 1583 capita
853 1497 987 1565 valeant
1011 1495 1179 1584 reclinare,
1198 1497 1248 1564 vel

114 1608 208 1672 bona
226 1603 372 1673 Eccleeie
389 1603 621 1688 Zagrabiensis
637 1622 677 1670 ae
692 1621 752 1672 sua
767 1609 836 1670 tuto
862 1604 1040 1674 munimine
1066 1603 1247 1674 defensore.

113 1713 187 1780 Nos
205 1712 316 1799 igitur,
333 1712 451 1797 quibus
466 1733 506 1779 ex
521 1713 664 1796 suscepti
681 1711 847 1796 regiminis
864 1711 971 1780 officio
997 1713 1154 1780 incumbit
1178 1713 1247 1780 uni·

115 1821 227 1889 versis
243 1827 352 1888 nostre
369 1819 496 1888 Corone
509 1816 669 1908 fidelibus,
700 1821 841 1888 maxime
866 1821 898 1886 in
927 1825 1017 1889 tanto
1048 1821 1250 1890 necessitatis

115 1928 271 2014 mento,
288 1927 549 2016 manum-auxilii
575 1928 753 2016 porrigere,
778 1928 1035 2016 considerantes,
1052 1931 1140 2015 quod
1171 1929 1248 1998 talis

114 2035 265 2121 provisio
280 2036 314 2102 iu
330 2054 465 2121 empore
482 2043 514 2103 et
529 2036 638 2106 anima
654 2055 714 2106 uos
731 2036 883 2105 hedibcat
898 2038 943 2106 ad
959 2037 1111 2123 nulumm,
1128 2035 1247 2104 dictum

115 2149 263 2212 montem
280 2165 352 2214 cnm
367 2151 453 2212 terra
465 2144 770 2229 circumediacente,
780 2145 963 2214 sufficiente
979 2145 1050 2216 usui
1066 2154 1098 2214 et
1113 2165 1248 2215 commc—
1313 2133 1323 2141 ⁸

119 2249 219 2318 ditnti
236 2253 334 2320 unius
350 2271 469 2338 magne
485 2253 572 2338 ville,
600 2252 706 2322 eidem
723 2252 874 2341 Capitale
890 2253 923 2319 in
944 2261 1133 2340 perpetuum
1159 2252 1249 2320 dedi·

118 2377 194 2426 mus
211 2365 244 2425 et
258 2360 454 2428 contulimus
469 2361 567 2447 pleno
584 2361 672 2444 iure,
698 2362 758 2430 boe
774 2379 939 2448 expresso,
971 2360 1056 2446 quod
1072 2361 1106 2428 in
1132 2361 1246 2431 eodem

119 2473 234 2534 monte
249 2465 369 2536 dietum
385 2467 569 2552 Capitulum
584 2475 731 2538 assumat
746 2491 804 2554 pro
830 2489 877 2556 se,
903 2471 964 2538 hoc
988 2477 1038 2538 est
1072 2489 1128 2554 pro
1159 2489 1245 2537 eom·

119 2576 292 2662 munitate,
310 2576 478 2645 debentem
494 2577 690 2665 porcionem,
724 2597 786 2660 que
802 2578 967 2648 muniatur
986 2580 1107 2666 optime
1123 2597 1181 2665 per
1196 2597 1250 2644 ex·

119 2701 246 2769 pensas
260 2684 362 2753 tocius
378 2684 535 2770 (lepitnli3
551 2685 640 2754 euius
657 2685 852 2756 municionis
868 2693 963 2774 septe
979 2695 1125 2772 tempore
1140 2684 1251 2754 discri-

120 2791 223 2860 minis
238 2798 384 2880 venture,
402 2791 488 2877 quod
505 2791 603 2879 absit,
630 2793 699 2861 illis
723 2801 861 2882 pateant
891 2794 1031 2880 illosque
1061 2795 1252 2880 suscipient,

120 2901 180 2986 qui
196 2899 261 2968 sibi
278 2919 334 2984 per
349 2920 386 2968 se
401 2898 590 2986 specialiter
606 2898 783 2972 hedificare
800 2902 973 2986 noluerint,
989 2903 1041 2970 vel
1058 2901 1178 2970 luerint
1193 2901 1251 2969 im·

121 3014 285 3096 potenter.
310 3008 451 3076 Personc
467 3027 542 3076 vero
557 3007 745 3094 supradicte
761 3011 812 3077 vel
827 3008 893 3078 alie
909 3010 950 3078 dc
966 3009 1080 3078 ecdem
1091 3008 1265 3095 (leupitnlo,¹

121 3136 189 3202 quc
204 3121 352 3203 potentes
368 3115 488 3184 fuerint
503 3113 678 3186 hedificare
693 3117 755 3186 sibi
771 3123 876 3186 turres
892 3116 1062 3203 speciales,
1081 3121 1251 3183 assumunt

121 3244 164 3292 ex
180 3223 369 3292 voluntaria
385 3229 418 3294 et
433 3222 573 3308 speciali
589 3224 769 3293 collacione
786 3223 928 3311 Capituli
943 3225 1018 3294 loce
1032 3241 1192 3310 erearum,
1209 3223 1245 3289 in

123 3331 245 3415 quibus
259 3332 434 3400 bedilicent
449 3339 554 3400 turres
571 3335 604 3399 et
618 3351 725 3404 muros
741 3352 799 3418 pro
815 3332 883 3402 suis
899 3331 1099 3419 specialibus
1116 3329 1250 3398 lamiliis

123 3445 224 3525 atque
239 3442 347 3526 rebus,
363 3437 540 3508 secundum
557 3437 645 3524 quod
660 3439 910 3526 uniuscuiusque
925 3439 1110 3527 porcionem
1127 3439 1253 3508 contin·

123 3549 191 3635 git,
215 3567 279 3632 qne
295 3545 425 3632 quidem
442 3544 594 3616 hedificia
609 3547 678 3616 suis
694 3545 874 3634 heredibus,
893 3545 1110 3631 heredumque
1126 3565 1250 3614 sucees-

124 3655 264 3743 soribos,
279 3657 333 3726 vel
357 3656 612 3742 quibuscumque
627 3656 801 3744 volueriut,
830 3656 964 3726 valeant
995 3655 1086 3741 dere,
1117 3655 1252 3740 donare,

125 3762 304 3832 concedere
319 3770 352 3830 et
366 3769 525 3849 perpetuo
540 3764 663 3848 legare,
695 3763 787 3830 iuxta
802 3782 860 3831 sne
876 3762 1079 3849 beneplacita
1104 3763 1252 3832 volunte-

126 3871 180 3958 tis,
197 3871 343 3940 dominio
359 3878 468 3940 umen
485 3870 588 3956 ipsius
599 3870 699 3938 castri
710 3871 797 3938 dicto
808 3869 959 3958 capitolo
968 3891 1026 3956 per
1036 3872 1253 3940 omuiareser·

127 3985 213 4046 rato.
225 3977 264 4044 In
274 3977 365 4045 errius
374 3978 504 4065 montis,
515 3984 547 4046 et
556 3985 642 4045 terre
653 3977 955 4046 circumediueeutis
970 3981 1170 4065 corporalem
1180 3998 1254 4065 pos-

127 4086 306 4156 restionem
317 4104 377 4171 per
391 4084 519 4154 fidelem
536 4091 679 4152 nosbum
694 4086 828 4174 Abrum,
847 4087 1003 4154 Comitem
1013 4086 1055 4154 de
1070 4085 1255 4175 Moroucha,

129 4193 563 4278 iprumieeimusintroduci.
580 4193 739 4278 Neigitur
750 4193 947 4281 sepedictum
958 4193 1141 4280 Capitulum
1156 4214 1255 4280 super

130 4301 234 4388 dietis,
251 4309 362 4369 monte
378 4307 410 4369 et
425 4309 522 4389 terre,
549 4306 729 4388 temporum
746 4302 903 4370 curriculo
921 4323 977 4388 per
994 4305 1180 4388 quempiam
1205 4305 1254 4370 in-

130 4409 266 4492 quietari
281 4411 392 4480 valeat
407 4429 464 4480 seu
480 4409 689 4492 aliquetenus
705 4411 882 4494 molestari,
898 4411 956 4479 sed
973 4410 1021 4480 eis
1036 4413 1150 4498 pocius
1184 4431 1253 4496 per·
1311 4421 1314 4426 “

132 4523 229 4602 petuo
245 4525 279 4586 et
295 4516 553 4587 irrevocabiliter
568 4523 786 4603 perseverent,
812 4525 979 4604 presentes
995 4517 1028 4584 in
1054 4517 1252 4604 perhennem

134 4633 241 4696 nostre
256 4625 445 4695 collacionis
463 4625 674 4694 stabilitatem
691 4625 907 4694 concessimus
924 4632 957 4693 et
988 4623 1179 4695 tradidimus
1204 4627 1275 4714 tit,
