3080 5146
344 511 415 562 enm
446 489 594 560 omnibus
625 490 832 578 pertiuentiis
862 491 942 577 suis,
974 510 1036 574 qus
1051 489 1113 556 fuit
1128 494 1292 574 quondam
1309 495 1469 564 Damiani

345 600 512 669 Varioassi
540 597 581 668 de
611 598 721 684 isira,
738 598 771 666 in
789 618 856 682 qua
870 617 956 668 nune
972 598 1100 666 habitat
1116 601 1235 668 nobilis
1251 602 1304 670 uir
1320 603 1470 690 Angelus
1526 659 1527 674 2

325 709 555 778 'Mauroeeuus
571 704 802 776 comesurus
834 705 875 774 de
906 705 1061 776 mandato
1092 706 1173 776 dieti
1205 708 1328 778 demini
1359 713 1467 779 nostri
1526 719 1527 786 Ῑ

337 815 464 900 Duois;
496 814 538 883 de
568 812 744 882 valimento
789 813 881 882 euius
917 813 1032 882 domus
1062 815 1225 884 Jadratini
1257 819 1466 887 satisiaeient

341 925 503 994 Damione
518 921 666 1008 predicto
681 923 724 990 ad
740 923 940 990 voluntatem
957 919 1079 989 domini
1092 923 1205 992 Dueis.
1230 923 1365 995 iurabit
1379 926 1469 994 enim

343 1029 451 1100 dietus
466 1030 582 1100 Comes
599 1027 789 1100 fidelitatem
806 1030 937 1098 domino
953 1030 1036 1098 Dnei
1062 1032 1272 1100 venetiarum
1289 1042 1323 1103 et
1338 1055 1470 1106 suoues-
1526 1063 1527 1070 ¹

338 1139 463 1210 soribus
477 1141 546 1208 suia
561 1140 595 1208 in
611 1146 812 1226 perpetuum.
828 1138 989 1208 Jurabuut
1005 1148 1115 1210 autem
1133 1149 1164 1210 et
1180 1161 1295 1213 omnes
1317 1145 1469 1214 homines

340 1247 520 1318 Comitatus
536 1245 639 1316 Jadre
654 1267 676 1316 a
692 1246 933 1333 quatuordeeim
950 1247 1047 1316 aunis
1079 1255 1113 1315 et
1143 1269 1244 1336 supra
1274 1250 1469 1324 fidelitatem
1526 1249 1527 1256 ’

339 1355 470 1428 domino
486 1354 571 1424 Duei
586 1361 619 1422 ot
633 1355 858 1426 sueoesoribus
875 1355 956 1442 suis,
971 1361 1004 1424 et
1019 1357 1092 1442 ipsa
1107 1356 1472 1426 fidelitatisiuramenta

340 1464 545 1536 renovabunt
578 1462 717 1548 singulis
752 1461 865 1532 decern
896 1463 1001 1532 annis.
1033 1461 1194 1534 Jurabunt
1224 1465 1325 1534 stiam
1356 1485 1469 1534 ornnes

339 1571 533 1642 fidelitatem
550 1569 681 1638 domino
697 1567 814 1638 conisi
831 1577 862 1638 et
877 1571 1059 1640 comitibus
1076 1573 1110 1638 in
1126 1580 1319 1660 perpetuum
1335 1573 1465 1656 futuris,

339 1681 432 1749 saiva
461 1678 621 1746 fidelitate
652 1677 772 1746 domiui
798 1679 900 1746 Dueis
931 1679 975 1746 ad
1006 1680 1159 1748 honorem
1192 1683 1402 1750 venetiarum
1434 1687 1467 1746 et
1526 1699 1527 1702 ’

341 1784 479 1855 salutem
496 1782 605 1852 Jadre.
636 1786 677 1851 ut
707 1785 736 1852 si
753 1785 838 1854 forte
870 1785 1053 1874 eontigerit,
1082 1787 1246 1856 dominum
1272 1791 1396 1858 Duoem
1415 1789 1467 1855 vel

339 1907 544 1963 sueoessores
558 1891 659 1962 Jadre
675 1892 854 1982 applieare,
871 1894 1028 1980 recipient
1053 1915 1126 1962 eum
1150 1895 1312 1964 Jadrstini
1337 1898 1464 1965 bonori-

340 2003 399 2072 fiee
415 2008 447 2070 et
476 2003 673 2088 iraotabuut,
705 2009 738 2070 et
769 2001 903 2070 nuncios
934 2023 1010 2072 suos
1026 2004 1190 2071 similiter.
1215 2005 1300 2073 Etsi
1318 2005 1466 2072 dominus

339 2111 415 2178 Dux
431 2108 569 2178 voluerit
584 2109 743 2197 hospitari
759 2111 792 2178 in
809 2111 904 2178 domo
930 2107 1220 2201 Archiepisoopnli,
1241 2113 1376 2182 habebit
1393 2135 1463 2182 eam

339 2217 384 2288 ad
400 2237 493 2288 suam
525 2217 803 2286 honoritieentiam
820 2226 853 2286 et
885 2219 1085 2288 voluntatem
1102 2243 1110 2305 ;
1127 2221 1317 2304 sinautem,
1334 2221 1463 2289 dabitur

339 2326 369 2394 ei
386 2325 500 2394 domus
529 2324 729 2394 honorabilis
760 2346 861 2409 usque
895 2325 970 2394 dum
987 2327 1111 2394 steterit
1127 2327 1181 2394 ibi.
1202 2329 1242 2394 Et
1258 2329 1386 2411 quoties
1401 2330 1463 2396 Ve-

338 2432 435 2503 netiis
464 2434 577 2502 feeerit
608 2435 783 2502 exereitum
814 2455 916 2521 usque
947 2437 1136 2520 bagasium,
1168 2442 1201 2504 et
1230 2457 1252 2502 a
1267 2438 1414 2520 Rngueio
1430 2446 1461 2504 et

341 2541 435 2629 inira,
467 2541 550 2610 sieut
581 2541 718 2610 Venetia
749 2539 859 2630 suoiet,
888 2543 935 2610 sio
965 2543 1088 2612 facient
1103 2542 1267 2612 Jsdratiui
1283 2545 1461 2612 seeundum

338 2669 504 2717 numerum
530 2650 670 2718 virorum
703 2670 843 2718 suorum.
873 2650 909 2717 Si
939 2671 1016 2718 vero
1047 2649 1160 2718 feeerit
1175 2652 1354 2720 exereitum
1371 2673 1392 2719 a
1408 2654 1459 2719 tri·

337 2755 549 2842 gintagaleis
564 2765 720 2845 utsupra,
736 2777 799 2843 que
824 2758 963 2827 debeant
993 2759 1134 2827 transire
1165 2759 1354 2848 Ragusium,
1386 2761 1462 2828 saei·

338 2871 393 2934 ent
410 2865 486 2932 inde
517 2864 678 2934 taurstini
709 2867 906 2934 tricesimam
923 2874 1060 2954 partem,
1076 2871 1110 2934 et
1124 2868 1258 2937 stabunt
1274 2869 1308 2935 in
1326 2870 1459 2938 seruitio
1526 2855 1527 2858 ¹

341 2971 547 3042 venetiarum
563 2993 666 3058 usque
683 2975 758 3041 dum
783 2977 910 3042 steterit
939 2977 1102 3044 exereitus
1134 2977 1359 3044 venetiarum.
1389 2977 1462 3044 'Pol-

340 3083 443 3151 lentes
473 3081 634 3150 tedrerini
665 3103 723 3169 pro
752 3083 912 3150 communi
938 3083 977 3150 de
994 3083 1143 3152 omnibus
1159 3084 1296 3174 nauibus
1312 3092 1458 3154 eubano·

339 3211 441 3279 orum,
473 3211 535 3276 que
564 3189 645 3258 illue
676 3190 896 3278 applicuerint
926 3190 968 3258 ad
1000 3198 1126 3276 portum
1157 3189 1353 3280 iaciendum,
1371 3194 1461 3261 iiiam

338 3299 513 3386 dationem,
545 3317 644 3384 quam
671 3297 810 3366 Venetia
825 3297 908 3365 tollit
924 3305 1151 3367 extraneorum
1167 3299 1317 3388 navibus,
1333 3300 1378 3368 de
1395 3323 1460 3388 qua

336 3407 463 3483 tertiam
481 3413 606 3492 partem
621 3405 747 3474 dabunt
762 3405 1018 3492 brebispisoopo
1033 3427 1104 3492 suo,
1118 3414 1152 3473 et
1167 3407 1231 3474 due
1260 3414 1374 3492 partos
1406 3409 1459 3478 de·
1526 3475 1527 3482 ,

340 3514 472 3582 veniant
487 3513 520 3579 in
552 3513 730 3584 Commune
761 3512 871 3581 Jaure.
905 3512 1027 3584 Omnes
1043 3522 1162 3603 autem,
1180 3514 1235 3599 qui
1253 3523 1348 3583 erunt
1363 3518 1460 3584 amisi

340 3622 558 3706 venetiarum,
590 3620 752 3690 Jadrotini
784 3621 871 3710 ipsos
903 3641 961 3710 pre
992 3622 1104 3690 eminis
1130 3617 1308 3691 habebunt·
1322 3625 1394 3692 Nee
1410 3625 1463 3692 de·

338 3733 436 3798 beant
450 3727 612 3798 Jadretini
624 3730 852 3816 oompagniam
869 3729 922 3798 vel
937 3732 1123 3798 sooietstem
1141 3729 1287 3816 aliquam
1304 3751 1377 3800 oum
1395 3734 1460 3803 ullo

337 3837 458 3906 habere
474 3837 648 3906 oursalium
664 3837 716 3904 vel
733 3837 880 3924 aliorum,
913 3838 967 3920 qui
998 3845 1074 3906 sunt
1103 3836 1267 3904 manifesti
1300 3839 1460 3924 predones

338 3955 395 4014 aut
425 3949 627 4031 raubatores,
653 3946 706 4030 qui
722 3943 870 4013 homiues
887 3943 1096 4015 Venetierum
1113 3944 1291 4034 offendant,
1308 3945 1361 4014 vei
1377 3947 1460 4015 alios

337 4054 508 4122 Venetiam
524 4053 694 4123 venientes
709 4060 767 4120 aut
783 4053 957 4120 redeuntes
988 4054 1030 4120 ab
1062 4073 1123 4136 sa3
1140 4073 1199 4120 nee
1232 4073 1287 4122 eos
1319 4052 1460 4121 debeant

336 4163 481 4250 resipere
513 4163 566 4230 vel
598 4161 762 4229 fidentiam
779 4169 837 4230 aut
852 4161 1059 4230 securitatem
1075 4161 1218 4246 aliquam
1235 4159 1282 4228 eis
1298 4166 1459 4246 prestare,

338 4291 398 4340 neo
413 4269 568 4338 auxilium
585 4289 690 4355 neque
707 4269 874 4336 eonsilium
893 4269 941 4337 eis
957 4268 1159 4356 impendere,
1190 4287 1252 4336 neo
1282 4267 1316 4334 in
1347 4269 1458 4353 aliquo

338 4381 526 4447 neeessaria
556 4377 751 4463 ministrare,
783 4397 843 4445 nee
874 4377 999 4464 aliquid
1024 4377 1138 4444 borum
1155 4375 1225 4443 ullo
1241 4375 1374 4458 ingenio
1393 4377 1458 4444 tieri

337 4487 454 4554 faeere.
487 4488 568 4555 Item
599 4485 759 4554 Jadretini
791 4487 975 4571 parentelas
1004 4484 1046 4551 de
1063 4490 1170 4550 uetere
1187 4503 1252 4551 non
1268 4483 1457 4550 contrahent

340 4613 411 4666 cum
427 4592 564 4686 sclavis,
580 4613 639 4664 noe
655 4613 712 4664 eos
728 4593 812 4662 inter
827 4613 864 4662 se
881 4591 1037 4681 recipient
1065 4592 1108 4659 ad
1140 4589 1365 4688 habitandum,
1396 4593 1457 4662 nisi
