3080 5146
500 322 661 420 mr„

32 521 160 589 eiusdem
189 526 289 605 terre,
320 515 497 586 secundum
515 515 601 601 qnod
626 515 661 582 in
677 513 796 580 litteris
813 509 960 597 Capituli
976 516 1008 576 ct
1022 509 1157 576 Joance

34 627 151 694 Comitis
176 625 364 692 invenimus
394 621 564 704 contineri,
596 621 636 686 de
667 621 769 688 verbo
800 617 991 686 adverbum
1010 615 1158 683 describi

34 733 184 816 facientes,
217 729 424 816 presentibus
450 729 602 796 duximus
622 727 825 794 inserendas.
844 724 953 790 Prima
968 723 1069 808 igitur
1084 745 1162 790 me·-

35 849 64 908 ta
75 839 180 926 incipit
196 859 217 904 a
234 838 381 922 quodam
412 836 513 920 fonte,
547 835 634 902 circu
664 853 758 917 quem
775 839 851 900 sunt
866 833 985 900 calices
1002 855 1010 914 ;
1027 840 1059 899 et
1074 831 1150 899 inde

37 967 135 1014 rerem
166 946 369 1014 occidentem
402 963 462 1030 per
477 951 620 1009 montem
637 961 735 1008 unum
757 941 844 1008 venit
859 939 901 1006 ad
933 942 1080 1008 arborem
1095 963 1151 1010 nu·

37 1074 111 1134 cun3
125 1051 198 1119 inde
214 1073 277 1138 per
295 1050 436 1118 cundem
452 1057 594 1116 montem
612 1049 656 1114 ad
672 1050 823 1114 arborem
840 1047 1015 1131 berekyna,
1040 1048 1152 1133 ibique

37 1168 76 1226 est
97 1167 179 1226 mela
209 1165 344 1244 terrea;
383 1156 459 1225 inde
492 1175 590 1224 cecus
623 1155 786 1241 quandam
817 1153 945 1220 vineam
985 1156 1151 1223 transiens

38 1268 114 1333 uenit
142 1266 183 1332 ad
215 1263 300 1332 duas
330 1271 436 1332 melca
466 1271 615 1345 terreau;
654 1261 731 1327 inde
776 1280 837 1346 per
882 1267 986 1330 m'etac
1037 1247 1151 1329 versun

39 1373 203 1456 aquilonem
235 1374 377 1442 venitin
395 1392 549 1458 magnum
576 1379 727 1453 montem,
743 1369 779 1436 in
798 1368 888 1436 cuius
905 1369 1036 1436 sinistro
1052 1372 1153 1438 latere

41 1487 80 1544 eal
93 1485 172 1546 meta
186 1486 316 1565 terrea3
335 1479 412 1546 inde
428 1499 542 1546 versus
560 1477 761 1546 occidentem
776 1475 866 1544 venit
883 1474 926 1542 ad
942 1481 1008 1546 tres
1038 1483 1159 1564 metae„

42 1592 67 1650 et
78 1587 107 1651 in
134 1588 233 1654 tercia
265 1593 343 1654 sunt
372 1606 431 1654 sex
447 1585 590 1666 arborea,
608 1605 669 1669 que
686 1583 835 1651 dicuntur
850 1583 983 1667 harazt;
1001 1585 1079 1652 inde
1094 1605 1153 1672 per

43 1701 161 1760 ncnlem
176 1693 385 1780 protenditur
400 1713 459 1780 per
475 1703 581 1760 metas
598 1712 711 1759 verano
739 1691 926 1777 aquilonem
946 1711 955 1775 ;
972 1691 1048 1759 inde
1064 1693 1152 1758 venit

44 1797 78 1862 ad
90 1800 177 1886 riam,
206 1821 272 1885 qne
288 1797 438 1868 accendit
452 1799 493 1866 de
524 1797 621 1865 domo
645 1797 770 1864 Merind
786 1819 794 1882 ;
812 1797 888 1863 inde
910 1799 1050 1865 traciana
1065 1800 1153 1867 viam

45 1905 116 1970 illam
130 1907 277 1974 accendit
294 1927 393 1993 super
410 1925 476 1973 nno
493 1913 612 1992 monte,
630 1905 663 1970 in
679 1906 786 1971 medio
802 1903 887 1970 enim
914 1906 1031 1973 montis
1063 1907 1153 1976 illius

46 2009 113 2077 idem
140 2013 297 2081 Nicolaus
329 2021 395 2100 tres
425 2013 528 2079 habet
559 2017 662 2079 metas
679 2011 771 2078 iuxta
797 2010 933 2078 eandem
949 2011 1049 2099 viam,
1067 2014 1154 2081 circa

48 2137 110 2198 quas
136 2131 210 2189 snut
226 2128 295 2191 tres
315 2140 465 2208 quercus,
483 2127 515 2187 et
531 2119 615 2186 mete
647 2127 722 2186 sunt
754 2118 840 2184 circa
870 2119 961 2205 ipsae
994 2139 1128 2202 quercus
1144 2145 1162 2206 3¹

49 2225 107 2291 inde
130 2230 225 2296 tondit
241 2238 275 2298 et
295 2229 387 2296 vadit
405 2249 464 2314 per
496 2236 619 2295 rectam
649 2227 772 2295 lineam
803 2227 838 2293 in
867 2225 974 2296 medio
1007 2228 1152 2296 eiusdem

47 2333 140 2401 nortia
168 2335 210 2403 ad
244 2343 372 2423 partem
403 2335 704 2423 septemtrionalem
736 2332 780 2400 ad
797 2355 894 2402 unam
913 2335 1029 2420 pirum,
1046 2341 1078 2404 et
1093 2336 1154 2403 illa

49 2436 118 2518 pirus
127 2449 186 2508 stat
195 2445 229 2510 in
241 2443 351 2510 medio
361 2449 445 2511 mete
456 2441 599 2510 eiusdem
610 2447 706 2529 terre,
717 2441 906 2526 incipiendo
919 2445 1004 2510 enim
1014 2465 1035 2509 a
1047 2443 1154 2530 prima

49 2551 117 2612 neta
143 2570 243 2634 usque
263 2551 308 2617 ad
324 2555 427 2616 metas
442 2547 676 2616 cruciferorum
701 2549 813 2614 Sancti
829 2548 987 2634 Sepulcri,
1002 2571 1044 2617 cx
1060 2559 1163 2636 parte·

51 2648 158 2720 sinistra
173 2656 419 2725 convicinantnr
434 2656 494 2723 lilii
524 2655 656 2740 Merge5
682 2653 802 2722 deinde
833 2655 982 2724 accendit
1011 2657 1154 2728 eiusdem

51 2764 119 2826 ncta
130 2767 210 2832 ierrc
226 2765 262 2831 in
278 2763 386 2831 medio
403 2763 548 2831 ciusdem
565 2762 684 2829 montis
702 2769 735 2828 et
753 2762 843 2829 rudit
859 2764 902 2830 ad
919 2784 1015 2831 unam
1034 2771 1162 2835 metum.

53 2871 169 2936 retorem
202 2873 297 2941 iuxta
314 2891 411 2956 quam
429 2875 478 2938 ent
495 2872 604 2958 arbor,
637 2889 699 2954 quc
730 2869 839 2938 boroat
855 2869 1001 2958 dicitur;
1035 2875 1156 2944 deinde

54 2975 175 3044 ascendit
191 2979 236 3045 ad
267 2987 374 3046 metas
398 2979 644 3064 cruciferorum,
677 2977 778 3045 babet
794 2982 879 3044 enim
897 2981 980 3046 idem
997 2982 1164 3052 Nicolauc¹

54 3072 126 3146 iuxta
152 3093 253 3152 metas
275 3085 463 3155 eorumdem
479 3084 716 3152 Cruciserorum
749 3091 867 3151 metam
891 3094 1043 3174 terream,
1061 3094 1092 3153 et
1108 3089 1155 3155 ibi

56 3181 114 3252 dicti
143 3191 292 3262 cruciferi
307 3201 382 3260 sunt
412 3192 572 3260 convicini
596 3199 681 3279 terre
705 3191 842 3280 Nicolai,
859 3201 890 3260 et
905 3193 997 3261 iuxta
1015 3194 1153 3264 condem

56 3300 148 3362 nclam
164 3301 328 3383 predictus
344 3300 501 3366 Nicotaus
517 3299 617 3367 habet
645 3319 744 3365 unam
760 3300 920 3388 arborem,
938 3321 1001 3385 que
1018 3321 1156 3386 quercus

58 3395 174 3488 dicitur3
192 3403 310 3473 deinde
342 3405 511 3472 descendit
542 3425 600 3491 per
631 3425 730 3471 unum
761 3406 884 3472 vallem
915 3409 1158 3478 otraditmeta

60 3503 176 3580 eiusdem
187 3519 271 3581 terre
288 3513 379 3580 iuxta
393 3513 524 3580 vineam
541 3512 634 3599 Sotlr,
652 3512 694 3580 ad
719 3534 817 3580 unam
834 3535 963 3601 aquam,
979 3537 1042 3600 que
1058 3519 1158 3603 Scep-

61 3609 136 3682 nicba
150 3627 288 3705 vocatur,
304 3622 397 3688 iuxta
416 3639 514 3703 quam
532 3629 581 3688 est
598 3621 729 3704 quidam
756 3629 886 3706 puteus,
904 3631 953 3690 eat
969 3625 1054 3690 enirn
1071 3632 1158 3692 meta

61 3715 175 3790 eiusdem
205 3737 291 3795 terre
307 3728 342 3794 in
358 3748 425 3794 nna
439 3728 556 3794 arbore
571 3725 703 3814 ibidem,
721 3749 785 3813 que
801 3747 882 3813 egur
897 3730 1025 3818 dicitur,
1041 3734 1159 3800 transit

62 3826 126 3893 euin
140 3834 269 3902 eandem
286 3855 405 3916 aquam
422 3842 509 3902 meta
525 3833 669 3902 eiusdem
685 3841 770 3902 terre
785 3835 828 3902 ad
860 3843 985 3921 partem
1018 3839 1159 3908 orienta-

65 3927 119 4016 lrn,
139 3943 166 4003 et
193 3938 340 4007 ascendit
354 3941 444 4008 iuxta
459 3941 612 4008 nucleum
628 3961 724 4027 cuper
741 3961 805 4010 uno
821 3950 941 4030 monte,
959 3951 991 4012 et
1006 3952 1056 4011 est
1072 3953 1160 4015 meta
1190 4003 1194 4010 .

63 4040 144 4106 terrea
158 4047 285 4114 Nicolai
299 4048 390 4115 iuxta
422 4056 542 4117 metam
583 4049 825 4135 cruciferorum,
855 4051 901 4117 ibi
932 4051 1042 4120 deficit
1072 4059 1169 4122 mela¹

65 4149 219 4220 eorumdem
231 4153 472 4224 cruciferorum
490 4163 522 4223 ct
534 4156 649 4242 incipit
664 4157 782 4224 deindo
799 4158 941 4226 Boloood
957 4159 1159 4228 convicinari

40 4252 127 4344 ,lene
152 4257 276 4329 Nicolai
306 4261 441 4338 comitio
458 4285 467 4349 ς
484 4261 562 4330 inde
594 4264 701 4332 tendit
732 4271 764 4331 et
796 4263 889 4332 vadit
920 4283 1017 4352 cuper
1044 4265 1161 4334 ecdem

41 4368 149 4429 inmte
174 4387 286 4440 verane
317 4375 444 4455 partem
474 4370 717 4440 meridionalem
744 4375 777 4437 et
807 4371 953 4438 ascendit
968 4391 1066 4459 anper
1096 4393 1169 4444 nno

41 4469 220 4564 lubriculo,
236 4476 292 4560 qni
309 4483 361 4544 eut
375 4477 410 4544 in
441 4475 555 4548 eodem
586 4485 706 4567 monto,
732 4482 765 4546 et
790 4477 824 4544 in
840 4475 954 4546 eodem
985 4479 1162 4548 monticulo

70 4579 124 4638 runt
149 4577 205 4648 dcc
235 4587 322 4651 mete
353 4590 479 4673 terrec;
511 4583 630 4654 deinde
659 4589 855 4671 perrectum
871 4583 994 4654 lineam
1010 4585 1163 4657 ciusdem
