3120 5148
583 335 744 440 ...ff-.-

97 535 220 606 reritss
237 531 460 602 indissolubili
484 531 662 602 stabilitate
678 532 774 602 duret
790 533 822 602 in
840 537 1015 623 posterum,
1039 540 1223 624 presentem

97 641 253 731 paginam
278 641 382 728 sigilli
396 641 498 710 nostri
518 642 615 710 titulo
631 641 864 711 roboravimus.
888 643 1008 712 Datum
1025 664 1084 730 per
1107 663 1224 712 manus

97 750 272 838 Desiderii,
287 751 370 818 Aule
385 751 487 834 Regis
504 750 700 819 cancellarii
713 758 745 816 et
764 749 927 838 Prepositi
943 750 984 818 ue
999 751 1121 837 Scibis,
1136 771 1222 820 anuo

100 859 269 929 Dominice
285 855 531 926 incarnacionis
547 858 642 928 ricc.
660 858 848 926 Venerabili
861 857 925 928 Job
936 858 1152 944 strigoniensi
1164 858 1224 926 Ar-

102 969 307 1057 obiepisoopo
324 966 492 1052 existente,
509 965 698 1034 Reverendo
714 967 794 1036 Saul
813 965 983 1036 Coloosnsi
1002 966 1225 1053 Arcbiepisoo·

101 1099 153 1164 po,
176 1070 301 1144 ustam
328 1074 671 1160 Quinqueeoclesiensi
704 1075 887 1163 Episcopo,
912 1076 1039 1162 Ugrino
1062 1073 1224 1144 Gourensi

102 1184 273 1272 Episcopo,
289 1183 457 1252 Dominico
473 1181 688 1269 ngrabiensi
715 1182 887 1270 Episcopo.
903 1183 995 1252 stika
1010 1181 1174 1250 Pallatino
1190 1188 1223 1250 et

102 1291 274 1361 Bacbiensi
290 1291 426 1381 Comits,
443 1292 621 1361 Benedioto
637 1292 728 1361 Bono
739 1300 771 1361 st
782 1291 906 1360 Comile
917 1292 957 1359 de
973 1292 1066 1379 Zala,
1081 1291 1222 1376 Logioro

103 1399 267 1488 Voyvoda,
284 1399 422 1488 Weyteh
434 1399 557 1469 Curiali
575 1407 608 1468 et
623 1399 780 1468 Nitriensi
797 1399 930 1487 (inmite,
940 1399 1110 1468 Theodoro
1120 1399 1224 1468 Comi·

102 1517 132 1576 ts
147 1507 187 1578 ds
201 1508 333 1597 Budrig,
350 1509 481 1597 Gepano
498 1508 621 1578 uenite
639 1507 680 1575 de
695 1510 838 1596 Supruu.

104 1709 256 1774 moues,
276 1709 460 1764 Monumenta
479 1709 543 1763 hist.
563 1695 749 1776 Episcopatus
771 1710 966 1776 Zagrsbiemsir
985 1711 1007 1760 I.
1028 1711 1087 1762 ror.
1107 1717 1131 1761 9.
1155 1712 1222 1774 lap.)

529 1997 796 2010 ffl-

635 2541 686 2610 ts.

105 2743 209 2810 Endrs
225 2746 353 2827 tacesq
369 2741 431 2806 odo
446 2741 521 2808 ito'li
537 2767 559 2812 a
575 2743 709 2830 euprobi
723 2743 908 2829 oqplrciznnls
927 2739 1115 2812 Grabonizn
1143 2751 1223 2812 nouit

540 2849 655 2935 fulciet.
672 2849 770 2917 1200.

206 3049 243 3114 In
274 3047 405 3115 nomine
435 3047 554 3114 Sancto
584 3047 754 3114 Trinitatis
785 3054 817 3114 et
848 3047 1020 3116 individue
1067 3047 1219 3118 Unitatis.

105 3152 274 3240 ll(ndreas)
302 3154 363 3220 Dei
381 3155 494 3238 gracia
517 3155 697 3238 Dalmacis,
723 3153 871 3241 Groncio,
887 3155 1084 3239 chulneqns
1100 3155 1175 3226 Dux
1190 3158 1224 3225 in

103 3267 296 3346 perpetuum.
323 3263 374 3330 ,ln
414 3263 569 3348 primaria
607 3264 716 3349 legum
756 3265 926 3331 sanctione
957 3269 1056 3330 cauta
1079 3270 1223 3333 veterum

104 3369 276 3454 prudencia
312 3368 383 3438 suis
421 3372 456 3437 in
495 3377 658 3456 posterum
690 3373 840 3440 sollerter
872 3371 1047 3457 providens
1079 3373 1112 3437 in
1129 3372 1223 3456 Regi-

106 3477 163 3544 bus
199 3497 237 3544 ao
276 3477 405 3562 magnis
430 3479 575 3547 Ducibus
598 3479 762 3546 iusticiam
795 3481 934 3566 amplius
965 3478 1222 3566 commendavit;

100 3583 227 3666 justicia
257 3585 346 3653 enim
385 3591 445 3672 est,
478 3607 541 3672 qno
579 3577 688 3654 reddit
725 3587 898 3670 unicuique
921 3587 1008 3672 quod
1040 3608 1132 3656 sunm
1163 3595 1221 3656 est.

104 3692 213 3762 Eorum
254 3693 353 3778 igitur
391 3695 538 3779 vestigiis
575 3695 682 3762 arcius
720 3697 905 3783 innitentes,
944 3715 1016 3762 curn
1064 3697 1222 3765 univorsis

103 3798 182 3865 inira
218 3803 374 3870 terminos
406 3802 541 3870 dominii
579 3805 681 3870 nostri
713 3804 871 3870 iusticiam
904 3803 1012 3871 iacere
1043 3810 1222 3889 teneamur,

104 3906 230 3988 primum
256 3929 297 3977 ao
321 3909 508 3996 precipuum
540 3911 626 3977 cirita
657 3910 719 3977 Dei
751 3911 916 3979 Ecclesias
947 3912 1124 3996 gerendam
1151 3935 1223 3982 esse

104 4013 347 4084 sollicitudinem
363 4039 435 4086 curn
453 4017 566 4086 lavore
582 4019 780 4104 Principum,
806 4019 886 4085 nulli
903 4020 991 4088 venit
1016 4020 1050 4085 in
1076 4019 1217 4088 dubium.

104 4122 235 4192 Causam
259 4126 382 4212 itaque,
398 4145 463 4209 que
478 4133 608 4194 versata
624 4135 674 4194 cst
690 4129 774 4192 inter
792 4127 992 4194 Dominionnr
1018 4125 1216 4213 Zagrabien-

105 4249 169 4297 sem
188 4233 385 4320 Episcopum
400 4239 434 4300 et
451 4235 581 4302 Petrum
606 4233 739 4301 fratrem
766 4235 876 4302 Zsulnr
892 4237 931 4301 de
955 4235 1094 4321 quadam
1120 4243 1217 4322 terra,

104 4356 163 4418 que
177 4348 308 4408 vocatur
325 4341 521 4430 Graboniua,
549 4363 620 4408 oum
637 4341 846 4426 Magnetibus
870 4343 990 4410 nostris
1006 4343 1118 4410 ordine
1133 4343 1218 4410 iudi·

104 4445 196 4513 oiario
210 4457 451 4537 cognoscentes,
469 4450 682 4536 comperimus
706 4471 779 4518 csse
795 4457 915 4518 terram
940 4449 1120 4536 supradicti
1144 4451 1221 4536 Epi·

105 4553 197 4638 scopi,
207 4555 352 4640 predicto
362 4555 459 4625 Petro
475 4559 615 4645 plurium
632 4557 818 4626 testimonio
829 4557 861 4624 in
874 4559 943 4627 iure
960 4558 1118 4626 convicto.
1134 4556 1219 4624 Gon·

105 4661 228 4731 tulimus
250 4681 327 4748 ergo
350 4671 470 4734 terram
493 4664 674 4753 predictam
706 4673 944 4752 prememorato
970 4667 1133 4758 Episcopo
1151 4665 1220 4734 iure
