3098 5132
789 295 950 392 -..sta

278 551 281 560 .
309 488 354 554 lbi
386 495 435 556 est
466 498 553 558 mota
584 489 625 556 do
655 497 742 556 terra
773 469 890 574 ereata,
908 489 983 555 inde
1001 507 1058 574 per
1075 489 1210 557 eandem
1228 487 1315 554 viam
1333 489 1442 555 tendit

311 617 412 682 usqne
443 599 486 664 ed
519 604 631 684 metas,
663 617 726 682 qne
757 598 859 665 tribns
889 598 969 664 loeis
986 595 1153 683 lapidibus
1169 603 1244 664 sunt
1269 603 1387 682 ereote,
1407 603 1442 664 et

310 704 385 770 inde
401 702 568 774 deseendit
584 705 720 773 interius
737 724 840 789 nsqoo
850 703 892 772 ad
902 705 1075 796 terminum
1085 705 1208 772 ettines
1219 712 1303 773 terre
1313 702 1442 789 Zeline,

312 811 367 876 nbi
393 821 467 880 sunt
492 815 555 882 dne
580 821 664 881 mete
689 813 842 881 deterre
867 833 967 899 prope
984 813 1140 880 Sanctum
1164 811 1358 898 Johannem,
1377 813 1438 878 nbi

312 921 564 989 nonterminatnr
580 929 664 991 terre
694 920 826 1007 proprie
851 919 1017 1006 Episcopi.
1050 918 1095 985 Ut
1111 921 1212 1004 igitur
1244 919 1305 987 heo
1329 925 1447 987 nostra

316 1026 448 1096 donatio
474 1039 630 1118 perpetue
647 1017 811 1100 felicitatis
829 1027 915 1119 (lgy)
936 1029 1032 1097 robur
1051 1014 1324 1115 obtineat'sigilli
1340 1028 1445 1094 nostri

316 1140 529 1228 impressione
564 1139 699 1207 l'eoimns
724 1137 923 1205 eommuniri.
973 1137 1181 1204 Presentibns
1206 1135 1446 1220 jobagionibns

316 1248 454 1318 nostris:
487 1247 564 1315 Jula
593 1245 743 1312 Palatino
775 1252 808 1310 et
831 1242 1074 1325 Budruguiensi
1106 1242 1240 1330 Comite,
1271 1243 1368 1310 Petro
1402 1243 1446 1308 de

317 1358 480 1444 (impona,
510 1353 708 1422 Sereomerio
741 1351 782 1418 de
797 1349 889 1436 halo,
909 1349 1027 1416 Cosma
1044 1348 1085 1416 de
1101 1349 1236 1417 Wolcon
1254 1349 1446 1436 nominibus,

316 1463 498 1532 Woiavoda
515 1461 710 1528 camerario.
742 1459 923 1526 Pristaldns
949 1465 1067 1525 terram
1084 1457 1259 1544 assignans
1284 1463 1315 1524 et
1340 1461 1448 1524 motas

318 1573 448 1656 erigens
464 1570 525 1636 luit
549 1569 705 1636 Bissonus
731 1568 772 1634 de
797 1569 936 1636 Hotwon
964 1567 1094 1634 nornine
1119 1565 1303 1632 Koohobnr.
1317 1566 1447 1631 Datum

319 1699 377 1766 per
395 1697 510 1745 manns
521 1677 671 1760 Magistri
681 1677 835 1748 Homonis
846 1677 947 1744 nostri
958 1673 1166 1759 Canoellarii,
1178 1693 1263 1741 anno
1274 1671 1449 1740 Dominioe

319 1783 559 1854 incarnationis
574 1781 726 1852 MCCXX
744 1783 895 1852 seeundo.

374 1983 534 2052 (Tkalosics,
553 1984 678 2037 bionum.
697 1983 834 2034 historias
852 1982 943 2046 Epiro.
963 1981 1156 2047 Zagrebiensis
1175 1983 1198 2032 1.
1217 1981 1276 2031 ibt.
1299 1985 1340 2032 50.
1361 1982 1392 2044 l.)

751 2268 1016 2279 ...-..—.-·—-——

854 2805 928 2873 lot.

326 3005 390 3069 III.
408 3005 573 3072 Honorius
587 3013 676 3092 popa
685 3005 879 3092 salezollr'tja
895 3029 915 3072 o
933 3009 1065 3090 rmpnaoi
1076 3008 1259 3093 triptotam,
1278 3007 1362 3093 bopy
1373 3009 1458 3072 orse-

327 3117 376 3179 leot
394 3117 572 3181 vdlnsztoni
590 3115 752 3196 oirsaenelc,
768 3139 783 3178 e
800 3117 883 3200 kopp
894 3117 1077 3201 azapostoli
1087 3117 1204 3182 hbvetet
1215 3139 1254 3179 az
1266 3115 1459 3182 almiseoialr

459 3227 490 3286 e'e
507 3245 527 3286 o
545 3221 686 3288 borznini
700 3221 877 3306 pata-renota
893 3222 971 3287 ellan
988 3223 1206 3308 tctmopoosrtk.
1225 3221 1319 3288 1222.

389 3469 393 3478 .
433 3419 595 3484 Honorius
614 3419 794 3502 Episcopus
811 3437 922 3483 servus
940 3437 1102 3484 servorum
1121 3419 1181 3485 Dei
1213 3417 1342 3486 dileotis
1374 3417 1457 3503 filijs

329 3581 334 3593 .
353 3579 360 3593 .
379 3583 387 3600 .
405 3526 556 3611 Capitulo
575 3525 719 3591 Eoolenie
736 3525 899 3608 Ragusine
915 3527 1051 3594 salutem
1069 3535 1100 3594 ot
1117 3529 1340 3614 Apostolioam
1357 3529 1457 3593 bene-

330 3635 515 3704 dictionem.
556 3635 660 3717 Super
675 3655 808 3719 gregem
825 3634 1028 3702 Dominioum
1046 3636 1228 3720 vigilantes,
1261 3636 1337 3720 qnia
1361 3637 1462 3704 nobis

331 3750 405 3810 sont
422 3759 497 3808 oves
515 3739 634 3807 Christi
652 3763 691 3807 ox
709 3743 815 3809 officio
834 3744 990 3826 pastorali
1008 3747 1188 3830 commisso,
1206 3747 1301 3830 lupos
1328 3747 1371 3810 ab
1397 3747 1462 3812 eis·

330 3849 401 3916 dem
420 3869 574 3932 armemus,
592 3869 643 3936 ne,
662 3851 745 3933 qnod
764 3851 861 3938 absit,
875 3853 1072 3920 mercenario
1083 3849 1317 3938 comparemur.
1336 3853 1463 3920 Cursus

330 3958 413 4023 inter
429 3957 596 4042 operarios
613 3959 708 4026 vinee
724 3959 854 4025 Domini
872 3959 1026 4048 Sabaoth,
1045 3962 1120 4030 lieet
1136 3963 1220 4028 cirea
1253 3961 1366 4029 horam
1400 3983 1461 4027 un-

330 4066 489 4133 desimam
506 4088 527 4132 a
544 4067 782 4154 patrefamilias
800 4070 990 4153 evangelico
1007 4071 1171 4138 constituti
1198 4070 1240 4136 ad
1267 4069 1465 4154 vulpeculas

333 4175 515 4262 capiendas
533 4175 746 4242 demolientes
763 4177 911 4262 eandem,
945 4197 1148 4263 summopere
1179 4177 1379 4263 laboramus,
1414 4185 1461 4262 nt,

329 4283 415 4366 quod
432 4291 560 4352 avertat
576 4284 744 4368 Dominus,
763 4304 833 4351 num
853 4284 948 4352 malis
980 4285 1132 4370 agricolis
1163 4305 1227 4352 non
1257 4283 1463 4370 perdamur:

329 4413 428 4477 snper
446 4413 482 4458 eo
500 4393 608 4478 etiam,
627 4393 713 4476 qnod
730 4393 967 4462 inhabitatores
985 4396 1091 4461 Cestri
1108 4395 1315 4462 Almisionsis
1333 4411 1407 4458 enm
1427 4395 1462 4460 in

332 4500 533 4566 Christianos
549 4501 783 4567 immanitatem
801 4509 960 4586 exercent,
978 4509 1011 4567 nt
1028 4523 1091 4572 non
1108 4503 1276 4590 Ecclesijs,
1303 4510 1359 4566 aut
1388 4523 1463 4588 per·

331 4608 422 4672 sonis
440 4607 894 4694 rarun1,vidnis,pupiltiset
912 4611 1052 4700 senibus,
1087 4631 1144 4677 neo
1168 4611 1302 4678 cuilibet
1318 4621 1464 4693 parcant
