3078 5128
108 1119 237 1208 Roqrczc
252 1121 348 1184 orirer
363 1112 556 1204 bardosque
572 1113 770 1204 eyyccicddre
792 1109 872 1178 Uror
888 1108 998 1183 Isinda
1014 1112 1097 1180 szcrd
1107 1109 1228 1198 icirdly·

573 1223 648 1314 lyal.
664 1221 762 1287 1243.

210 1423 277 1510 Ego
293 1423 462 1491 Johannes
479 1422 618 1492 Michael
637 1424 753 1490 Comes
768 1418 904 1505 Ragusii
929 1440 1001 1487 cum
1019 1417 1224 1488 consiliariis

110 1541 138 1602 et
152 1535 320 1602 Nobilibus
346 1541 378 1600 ct
404 1532 571 1599 Communi
591 1528 726 1616 Ragusii
746 1529 890 1597 iuramus
915 1529 974 1596 tibi
1002 1529 1133 1596 domino
1159 1529 1228 1596 Ste-

110 1641 212 1728 phano
227 1640 349 1708 Urosso
364 1641 458 1726 Regi,
476 1647 588 1706 nostra
600 1641 775 1722 volumtate,
795 1637 915 1704 mundo
931 1637 1037 1726 corde,
1054 1647 1142 1706 reeta
1153 1637 1227 1726 tide,

110 1751 173 1816 sine
189 1749 313 1834 iraude,
328 1747 416 1832 quod
441 1751 484 1814 ab
508 1748 605 1815 hodie
633 1749 667 1813 in
693 1754 791 1812 antea
818 1745 932 1813 dicbus
958 1745 1076 1814 nostris
1103 1751 1135 1811 et
1159 1747 1223 1812 tuis

111 1857 270 1924 condivisa
286 1857 388 1923 simus
408 1853 523 1922 fideles
539 1855 676 1922 etrccti
703 1853 799 1921 amici
827 1854 885 1942 tui,
912 1859 944 1920 et
968 1853 1052 1940 quod
1079 1853 1226 1922 vivamus

112 1964 268 2032 vobiscum
285 1963 319 2029 in
335 1982 446 2029 amore
463 1968 495 2029 et
510 1983 599 2048 pace,
616 1965 700 2029 sicut
714 1962 863 2028 vixerant
881 1967 1102 2028 antecessores
1123 1963 1228 2028 nostri

114 2077 142 2136 et
155 2091 212 2137 nos
229 2091 301 2138 cum
317 2091 381 2137 avo
399 2075 431 2137 et
446 2077 539 2156 patre
555 2076 673 2137 vestro.
691 2071 732 2136 Et
753 2069 885 2155 quando
905 2069 1063 2155 placuerit
1087 2069 1147 2135 tibi
1173 2069 1229 2137 do·

113 2179 191 2244 mino
209 2178 291 2262 Regi
310 2179 365 2245 vcl
386 2178 447 2244 tuis
472 2178 658 2245 homiuibus
683 2177 794 2248 venire
820 2177 873 2244 vel
897 2195 1014 2243 causas
1041 2177 1168 2242 mittere
1194 2179 1228 2243 in
1285 2165 1290 2176 ⁸

114 2292 248 2352 nostram
266 2286 449 2372 Civitatem,
476 2286 600 2354 Ciuitas
620 2293 731 2354 nostra
747 2285 789 2352 sit
809 2285 902 2352 vobis
928 2289 1053 2369 aperta,
1079 2291 1111 2351 ot
1136 2287 1229 2352 stetis

111 2393 174 2459 sani
191 2393 260 2460 sine
279 2395 348 2462 nlla
374 2394 533 2478 molestia,
562 2394 647 2462 sicot
672 2401 720 2462 est
747 2393 882 2478 antiqua
905 2389 1114 2461 consuetudo.
1142 2393 1182 2460 Et
1198 2393 1227 2460 si

111 2500 218 2583 aliquis
233 2499 384 2568 inimicus
407 2509 480 2568 tuus
510 2507 586 2569 ante
611 2507 644 2568 te
669 2500 787 2586 sugerit
811 2501 845 2568 in
871 2509 1015 2568 nostram
1042 2498 1225 2590 Civitatem,

111 2609 296 2694 recipiamus
332 2630 415 2694 eum,
442 2609 527 2676 sient
552 2617 742 2696 receperunt
767 2629 839 2676 eum
865 2617 1088 2678 antecessores
1113 2612 1224 2699 nostri,

113 2715 141 2780 in
160 2717 390 2786 consuetudine
411 2717 465 2785 avi
491 2723 524 2785 ct
549 2719 653 2804 patris
679 2718 736 2806 tui,
763 2722 795 2784 ct
824 2719 993 2784 nobiscum
1020 2718 1138 2787 stando
1164 2739 1228 2786 non

115 2832 219 2891 nonest
251 2832 338 2892 terro
371 2832 426 2892 tue
460 2825 550 2894 nullo
575 2825 679 2894 modo.
705 2825 746 2890 iit
770 2825 799 2892 si
825 2824 990 2892 nobiscum
1018 2826 1146 2915 stando,
1172 2829 1230 2893 ati·

116 2931 235 3012 qnando
251 2919 486 3020 tibi‘noouerit,
503 2941 536 3000 ot
552 2932 724 3001 manifeste
740 2933 820 3001 illud
837 2939 1003 3001 ostensum
1021 2933 1129 3021 inerit,
1147 2955 1228 3002 com·

115 3048 203 3120 ponat
219 3039 301 3106 iliud
317 3040 388 3126 tibi,
405 3040 494 3124 quod
513 3042 680 3123 noonerit;
707 3039 837 3126 quodsi
864 3061 929 3108 non
954 3037 1144 3126 reddiderit,
1170 3063 1227 3110 nos

114 3144 238 3227 ligatum
256 3149 362 3232 ipsum
383 3149 441 3214 tibi
467 3150 637 3231 dabimus;
661 3148 747 3231 quod
774 3149 801 3216 si
828 3151 935 3235 ipsum
953 3147 1012 3216 tibi
1037 3167 1102 3214 non
1127 3149 1223 3217 dedc-

114 3255 211 3338 rimns,
246 3275 321 3322 oum
345 3261 457 3322 nostro
482 3258 602 3324 habere
630 3256 711 3323 illud
733 3257 908 3342 dampnum
935 3275 1171 3341 componemus.
1190 3259 1230 3324 nt

115 3363 178 3426 tuus
193 3359 418 3432 Comeraarins
437 3369 503 3430 stet
519 3363 552 3428 in
569 3372 682 3430 nostra
709 3365 842 3431 civitate
867 3362 1043 3431 cumomni
1070 3361 1232 3432 directore

115 3466 205 3538 donee
219 3471 280 3538 tini
297 3472 467 3556 placuerit,
485 3473 569 3539 sicut
585 3473 675 3539 stetit
691 3465 806 3540 diebus
823 3472 877 3538 avi
903 3479 934 3539 et
945 3471 1029 3558 patri
1055 3473 1114 3552 tui,
1140 3478 1171 3538 et
1195 3473 1223 3539 si

113 3573 142 3639 in
169 3577 263 3644 alium
289 3579 393 3646 locum
419 3579 511 3645 illum
539 3579 698 3666 posueris,
732 3599 792 3646 nos
818 3596 881 3646 non
908 3579 1093 3648 tenebimus
1118 3586 1228 3647 tenere

118 3699 294 3754 comeronm.
311 3687 354 3754 Et
369 3689 398 3754 si
413 3685 540 3771 aliquid
557 3686 711 3754 iniustum
728 3686 848 3755 iactum
866 3685 963 3754 tuerit
979 3687 1065 3755 inter
1090 3707 1151 3755 nos
1176 3689 1228 3755 vel

115 3787 587 3874 interhominesnost1·os,eum
613 3796 739 3864 iustitia
763 3794 962 3862 instificetur.
1006 3795 1047 3862 Et
1072 3795 1133 3862 heo
1158 3816 1223 3881 pax

117 3896 216 3968 diebus
228 3903 348 3969 nostris
366 3910 398 3968 ct
413 3905 477 3969 tuis
494 3903 584 3969 nullo
604 3906 697 3969 modo
714 3923 771 3988 per
793 3903 919 3970 nullum
930 3903 1051 3971 iactum
1068 3903 1223 3970 solvatur.

117 4003 149 4068 dt
162 4014 265 4078 stonec
279 4008 322 4076 sii
337 4009 423 4076 inter
444 4029 505 4077 nos
526 4031 547 4075 a
562 4011 683 4077 Sancto
707 4008 864 4075 MichaeIc
880 4008 1041 4092 usquead
1066 4007 1224 4075 Sanctum

117 4109 283 4200 Georgium,
318 4115 402 4182 siout
432 4117 496 4183 fuit
514 4115 626 4182 diebus
643 4117 696 4182 avi
714 4117 762 4183 tui
779 4123 812 4180 ct
827 4117 930 4199 patris
948 4117 992 4182 tui
1011 4133 1084 4181 cum
1104 4117 1229 4184 nostris

118 4225 363 4292 annuentibus
390 4231 423 4290 ct
448 4224 616 4291 nobiscum
642 4225 677 4290 in
704 4211 818 4307 aliquo¹
839 4224 919 4290 loco.
954 4221 1235 4308 dijudicemur

116 4315 231 4397 insimul
249 4331 379 4419 inerint,
406 4331 561 4397 intabuni
585 4337 706 4398 rectum
732 4329 886 4399 iudicium
912 4329 1070 4418 iudicare,
1085 4331 1169 4398 sicut
1185 4341 1236 4400 est

118 4437 295 4506 assuetudo
311 4438 488 4507 indicandi.

208 4543 313 4624 †Isti
354 4548 542 4616 iuraverunt
573 4572 580 4616 ε
611 4545 862 4619 Pronominatus
913 4543 1062 4618 dominus
1109 4545 1225 4626 Gonnos
