3078 5128
656 1021 728 1088 tol.

129 1215 185 1283 IV.
202 1217 289 1286 lette
304 1219 414 1306 tirotp
432 1221 608 1308 maperdsite'
623 1245 644 1286 a
669 1221 912 1308 paeconialmi
941 1227 1111 1311 opdtedpot
1142 1220 1256 1290 Atmsr

466 1327 591 1415 delysdp
607 1326 807 1394 dirtokddao.
830 1329 926 1398 1236.

234 1521 305 1590 Nos
323 1519 438 1592 Comes
455 1523 642 1610 Stephanus
659 1523 777 1592 Bubsk
793 1523 902 1594 iudex
918 1523 1017 1594 Ourie
1047 1523 1256 1594 serenissimi

132 1628 292 1718 Principis
309 1629 431 1700 domini
446 1633 601 1702 hodonici
617 1633 678 1701 Dei
694 1633 808 1719 gracia
823 1633 932 1701 Incliti
957 1633 1058 1720 Regis
1090 1635 1259 1718 Hungsrie

12 1745 14 1750 “
133 1739 191 1804 stb.
207 1738 298 1821 quod
314 1739 416 1807 irater
431 1739 555 1809 Paulus
570 1740 702 1810 Ordinis
719 1741 832 1808 sancti
848 1741 1020 1808 Benedicti
1034 1761 1093 1828 pro
1103 1741 1258 1826 religioso

134 1845 199 1912 viro
215 1846 349 1914 dominc
365 1847 465 1916 fratre
481 1849 621 1918 soffride
636 1849 764 1918 Abbate
780 1851 925 1918 Ecclesie
941 1850 1054 1918 Sancti
1070 1850 1202 1920 Martini
1219 1849 1259 1916 de

12 1981 13 1984 ¹
134 1951 231 2021 sacro
248 1957 359 2024 Monte
374 1956 545 2027 Pannonia
561 1959 623 2026 stb.
640 1959 673 2025 in
690 1957 815 2028 octauis
833 1957 907 2026 festi
933 1957 1027 2026 Beati
1057 1958 1158 2044 Begis
1188 1957 1257 2024 Ste-

136 2061 233 2147 phani
250 2063 286 2130 in
302 2084 389 2132 anno
405 2065 552 2150 proxime
567 2071 734 2134 transacto
766 2063 930 2152 preteritis
961 2065 994 2130 in
1025 2065 1130 2150 ligura
1161 2065 1262 2134 nostri

136 2167 255 2257 Judicij
275 2174 494 2260 comparando
511 2179 627 2242 contra
642 2175 837 2260 Magistrum
854 2171 1066 2242 Hanchouem
1083 2172 1125 2241 de
1134 2172 1263 2242 Neumil

12 2375 14 2380 Ι
136 2277 263 2347 litteras
281 2280 423 2367 Capituli
440 2281 588 2350 Ecclesie
604 2281 837 2367 strigoniensis
854 2283 915 2350 stb.
931 2300 1084 2350 asserens
1095 2280 1262 2349 accionem

138 2386 277 2470 predicti
296 2388 416 2457 domini
432 2390 568 2458 Abbatis
596 2391 714 2458 litteris
746 2390 904 2477 explicari
938 2391 972 2456 in
1005 2389 1139 2476 eisdem,
1161 2389 1265 2478 ¹uobis

12 2579 14 2598 Χ
138 2501 371 2584 presentassct,
389 2498 473 2566 inter
488 2506 596 2566 cetera
611 2498 837 2567 declarantes:
854 2497 940 2584 quod
956 2517 1028 2566 oum
1045 2499 1151 2584 ipsum
1170 2497 1266 2584 Capi·

139 2604 240 2672 tulum
257 2607 484 2692 strigoniense
500 2608 612 2696 Begijs
627 2607 793 2677 mandetis
811 2611 858 2676 eis
892 2609 1083 2676 litteratorie
1114 2605 1267 2676 iniunctis

142 2711 274 2780 obedire
290 2715 436 2800 cupiens,
453 2735 519 2782 vna
535 2735 606 2782 cum
633 2717 790 2800 Magistro
823 2715 991 2804 Stephano
1021 2713 1267 2784 Prothonotsrio

141 2827 262 2908 nostro,
291 2821 420 2890 homine
451 2823 553 2910 Regio
584 2825 627 2891 ad
659 2824 868 2910 infrascripta
899 2821 1051 2894 facienda
1080 2823 1268 2908 specialiter

12 3027 14 3036 Ι
142 2932 346 3017 transmisso,
363 2931 536 3002 discretum
552 2934 656 3000 virum
673 2933 864 3018 Magistrum
881 2933 1076 3019 Gregorium
1093 2932 1219 3001 socium
1236 2935 1268 2996 et

142 3039 393 3109 concanonicum
410 3061 523 3111 eorum
537 3041 699 3111 hominem
716 3043 859 3128 ipsorum
877 3041 921 3109 ad
936 3039 1187 3111 coambulandss
1204 3057 1270 3106 mc·

143 3155 193 3218 tas
217 3149 439 3237 possessionis
463 3149 576 3216 Almas
608 3155 723 3217 vocate
754 3148 789 3215 in
820 3149 983 3217 Comitatu
1014 3145 1271 3216 Comaromicnsi

145 3259 315 3327 existentis
331 3258 585 3344 transmisisset;
609 3258 741 3325 tandem
758 3254 857 3343 ijdem
882 3256 925 3324 ad
950 3257 1057 3343 ipsum
1084 3253 1271 3342 capitulum

143 3365 267 3434 reuersi
283 3365 345 3434 stb.
362 3365 566 3452 reenlissent,
582 3364 755 3448 quodcum
787 3361 851 3452 ip'si
881 3363 965 3432 feria
996 3371 1089 3432 sexta
1120 3365 1271 3451 proxima

144 3482 219 3560 post
234 3474 353 3542 testum
370 3475 461 3542 Beati
477 3473 642 3541 Dominici
657 3473 851 3542 confessoris
867 3473 1012 3561 proxime
1043 3480 1120 3540 tunc
1150 3479 1273 3560 preter·

145 3586 201 3672 ito,
216 3591 368 3673 presente
382 3583 539 3670 Magistro
553 3584 730 3652 Francisco
746 3583 883 3671 physico
894 3591 926 3651 et
937 3589 1147 3670 procuratore
1155 3581 1274 3666 Regali

148 3695 182 3764 in
213 3697 334 3764 sociem
366 3694 583 3783 possessionis
600 3693 713 3760 Almas
731 3695 794 3761 stb.
813 3693 1038 3780 accessissent,
1062 3691 1164 3760 trater
1189 3691 1272 3758 Pau·

149 3807 198 3875 lus
215 3813 404 3893 procurator
419 3805 540 3873 domini
556 3803 695 3872 Abbatis
712 3803 849 3890 predicti
867 3804 914 3872 eis
925 3801 1088 3888 quoddam
1100 3802 1275 3885 registrum

150 3921 381 4000 presentssset,
398 3933 462 4000 quo
478 3913 609 3997 quidem
626 3910 764 3997 registro
781 3913 850 3979 viso
867 3912 932 3998 ipsi
947 3913 1041 3978 iuxta
1058 3909 1174 3977 seriem
1193 3907 1275 3974 eius·

151 4021 224 4092 dem
242 4021 382 4110 registri,
400 4029 432 4089 et
447 4021 666 4090 ostensionem
692 4021 803 4089 fratris
829 4019 924 4089 Pauli
955 4017 1068 4086 taliter
1098 4014 1276 4102 processis·

151 4138 224 4200 sent
241 4157 248 4198 :
265 4130 352 4216 quod
368 4130 472 4215 primo
489 4131 581 4196 iuxta
597 4128 795 4216 Danubium,
812 4147 877 4195 non
903 4126 1000 4212 longe
1024 4146 1045 4193 a
1076 4124 1140 4192 line
1170 4122 1278 4190 insule

153 4243 291 4326 quatuor
306 4247 411 4308 metas
428 4239 626 4334 reperissent
641 4237 703 4306 stb.
720 4237 880 4324 premissa
897 4236 1006 4303 omnia
1032 4233 1128 4300 metis
1159 4251 1278 4298 memo-

12 4425 13 4430 ,
152 4351 232 4419 ratis
247 4349 385 4432 inclusa,
401 4356 511 4434 preter
527 4345 690 4434 quandam
708 4353 794 4414 terre
819 4344 1012 4430 particulam
1045 4362 1103 4429 per
1133 4341 1278 4410 llarcum

153 4458 325 4528 officialem
363 4455 558 4527 Hanchouis
588 4455 761 4524 inhibitam
795 4474 866 4522 cnm
899 4452 1103 4522 dimidietate
1132 4446 1277 4533 Danubij

154 4588 255 4656 reque
271 4567 448 4638 Zichwatw
472 4567 560 4636 nullo
592 4563 831 4634 contradictore
862 4570 1045 4650 apparente
1076 4558 1280 4629 annectendo

156 4676 347 4747 statuissent
362 4685 394 4746 et
410 4676 622 4764 reliquissent
637 4674 836 4762 possessioni
868 4671 980 4741 Almas
1010 4674 1201 4759 prenotate;
1224 4667 1280 4752 qui
