<?xml version="1.0" encoding="UTF-8"?>
<!DOCTYPE html PUBLIC "-//W3C//DTD XHTML 1.0 Transitional//EN"
    "http://www.w3.org/TR/xhtml1/DTD/xhtml1-transitional.dtd">
<html xmlns="http://www.w3.org/1999/xhtml" xml:lang="en" lang="en">
 <head>
  <title>
</title>
<meta http-equiv="Content-Type" content="text/html;charset=utf-8" />
  <meta name='ocr-system' content='tesseract 3.04.00' />
  <meta name='ocr-capabilities' content='ocr_page ocr_carea ocr_par ocr_line ocrx_word'/>
</head>
<body>
  <div class='ocr_page' id='page_1' title='image "./codexdiplomatic10wenzgoog_0274.png"; bbox 0 0 3098 5132; ppageno 0'>
   <div class='ocr_carea' id='block_1_1' title="bbox 585 218 749 323">
    <p class='ocr_par' dir='ltr' id='par_1_1' title="bbox 585 218 749 323">
     <span class='ocr_line' id='line_1_1' title="bbox 585 218 749 323; baseline 0 -35"><span class='ocrx_word' id='word_1_1' title='bbox 585 218 749 323; x_wconf 54' lang='lat' dir='ltr'>jes-</span> 
     </span>
    </p>
   </div>
   <div class='ocr_carea' id='block_1_2' title="bbox 24 415 1327 4620">
    <p class='ocr_par' dir='ltr' id='par_1_2' title="bbox 24 415 1327 4620">
     <span class='ocr_line' id='line_1_2' title="bbox 118 415 1234 506; baseline -0.003 -19"><span class='ocrx_word' id='word_1_2' title='bbox 118 420 225 506; x_wconf 86' lang='lat' dir='ltr'>lcenn,</span> <span class='ocrx_word' id='word_1_3' title='bbox 248 417 304 485; x_wconf 91' lang='lat' dir='ltr'>ubi</span> <span class='ocrx_word' id='word_1_4' title='bbox 320 435 406 504; x_wconf 88' lang='lat' dir='ltr'>pons</span> <span class='ocrx_word' id='word_1_5' title='bbox 424 425 474 485; x_wconf 86' lang='lat' dir='ltr'>est</span> <span class='ocrx_word' id='word_1_6' title='bbox 489 424 521 484; x_wconf 92' lang='lat' dir='ltr'>st</span> <span class='ocrx_word' id='word_1_7' title='bbox 536 415 590 484; x_wconf 79' lang='lat' dir='ltr'>via</span> <span class='ocrx_word' id='word_1_8' title='bbox 605 417 693 484; x_wconf 90' lang='lat' dir='ltr'>silue</span> <span class='ocrx_word' id='word_1_9' title='bbox 708 416 826 502; x_wconf 82' lang='lat' dir='ltr'>Zylag,</span> <span class='ocrx_word' id='word_1_10' title='bbox 858 421 892 482; x_wconf 87' lang='lat' dir='ltr'>et</span> <span class='ocrx_word' id='word_1_11' title='bbox 906 415 941 481; x_wconf 94' lang='lat' dir='ltr'>iu</span> <span class='ocrx_word' id='word_1_12' title='bbox 956 415 1070 484; x_wconf 63' lang='lat' dir='ltr'>mern</span> <span class='ocrx_word' id='word_1_13' title='bbox 1086 418 1144 483; x_wconf 79' lang='lat' dir='ltr'>via</span> <span class='ocrx_word' id='word_1_14' title='bbox 1162 439 1234 487; x_wconf 81' lang='lat' dir='ltr'>ver·</span> 
     </span>
     <span class='ocr_line' id='line_1_3' title="bbox 112 521 1231 612; baseline -0.004 -16"><span class='ocrx_word' id='word_1_15' title='bbox 112 547 166 596; x_wconf 87' lang='lat' dir='ltr'>sus</span> <span class='ocrx_word' id='word_1_16' title='bbox 179 547 294 612; x_wconf 85' lang='lat' dir='ltr'>aquam</span> <span class='ocrx_word' id='word_1_17' title='bbox 310 527 424 612; x_wconf 86' lang='lat' dir='ltr'>Lepus</span> <span class='ocrx_word' id='word_1_18' title='bbox 440 545 461 592; x_wconf 89' lang='lat' dir='ltr'>a</span> <span class='ocrx_word' id='word_1_19' title='bbox 476 531 571 612; x_wconf 87' lang='lat' dir='ltr'>parte</span> <span class='ocrx_word' id='word_1_20' title='bbox 594 524 746 591; x_wconf 70' lang='lat' dir='ltr'><strong>orientali</strong></span> <span class='ocrx_word' id='word_1_21' title='bbox 771 521 987 611; x_wconf 81' lang='lat' dir='ltr'>progreditur,</span> <span class='ocrx_word' id='word_1_22' title='bbox 1021 532 1054 592; x_wconf 87' lang='lat' dir='ltr'>et</span> <span class='ocrx_word' id='word_1_23' title='bbox 1083 525 1231 592; x_wconf 86' lang='lat' dir='ltr'>ascendit</span> 
     </span>
     <span class='ocr_line' id='line_1_4' title="bbox 114 630 1230 724; baseline -0.004 -20"><span class='ocrx_word' id='word_1_24' title='bbox 114 654 277 724; x_wconf 83' lang='lat' dir='ltr'>parumper</span> <span class='ocrx_word' id='word_1_25' title='bbox 292 654 353 721; x_wconf 90' lang='lat' dir='ltr'>per</span> <span class='ocrx_word' id='word_1_26' title='bbox 368 631 477 720; x_wconf 88' lang='lat' dir='ltr'>berch,</span> <span class='ocrx_word' id='word_1_27' title='bbox 494 639 527 701; x_wconf 87' lang='lat' dir='ltr'>st</span> <span class='ocrx_word' id='word_1_28' title='bbox 541 630 635 702; x_wconf 80' lang='lat' dir='ltr'>vadit</span> <span class='ocrx_word' id='word_1_29' title='bbox 648 632 692 700; x_wconf 89' lang='lat' dir='ltr'>ad</span> <span class='ocrx_word' id='word_1_30' title='bbox 716 637 858 699; x_wconf 89' lang='lat' dir='ltr'>montem</span> <span class='ocrx_word' id='word_1_31' title='bbox 884 631 1015 699; x_wconf 88' lang='lat' dir='ltr'>nomine</span> <span class='ocrx_word' id='word_1_32' title='bbox 1044 631 1230 723; x_wconf 84' lang='lat' dir='ltr'>Kekeluga‚</span> 
     </span>
     <span class='ocr_line' id='line_1_5' title="bbox 114 738 1231 830; baseline -0.003 -20"><span class='ocrx_word' id='word_1_33' title='bbox 114 763 171 830; x_wconf 86' lang='lat' dir='ltr'>qus</span> <span class='ocrx_word' id='word_1_34' title='bbox 184 751 229 812; x_wconf 87' lang='lat' dir='ltr'>est</span> <span class='ocrx_word' id='word_1_35' title='bbox 243 743 278 810; x_wconf 83' lang='lat' dir='ltr'>in</span> <span class='ocrx_word' id='word_1_36' title='bbox 293 742 411 811; x_wconf 58' lang='lat' dir='ltr'>Mem</span> <span class='ocrx_word' id='word_1_37' title='bbox 426 740 494 828; x_wconf 82' lang='lat' dir='ltr'>via,</span> <span class='ocrx_word' id='word_1_38' title='bbox 510 739 775 825; x_wconf 75' lang='lat' dir='ltr'>descendensque</span> <span class='ocrx_word' id='word_1_39' title='bbox 790 738 834 806; x_wconf 82' lang='lat' dir='ltr'>ad</span> <span class='ocrx_word' id='word_1_40' title='bbox 865 745 966 824; x_wconf 86' lang='lat' dir='ltr'>eaput</span> <span class='ocrx_word' id='word_1_41' title='bbox 995 739 1145 824; x_wconf 75' lang='lat' dir='ltr'>Ereusag</span> <span class='ocrx_word' id='word_1_42' title='bbox 1174 759 1231 807; x_wconf 90' lang='lat' dir='ltr'>no·</span> 
     </span>
     <span class='ocr_line' id='line_1_6' title="bbox 113 845 1232 938; baseline -0.004 -20"><span class='ocrx_word' id='word_1_43' title='bbox 113 851 200 938; x_wconf 89' lang='lat' dir='ltr'>mine,</span> <span class='ocrx_word' id='word_1_44' title='bbox 214 849 308 917; x_wconf 83' lang='lat' dir='ltr'>vadit</span> <span class='ocrx_word' id='word_1_45' title='bbox 323 848 368 916; x_wconf 84' lang='lat' dir='ltr'>sd</span> <span class='ocrx_word' id='word_1_46' title='bbox 383 867 498 918; x_wconf 91' lang='lat' dir='ltr'>nemus</span> <span class='ocrx_word' id='word_1_47' title='bbox 513 845 625 935; x_wconf 82' lang='lat' dir='ltr'>Lepus</span> <span class='ocrx_word' id='word_1_48' title='bbox 641 847 756 916; x_wconf 77' lang='lat' dir='ltr'><strong>subtus</strong></span> <span class='ocrx_word' id='word_1_49' title='bbox 772 865 923 934; x_wconf 87' lang='lat' dir='ltr'>campum</span> <span class='ocrx_word' id='word_1_50' title='bbox 940 845 1184 934; x_wconf 64' lang='lat' dir='ltr'>Gukynmszsu</span> <span class='ocrx_word' id='word_1_51' title='bbox 1199 853 1232 916; x_wconf 87' lang='lat' dir='ltr'>et</span> 
     </span>
     <span class='ocr_line' id='line_1_7' title="bbox 115 952 1230 1047; baseline 0 -21"><span class='ocrx_word' id='word_1_52' title='bbox 115 957 236 1047; x_wconf 70' lang='lat' dir='ltr'>asperto</span> <span class='ocrx_word' id='word_1_53' title='bbox 250 955 399 1025; x_wconf 76' lang='lat' dir='ltr'>infcriori</span> <span class='ocrx_word' id='word_1_54' title='bbox 414 955 503 1024; x_wconf 80' lang='lat' dir='ltr'>cedit</span> <span class='ocrx_word' id='word_1_55' title='bbox 518 953 554 1022; x_wconf 94' lang='lat' dir='ltr'>in</span> <span class='ocrx_word' id='word_1_56' title='bbox 569 974 689 1040; x_wconf 86' lang='lat' dir='ltr'>aquam</span> <span class='ocrx_word' id='word_1_57' title='bbox 719 953 841 1041; x_wconf 81' lang='lat' dir='ltr'>Lepus,</span> <span class='ocrx_word' id='word_1_58' title='bbox 873 952 1139 1040; x_wconf 71' lang='lat' dir='ltr'>descendensque</span> <span class='ocrx_word' id='word_1_59' title='bbox 1170 975 1230 1043; x_wconf 86' lang='lat' dir='ltr'>per</span> 
     </span>
     <span class='ocr_line' id='line_1_8' title="bbox 113 1051 1327 1150; baseline -0.001 -17"><span class='ocrx_word' id='word_1_60' title='bbox 113 1067 240 1133; x_wconf 85' lang='lat' dir='ltr'>eandem</span> <span class='ocrx_word' id='word_1_61' title='bbox 254 1083 377 1150; x_wconf 89' lang='lat' dir='ltr'>aquam</span> <span class='ocrx_word' id='word_1_62' title='bbox 393 1081 499 1148; x_wconf 79' lang='lat' dir='ltr'>usque</span> <span class='ocrx_word' id='word_1_63' title='bbox 514 1063 629 1148; x_wconf 90' lang='lat' dir='ltr'>locum,</span> <span class='ocrx_word' id='word_1_64' title='bbox 659 1061 716 1130; x_wconf 88' lang='lat' dir='ltr'>ubi</span> <span class='ocrx_word' id='word_1_65' title='bbox 732 1073 782 1130; x_wconf 85' lang='lat' dir='ltr'>est</span> <span class='ocrx_word' id='word_1_66' title='bbox 812 1063 903 1130; x_wconf 89' lang='lat' dir='ltr'>locus</span> <span class='ocrx_word' id='word_1_67' title='bbox 934 1057 1047 1131; x_wconf 87' lang='lat' dir='ltr'>domus</span> <span class='ocrx_word' id='word_1_68' title='bbox 1076 1071 1109 1130; x_wconf 87' lang='lat' dir='ltr'>et</span> <span class='ocrx_word' id='word_1_69' title='bbox 1140 1063 1230 1133; x_wconf 81' lang='lat' dir='ltr'>fossa</span> <span class='ocrx_word' id='word_1_70' title='bbox 1324 1051 1327 1056; x_wconf 64' lang='grc'>’</span> 
     </span>
     <span class='ocr_line' id='line_1_9' title="bbox 110 1167 1230 1258; baseline 0.002 -18"><span class='ocrx_word' id='word_1_71' title='bbox 110 1173 211 1258; x_wconf 85' lang='lat' dir='ltr'>magni</span> <span class='ocrx_word' id='word_1_72' title='bbox 226 1171 380 1255; x_wconf 81' lang='lat' dir='ltr'>Andree;</span> <span class='ocrx_word' id='word_1_73' title='bbox 404 1171 499 1238; x_wconf 88' lang='lat' dir='ltr'>stibi</span> <span class='ocrx_word' id='word_1_74' title='bbox 516 1169 678 1238; x_wconf 87' lang='lat' dir='ltr'>transiens</span> <span class='ocrx_word' id='word_1_75' title='bbox 694 1167 799 1238; x_wconf 87' lang='lat' dir='ltr'>tendit</span> <span class='ocrx_word' id='word_1_76' title='bbox 823 1167 867 1237; x_wconf 84' lang='lat' dir='ltr'>sd</span> <span class='ocrx_word' id='word_1_77' title='bbox 899 1169 1078 1256; x_wconf 88' lang='lat' dir='ltr'>predictam</span> <span class='ocrx_word' id='word_1_78' title='bbox 1111 1173 1230 1242; x_wconf 86' lang='lat' dir='ltr'>siluam</span> 
     </span>
     <span class='ocr_line' id='line_1_10' title="bbox 110 1275 1230 1370; baseline 0 -22"><span class='ocrx_word' id='word_1_79' title='bbox 110 1280 254 1370; x_wconf 79' lang='lat' dir='ltr'>Ileykus3</span> <span class='ocrx_word' id='word_1_80' title='bbox 271 1277 349 1346; x_wconf 89' lang='lat' dir='ltr'>hinc</span> <span class='ocrx_word' id='word_1_81' title='bbox 365 1275 569 1365; x_wconf 86' lang='lat' dir='ltr'>procedendo</span> <span class='ocrx_word' id='word_1_82' title='bbox 584 1297 760 1364; x_wconf 82' lang='lat' dir='ltr'>parumper</span> <span class='ocrx_word' id='word_1_83' title='bbox 775 1297 877 1364; x_wconf 87' lang='lat' dir='ltr'>supra</span> <span class='ocrx_word' id='word_1_84' title='bbox 888 1277 1056 1345; x_wconf 83' lang='lat' dir='ltr'>deseendit</span> <span class='ocrx_word' id='word_1_85' title='bbox 1065 1280 1099 1346; x_wconf 93' lang='lat' dir='ltr'>in</span> <span class='ocrx_word' id='word_1_86' title='bbox 1109 1298 1230 1366; x_wconf 85' lang='lat' dir='ltr'>aquam</span> 
     </span>
     <span class='ocr_line' id='line_1_11' title="bbox 112 1384 1230 1476; baseline 0.003 -20"><span class='ocrx_word' id='word_1_87' title='bbox 112 1409 168 1475; x_wconf 90' lang='lat' dir='ltr'>que</span> <span class='ocrx_word' id='word_1_88' title='bbox 181 1384 582 1476; x_wconf 82' lang='lat' dir='ltr'>diciturKeykuspotolra,</span> <span class='ocrx_word' id='word_1_89' title='bbox 616 1405 719 1471; x_wconf 85' lang='lat' dir='ltr'>aqua</span> <span class='ocrx_word' id='word_1_90' title='bbox 743 1385 828 1455; x_wconf 89' lang='lat' dir='ltr'>silua</span> <span class='ocrx_word' id='word_1_91' title='bbox 859 1385 996 1472; x_wconf 80' lang='lat' dir='ltr'>Keykus</span> <span class='ocrx_word' id='word_1_92' title='bbox 1027 1407 1148 1456; x_wconf 91' lang='lat' dir='ltr'>nomen</span> <span class='ocrx_word' id='word_1_93' title='bbox 1180 1397 1230 1459; x_wconf 89' lang='lat' dir='ltr'>est</span> 
     </span>
     <span class='ocr_line' id='line_1_12' title="bbox 110 1491 1228 1584; baseline 0 -20"><span class='ocrx_word' id='word_1_94' title='bbox 110 1497 234 1583; x_wconf 82' lang='lat' dir='ltr'>sortita3</span> <span class='ocrx_word' id='word_1_95' title='bbox 258 1495 335 1562; x_wconf 87' lang='lat' dir='ltr'>hinc</span> <span class='ocrx_word' id='word_1_96' title='bbox 348 1494 496 1584; x_wconf 89' lang='lat' dir='ltr'>procedit</span> <span class='ocrx_word' id='word_1_97' title='bbox 510 1492 660 1579; x_wconf 88' lang='lat' dir='ltr'>superius</span> <span class='ocrx_word' id='word_1_98' title='bbox 676 1512 735 1580; x_wconf 87' lang='lat' dir='ltr'>per</span> <span class='ocrx_word' id='word_1_99' title='bbox 760 1491 898 1560; x_wconf 78' lang='lat' dir='ltr'>eandem</span> <span class='ocrx_word' id='word_1_100' title='bbox 928 1512 1049 1578; x_wconf 86' lang='lat' dir='ltr'>aquam</span> <span class='ocrx_word' id='word_1_101' title='bbox 1080 1494 1228 1584; x_wconf 85' lang='lat' dir='ltr'>Keykus,</span> 
     </span>
     <span class='ocr_line' id='line_1_13' title="bbox 110 1599 1230 1692; baseline 0.004 -22"><span class='ocrx_word' id='word_1_102' title='bbox 110 1603 193 1672; x_wconf 83' lang='lat' dir='ltr'>vadit</span> <span class='ocrx_word' id='word_1_103' title='bbox 215 1602 260 1671; x_wconf 83' lang='lat' dir='ltr'>ad</span> <span class='ocrx_word' id='word_1_104' title='bbox 287 1611 387 1690; x_wconf 82' lang='lat' dir='ltr'>ceput</span> <span class='ocrx_word' id='word_1_105' title='bbox 418 1601 575 1690; x_wconf 89' lang='lat' dir='ltr'>eiusdem,</span> <span class='ocrx_word' id='word_1_106' title='bbox 605 1599 855 1688; x_wconf 86' lang='lat' dir='ltr'>procedensque</span> <span class='ocrx_word' id='word_1_107' title='bbox 885 1600 929 1668; x_wconf 85' lang='lat' dir='ltr'>cd</span> <span class='ocrx_word' id='word_1_108' title='bbox 961 1609 1113 1692; x_wconf 88' lang='lat' dir='ltr'>montem,</span> <span class='ocrx_word' id='word_1_109' title='bbox 1144 1606 1230 1676; x_wconf 85' lang='lat' dir='ltr'>vnde</span> 
     </span>
     <span class='ocr_line' id='line_1_14' title="bbox 110 1705 1230 1797; baseline 0.004 -18"><span class='ocrx_word' id='word_1_110' title='bbox 110 1711 215 1780; x_wconf 67' lang='lat' dir='ltr'>adem</span> <span class='ocrx_word' id='word_1_111' title='bbox 230 1730 319 1796; x_wconf 85' lang='lat' dir='ltr'>aqua</span> <span class='ocrx_word' id='word_1_112' title='bbox 334 1709 447 1796; x_wconf 88' lang='lat' dir='ltr'>oritur,</span> <span class='ocrx_word' id='word_1_113' title='bbox 464 1706 555 1777; x_wconf 86' lang='lat' dir='ltr'>vadit</span> <span class='ocrx_word' id='word_1_114' title='bbox 570 1727 629 1796; x_wconf 91' lang='lat' dir='ltr'>per</span> <span class='ocrx_word' id='word_1_115' title='bbox 645 1705 746 1776; x_wconf 86' lang='lat' dir='ltr'>berch</span> <span class='ocrx_word' id='word_1_116' title='bbox 763 1706 942 1794; x_wconf 88' lang='lat' dir='ltr'>circuitqus</span> <span class='ocrx_word' id='word_1_117' title='bbox 967 1717 1067 1797; x_wconf 89' lang='lat' dir='ltr'>caput</span> <span class='ocrx_word' id='word_1_118' title='bbox 1097 1711 1230 1783; x_wconf 86' lang='lat' dir='ltr'>minoris</span> 
     </span>
     <span class='ocr_line' id='line_1_15' title="bbox 109 1813 1230 1910; baseline 0.003 -23"><span class='ocrx_word' id='word_1_119' title='bbox 109 1821 214 1910; x_wconf 83' lang='lat' dir='ltr'>Zonor,</span> <span class='ocrx_word' id='word_1_120' title='bbox 228 1819 341 1904; x_wconf 87' lang='lat' dir='ltr'>ibique</span> <span class='ocrx_word' id='word_1_121' title='bbox 355 1816 552 1901; x_wconf 70' lang='lat' dir='ltr'>didungitur</span> <span class='ocrx_word' id='word_1_122' title='bbox 567 1815 608 1885; x_wconf 92' lang='lat' dir='ltr'>de</span> <span class='ocrx_word' id='word_1_123' title='bbox 623 1817 708 1884; x_wconf 86' lang='lat' dir='ltr'>silua</span> <span class='ocrx_word' id='word_1_124' title='bbox 734 1813 851 1903; x_wconf 83' lang='lat' dir='ltr'>Zylag,</span> <span class='ocrx_word' id='word_1_125' title='bbox 877 1816 1104 1904; x_wconf 76' lang='lat' dir='ltr'>incipiensque</span> <span class='ocrx_word' id='word_1_126' title='bbox 1120 1828 1230 1890; x_wconf 88' lang='lat' dir='ltr'>tenere</span> 
     </span>
     <span class='ocr_line' id='line_1_16' title="bbox 109 1921 1229 2014; baseline 0.004 -20"><span class='ocrx_word' id='word_1_127' title='bbox 109 1941 307 1996; x_wconf 74' lang='lat' dir='ltr'>nemincum</span> <span class='ocrx_word' id='word_1_128' title='bbox 325 1927 428 2012; x_wconf 85' lang='lat' dir='ltr'>Rege,</span> <span class='ocrx_word' id='word_1_129' title='bbox 445 1946 466 1992; x_wconf 86' lang='lat' dir='ltr'>a</span> <span class='ocrx_word' id='word_1_130' title='bbox 482 1924 592 2012; x_wconf 89' lang='lat' dir='ltr'>capite</span> <span class='ocrx_word' id='word_1_131' title='bbox 607 1941 693 2006; x_wconf 89' lang='lat' dir='ltr'>aque</span> <span class='ocrx_word' id='word_1_132' title='bbox 710 1922 842 1991; x_wconf 89' lang='lat' dir='ltr'>nomine</span> <span class='ocrx_word' id='word_1_133' title='bbox 858 1921 957 2011; x_wconf 79' lang='lat' dir='ltr'>Gonu,</span> <span class='ocrx_word' id='word_1_134' title='bbox 982 1925 1059 1992; x_wconf 89' lang='lat' dir='ltr'>hinc</span> <span class='ocrx_word' id='word_1_135' title='bbox 1083 1930 1229 2014; x_wconf 75' lang='lat' dir='ltr'>propedit</span> 
     </span>
     <span class='ocr_line' id='line_1_17' title="bbox 108 2028 1230 2123; baseline 0.004 -21"><span class='ocrx_word' id='word_1_136' title='bbox 108 2035 147 2102; x_wconf 87' lang='lat' dir='ltr'>ad</span> <span class='ocrx_word' id='word_1_137' title='bbox 162 2037 265 2104; x_wconf 88' lang='lat' dir='ltr'>locum</span> <span class='ocrx_word' id='word_1_138' title='bbox 281 2033 514 2120; x_wconf 75' lang='lat' dir='ltr'>supradictum,</span> <span class='ocrx_word' id='word_1_139' title='bbox 532 2031 587 2117; x_wconf 91' lang='lat' dir='ltr'>qui</span> <span class='ocrx_word' id='word_1_140' title='bbox 604 2028 723 2099; x_wconf 85' lang='lat' dir='ltr'>dicitur</span> <span class='ocrx_word' id='word_1_141' title='bbox 738 2030 981 2118; x_wconf 88' lang='lat' dir='ltr'>Butunbouosa,</span> <span class='ocrx_word' id='word_1_142' title='bbox 1001 2034 1106 2118; x_wconf 91' lang='lat' dir='ltr'>quiin</span> <span class='ocrx_word' id='word_1_143' title='bbox 1123 2038 1230 2123; x_wconf 89' lang='lat' dir='ltr'>capite</span> 
     </span>
     <span class='ocr_line' id='line_1_18' title="bbox 109 2137 1230 2228; baseline 0.004 -18"><span class='ocrx_word' id='word_1_144' title='bbox 109 2145 281 2212; x_wconf 87' lang='lat' dir='ltr'>llaramors</span> <span class='ocrx_word' id='word_1_145' title='bbox 298 2149 331 2209; x_wconf 91' lang='lat' dir='ltr'>et</span> <span class='ocrx_word' id='word_1_146' title='bbox 348 2140 437 2209; x_wconf 81' lang='lat' dir='ltr'>Coun</span> <span class='ocrx_word' id='word_1_147' title='bbox 451 2139 576 2228; x_wconf 80' lang='lat' dir='ltr'>existit,</span> <span class='ocrx_word' id='word_1_148' title='bbox 592 2139 678 2207; x_wconf 84' lang='lat' dir='ltr'>vnde</span> <span class='ocrx_word' id='word_1_149' title='bbox 693 2145 782 2207; x_wconf 89' lang='lat' dir='ltr'>meta</span> <span class='ocrx_word' id='word_1_150' title='bbox 797 2137 942 2224; x_wconf 77' lang='lat' dir='ltr'>predicte</span> <span class='ocrx_word' id='word_1_151' title='bbox 973 2139 1059 2210; x_wconf 88' lang='lat' dir='ltr'>silue</span> <span class='ocrx_word' id='word_1_152' title='bbox 1089 2141 1150 2211; x_wconf 83' lang='lat' dir='ltr'>luit</span> <span class='ocrx_word' id='word_1_153' title='bbox 1182 2147 1230 2214; x_wconf 91' lang='lat' dir='ltr'>in·</span> 
     </span>
     <span class='ocr_line' id='line_1_19' title="bbox 109 2246 1230 2336; baseline 0.003 -18"><span class='ocrx_word' id='word_1_154' title='bbox 109 2251 238 2336; x_wconf 79' lang='lat' dir='ltr'>ohoats3</span> <span class='ocrx_word' id='word_1_155' title='bbox 263 2249 321 2335; x_wconf 90' lang='lat' dir='ltr'>qui</span> <span class='ocrx_word' id='word_1_156' title='bbox 335 2248 427 2316; x_wconf 88' lang='lat' dir='ltr'>locus</span> <span class='ocrx_word' id='word_1_157' title='bbox 442 2252 574 2333; x_wconf 84' lang='lat' dir='ltr'>separat</span> <span class='ocrx_word' id='word_1_158' title='bbox 589 2246 633 2315; x_wconf 85' lang='lat' dir='ltr'>ad</span> <span class='ocrx_word' id='word_1_159' title='bbox 649 2247 783 2334; x_wconf 83' lang='lat' dir='ltr'>plagam</span> <span class='ocrx_word' id='word_1_160' title='bbox 799 2247 991 2314; x_wconf 84' lang='lat' dir='ltr'>orientalem</span> <span class='ocrx_word' id='word_1_161' title='bbox 1018 2247 1139 2318; x_wconf 86' lang='lat' dir='ltr'>siluam</span> <span class='ocrx_word' id='word_1_162' title='bbox 1169 2253 1230 2321; x_wconf 87' lang='lat' dir='ltr'>Re·</span> 
     </span>
     <span class='ocr_line' id='line_1_20' title="bbox 110 2355 1230 2448; baseline 0.001 -18"><span class='ocrx_word' id='word_1_163' title='bbox 110 2361 164 2448; x_wconf 83' lang='lat' dir='ltr'>gis,</span> <span class='ocrx_word' id='word_1_164' title='bbox 178 2356 222 2430; x_wconf 84' lang='lat' dir='ltr'>ad</span> <span class='ocrx_word' id='word_1_165' title='bbox 236 2365 364 2444; x_wconf 88' lang='lat' dir='ltr'>partem</span> <span class='ocrx_word' id='word_1_166' title='bbox 379 2379 460 2428; x_wconf 81' lang='lat' dir='ltr'>vero</span> <span class='ocrx_word' id='word_1_167' title='bbox 477 2357 713 2426; x_wconf 87' lang='lat' dir='ltr'>occidentalem</span> <span class='ocrx_word' id='word_1_168' title='bbox 729 2355 847 2424; x_wconf 90' lang='lat' dir='ltr'>siluam</span> <span class='ocrx_word' id='word_1_169' title='bbox 873 2355 1093 2442; x_wconf 87' lang='lat' dir='ltr'>predictorum</span> <span class='ocrx_word' id='word_1_170' title='bbox 1124 2359 1230 2430; x_wconf 80' lang='lat' dir='ltr'>(iomi-</span> 
     </span>
     <span class='ocr_line' id='line_1_21' title="bbox 110 2463 1228 2556; baseline 0.005 -22"><span class='ocrx_word' id='word_1_171' title='bbox 110 2475 171 2534; x_wconf 89' lang='lat' dir='ltr'>tum</span> <span class='ocrx_word' id='word_1_172' title='bbox 199 2467 306 2534; x_wconf 86' lang='lat' dir='ltr'>Sabus</span> <span class='ocrx_word' id='word_1_173' title='bbox 338 2471 371 2534; x_wconf 89' lang='lat' dir='ltr'>et</span> <span class='ocrx_word' id='word_1_174' title='bbox 393 2465 584 2552; x_wconf 84' lang='lat' dir='ltr'>Alexandri,</span> <span class='ocrx_word' id='word_1_175' title='bbox 601 2465 696 2534; x_wconf 89' lang='lat' dir='ltr'>etsie</span> <span class='ocrx_word' id='word_1_176' title='bbox 712 2465 913 2537; x_wconf 89' lang='lat' dir='ltr'>terminatur.</span> <span class='ocrx_word' id='word_1_177' title='bbox 952 2463 1106 2537; x_wconf 86' lang='lat' dir='ltr'>Prctcrea</span> <span class='ocrx_word' id='word_1_178' title='bbox 1131 2490 1228 2556; x_wconf 89' lang='lat' dir='ltr'>quas-</span> 
     </span>
     <span class='ocr_line' id='line_1_22' title="bbox 109 2571 1232 2663; baseline 0.006 -21"><span class='ocrx_word' id='word_1_179' title='bbox 109 2576 177 2643; x_wconf 87' lang='lat' dir='ltr'>dam</span> <span class='ocrx_word' id='word_1_180' title='bbox 192 2582 296 2642; x_wconf 87' lang='lat' dir='ltr'>terras</span> <span class='ocrx_word' id='word_1_181' title='bbox 312 2573 488 2640; x_wconf 80' lang='lat' dir='ltr'>Alexandri</span> <span class='ocrx_word' id='word_1_182' title='bbox 516 2571 649 2640; x_wconf 82' lang='lat' dir='ltr'>Comitis</span> <span class='ocrx_word' id='word_1_183' title='bbox 682 2595 702 2641; x_wconf 87' lang='lat' dir='ltr'>a</span> <span class='ocrx_word' id='word_1_184' title='bbox 732 2573 827 2640; x_wconf 91' lang='lat' dir='ltr'>nobis</span> <span class='ocrx_word' id='word_1_185' title='bbox 860 2571 985 2640; x_wconf 91' lang='lat' dir='ltr'>dudum</span> <span class='ocrx_word' id='word_1_186' title='bbox 1016 2576 1166 2663; x_wconf 88' lang='lat' dir='ltr'>collatas,</span> <span class='ocrx_word' id='word_1_187' title='bbox 1198 2587 1232 2648; x_wconf 89' lang='lat' dir='ltr'>et</span> 
     </span>
     <span class='ocr_line' id='line_1_23' title="bbox 106 2679 1227 2774; baseline 0.006 -24"><span class='ocrx_word' id='word_1_188' title='bbox 106 2679 260 2767; x_wconf 83' lang='lat' dir='ltr'>quasdem</span> <span class='ocrx_word' id='word_1_189' title='bbox 276 2679 457 2767; x_wconf 85' lang='lat' dir='ltr'>empciouis</span> <span class='ocrx_word' id='word_1_190' title='bbox 474 2681 571 2748; x_wconf 93' lang='lat' dir='ltr'>titulo</span> <span class='ocrx_word' id='word_1_191' title='bbox 587 2701 757 2769; x_wconf 88' lang='lat' dir='ltr'>possessas</span> <span class='ocrx_word' id='word_1_192' title='bbox 773 2682 808 2748; x_wconf 94' lang='lat' dir='ltr'>in</span> <span class='ocrx_word' id='word_1_193' title='bbox 833 2679 1034 2752; x_wconf 88' lang='lat' dir='ltr'>discussione</span> <span class='ocrx_word' id='word_1_194' title='bbox 1065 2691 1227 2774; x_wconf 87' lang='lat' dir='ltr'>perpetui·</span> 
     </span>
     <span class='ocr_line' id='line_1_24' title="bbox 110 2788 1230 2877; baseline 0.008 -20"><span class='ocrx_word' id='word_1_195' title='bbox 110 2793 178 2857; x_wconf 87' lang='lat' dir='ltr'>tatis</span> <span class='ocrx_word' id='word_1_196' title='bbox 191 2811 249 2877; x_wconf 89' lang='lat' dir='ltr'>per</span> <span class='ocrx_word' id='word_1_197' title='bbox 264 2788 519 2874; x_wconf 89' lang='lat' dir='ltr'>primogenitum</span> <span class='ocrx_word' id='word_1_198' title='bbox 535 2795 680 2857; x_wconf 90' lang='lat' dir='ltr'>nostrum</span> <span class='ocrx_word' id='word_1_199' title='bbox 696 2789 810 2857; x_wconf 91' lang='lat' dir='ltr'>Belam</span> <span class='ocrx_word' id='word_1_200' title='bbox 825 2791 950 2875; x_wconf 84' lang='lat' dir='ltr'>Regem</span> <span class='ocrx_word' id='word_1_201' title='bbox 965 2791 1095 2860; x_wconf 85' lang='lat' dir='ltr'>ablatas</span> <span class='ocrx_word' id='word_1_202' title='bbox 1110 2795 1230 2866; x_wconf 90' lang='lat' dir='ltr'>iutuitu</span> 
     </span>
     <span class='ocr_line' id='line_1_25' title="bbox 110 2894 1230 2990; baseline 0.008 -26"><span class='ocrx_word' id='word_1_203' title='bbox 110 2896 266 2966; x_wconf 84' lang='lat' dir='ltr'>fidelitatis</span> <span class='ocrx_word' id='word_1_204' title='bbox 282 2895 430 2965; x_wconf 88' lang='lat' dir='ltr'>eiusdem</span> <span class='ocrx_word' id='word_1_205' title='bbox 446 2898 485 2965; x_wconf 79' lang='lat' dir='ltr'>A.</span> <span class='ocrx_word' id='word_1_206' title='bbox 502 2896 640 2965; x_wconf 85' lang='lat' dir='ltr'>(lomitis</span> <span class='ocrx_word' id='word_1_207' title='bbox 655 2895 792 2981; x_wconf 91' lang='lat' dir='ltr'>dignum</span> <span class='ocrx_word' id='word_1_208' title='bbox 808 2894 960 2966; x_wconf 77' lang='lat' dir='ltr'>duximus</span> <span class='ocrx_word' id='word_1_209' title='bbox 976 2897 1038 2966; x_wconf 90' lang='lat' dir='ltr'>sibi</span> <span class='ocrx_word' id='word_1_210' title='bbox 1054 2901 1090 2966; x_wconf 93' lang='lat' dir='ltr'>in</span> <span class='ocrx_word' id='word_1_211' title='bbox 1115 2923 1230 2990; x_wconf 89' lang='lat' dir='ltr'>perpe-</span> 
     </span>
     <span class='ocr_line' id='line_1_26' title="bbox 110 3003 1231 3084; baseline 0.008 -12"><span class='ocrx_word' id='word_1_212' title='bbox 110 3013 192 3072; x_wconf 88' lang='lat' dir='ltr'>tuum</span> <span class='ocrx_word' id='word_1_213' title='bbox 206 3013 240 3072; x_wconf 88' lang='lat' dir='ltr'>et</span> <span class='ocrx_word' id='word_1_214' title='bbox 255 3003 323 3072; x_wconf 87' lang='lat' dir='ltr'>suis</span> <span class='ocrx_word' id='word_1_215' title='bbox 340 3003 517 3072; x_wconf 87' lang='lat' dir='ltr'>heredibus</span> <span class='ocrx_word' id='word_1_216' title='bbox 542 3003 774 3072; x_wconf 89' lang='lat' dir='ltr'>restituendas.</span> <span class='ocrx_word' id='word_1_217' title='bbox 815 3003 960 3084; x_wconf 81' lang='lat' dir='ltr'>Quarum</span> <span class='ocrx_word' id='word_1_218' title='bbox 991 3013 1068 3074; x_wconf 86' lang='lat' dir='ltr'>suut</span> <span class='ocrx_word' id='word_1_219' title='bbox 1099 3011 1231 3081; x_wconf 87' lang='lat' dir='ltr'>nomina</span> 
     </span>
     <span class='ocr_line' id='line_1_27' title="bbox 109 3110 1230 3204; baseline 0.006 -25"><span class='ocrx_word' id='word_1_220' title='bbox 109 3112 227 3200; x_wconf 59' lang='lat' dir='ltr'>&amp;uma</span> <span class='ocrx_word' id='word_1_221' title='bbox 243 3111 389 3199; x_wconf 83' lang='lat' dir='ltr'>Hablun,</span> <span class='ocrx_word' id='word_1_222' title='bbox 405 3110 533 3198; x_wconf 80' lang='lat' dir='ltr'>Ouhua,</span> <span class='ocrx_word' id='word_1_223' title='bbox 550 3111 675 3198; x_wconf 79' lang='lat' dir='ltr'>Bczyn,</span> <span class='ocrx_word' id='word_1_224' title='bbox 688 3111 829 3198; x_wconf 76' lang='lat' dir='ltr'>Myrlea.</span> <span class='ocrx_word' id='word_1_225' title='bbox 846 3112 927 3178; x_wconf 89' lang='lat' dir='ltr'>Item</span> <span class='ocrx_word' id='word_1_226' title='bbox 945 3111 1008 3180; x_wconf 91' lang='lat' dir='ltr'>iste</span> <span class='ocrx_word' id='word_1_227' title='bbox 1023 3121 1100 3182; x_wconf 90' lang='lat' dir='ltr'>suut</span> <span class='ocrx_word' id='word_1_228' title='bbox 1116 3123 1230 3204; x_wconf 87' lang='lat' dir='ltr'>empti·</span> 
     </span>
     <span class='ocr_line' id='line_1_28' title="bbox 110 3215 1231 3304; baseline 0.008 -16"><span class='ocrx_word' id='word_1_229' title='bbox 110 3217 155 3288; x_wconf 81' lang='lat' dir='ltr'>eia</span> <span class='ocrx_word' id='word_1_230' title='bbox 169 3245 177 3286; x_wconf 72' lang='grc' dir='ltr'><strong><em>ε</em></strong></span> <span class='ocrx_word' id='word_1_231' title='bbox 193 3215 421 3304; x_wconf 79' lang='lat' dir='ltr'>Coturtukhel,</span> <span class='ocrx_word' id='word_1_232' title='bbox 438 3225 470 3285; x_wconf 88' lang='lat' dir='ltr'>et</span> <span class='ocrx_word' id='word_1_233' title='bbox 485 3223 554 3287; x_wconf 85' lang='lat' dir='ltr'>tota</span> <span class='ocrx_word' id='word_1_234' title='bbox 570 3226 657 3287; x_wconf 82' lang='lat' dir='ltr'>terra</span> <span class='ocrx_word' id='word_1_235' title='bbox 673 3216 805 3288; x_wconf 89' lang='lat' dir='ltr'>nomine</span> <span class='ocrx_word' id='word_1_236' title='bbox 829 3218 1018 3290; x_wconf 83' lang='lat' dir='ltr'>Moluchka.</span> <span class='ocrx_word' id='word_1_237' title='bbox 1057 3223 1140 3292; x_wconf 89' lang='lat' dir='ltr'>Item</span> <span class='ocrx_word' id='word_1_238' title='bbox 1166 3227 1231 3298; x_wconf 89' lang='lat' dir='ltr'>iste</span> 
     </span>
     <span class='ocr_line' id='line_1_29' title="bbox 111 3325 1230 3412; baseline 0.01 -17"><span class='ocrx_word' id='word_1_239' title='bbox 111 3336 176 3396; x_wconf 89' lang='lat' dir='ltr'>sunt</span> <span class='ocrx_word' id='word_1_240' title='bbox 190 3349 211 3396; x_wconf 83' lang='lat' dir='ltr'>a</span> <span class='ocrx_word' id='word_1_241' title='bbox 226 3325 333 3411; x_wconf 88' lang='lat' dir='ltr'>nobis,</span> <span class='ocrx_word' id='word_1_242' title='bbox 349 3325 432 3394; x_wconf 89' lang='lat' dir='ltr'>siout</span> <span class='ocrx_word' id='word_1_243' title='bbox 448 3332 480 3395; x_wconf 89' lang='lat' dir='ltr'>et</span> <span class='ocrx_word' id='word_1_244' title='bbox 496 3325 635 3412; x_wconf 90' lang='lat' dir='ltr'>relique,</span> <span class='ocrx_word' id='word_1_245' title='bbox 649 3326 717 3392; x_wconf 90' lang='lat' dir='ltr'>iam</span> <span class='ocrx_word' id='word_1_246' title='bbox 733 3325 854 3394; x_wconf 89' lang='lat' dir='ltr'>dudum</span> <span class='ocrx_word' id='word_1_247' title='bbox 871 3327 992 3395; x_wconf 87' lang='lat' dir='ltr'>collate</span> <span class='ocrx_word' id='word_1_248' title='bbox 1020 3353 1028 3394; x_wconf 74' lang='grc' dir='ltr'><strong>ε</strong></span> <span class='ocrx_word' id='word_1_249' title='bbox 1061 3329 1230 3407; x_wconf 78' lang='lat' dir='ltr'>colchona</span> 
     </span>
     <span class='ocr_line' id='line_1_30' title="bbox 108 3431 1231 3526; baseline 0.011 -26"><span class='ocrx_word' id='word_1_250' title='bbox 108 3435 252 3504; x_wconf 82' lang='lat' dir='ltr'>uidelicet</span> <span class='ocrx_word' id='word_1_251' title='bbox 266 3440 301 3500; x_wconf 91' lang='lat' dir='ltr'>et</span> <span class='ocrx_word' id='word_1_252' title='bbox 314 3431 453 3515; x_wconf 75' lang='lat' dir='ltr'>chosel,</span> <span class='ocrx_word' id='word_1_253' title='bbox 470 3453 543 3502; x_wconf 92' lang='lat' dir='ltr'>oum</span> <span class='ocrx_word' id='word_1_254' title='bbox 559 3433 702 3503; x_wconf 88' lang='lat' dir='ltr'>eiusdem</span> <span class='ocrx_word' id='word_1_255' title='bbox 719 3435 813 3502; x_wconf 88' lang='lat' dir='ltr'>metis</span> <span class='ocrx_word' id='word_1_256' title='bbox 829 3433 1094 3526; x_wconf 77' lang='lat' dir='ltr'>otpertinsnciJs,</span> <span class='ocrx_word' id='word_1_257' title='bbox 1111 3443 1231 3526; x_wconf 92' lang='lat' dir='ltr'>quibus</span> 
     </span>
     <span class='ocr_line' id='line_1_31' title="bbox 113 3539 1232 3629; baseline 0.008 -19"><span class='ocrx_word' id='word_1_258' title='bbox 113 3550 198 3612; x_wconf 86' lang='lat' dir='ltr'>antea</span> <span class='ocrx_word' id='word_1_259' title='bbox 213 3543 301 3610; x_wconf 82' lang='lat' dir='ltr'>iusto</span> <span class='ocrx_word' id='word_1_260' title='bbox 315 3539 516 3626; x_wconf 86' lang='lat' dir='ltr'>possidebat.</span> <span class='ocrx_word' id='word_1_261' title='bbox 550 3543 594 3610; x_wconf 87' lang='lat' dir='ltr'>Vt</span> <span class='ocrx_word' id='word_1_262' title='bbox 608 3541 709 3627; x_wconf 85' lang='lat' dir='ltr'>igitur</span> <span class='ocrx_word' id='word_1_263' title='bbox 725 3541 945 3629; x_wconf 84' lang='lat' dir='ltr'>predictarum</span> <span class='ocrx_word' id='word_1_264' title='bbox 961 3549 1123 3614; x_wconf 85' lang='lat' dir='ltr'>terrerum</span> <span class='ocrx_word' id='word_1_265' title='bbox 1141 3551 1232 3619; x_wconf 88' lang='lat' dir='ltr'>rosti-</span> 
     </span>
     <span class='ocr_line' id='line_1_32' title="bbox 111 3647 1231 3736; baseline 0.013 -22"><span class='ocrx_word' id='word_1_266' title='bbox 111 3649 196 3736; x_wconf 87' lang='lat' dir='ltr'>tueio‚</span> <span class='ocrx_word' id='word_1_267' title='bbox 222 3647 457 3717; x_wconf 88' lang='lat' dir='ltr'>nonobstante</span> <span class='ocrx_word' id='word_1_268' title='bbox 473 3648 562 3734; x_wconf 88' lang='lat' dir='ltr'>quod</span> <span class='ocrx_word' id='word_1_269' title='bbox 577 3658 723 3736; x_wconf 88' lang='lat' dir='ltr'>tempore</span> <span class='ocrx_word' id='word_1_270' title='bbox 739 3649 929 3718; x_wconf 86' lang='lat' dir='ltr'>donacionis</span> <span class='ocrx_word' id='word_1_271' title='bbox 946 3660 1059 3723; x_wconf 91' lang='lat' dir='ltr'>nostre</span> <span class='ocrx_word' id='word_1_272' title='bbox 1075 3675 1231 3728; x_wconf 87' lang='lat' dir='ltr'>concessa</span> 
     </span>
     <span class='ocr_line' id='line_1_33' title="bbox 110 3755 1231 3852; baseline 0.011 -30"><span class='ocrx_word' id='word_1_273' title='bbox 110 3755 186 3846; x_wconf 83' lang='lat' dir='ltr'>(lgy)</span> <span class='ocrx_word' id='word_1_274' title='bbox 201 3765 404 3825; x_wconf 84' lang='lat' dir='ltr'>memoratus</span> <span class='ocrx_word' id='word_1_275' title='bbox 418 3756 505 3824; x_wconf 88' lang='lat' dir='ltr'>filius</span> <span class='ocrx_word' id='word_1_276' title='bbox 522 3764 631 3826; x_wconf 87' lang='lat' dir='ltr'>noster</span> <span class='ocrx_word' id='word_1_277' title='bbox 646 3759 684 3825; x_wconf 89' lang='lat' dir='ltr'>B.</span> <span class='ocrx_word' id='word_1_278' title='bbox 701 3757 771 3824; x_wconf 83' lang='lat' dir='ltr'>Rex</span> <span class='ocrx_word' id='word_1_279' title='bbox 787 3757 930 3843; x_wconf 82' lang='lat' dir='ltr'>infregit,</span> <span class='ocrx_word' id='word_1_280' title='bbox 947 3762 1046 3829; x_wconf 79' lang='lat' dir='ltr'>salue</span> <span class='ocrx_word' id='word_1_281' title='bbox 1061 3783 1188 3852; x_wconf 89' lang='lat' dir='ltr'>semper</span> <span class='ocrx_word' id='word_1_282' title='bbox 1199 3775 1231 3834; x_wconf 90' lang='lat' dir='ltr'>et</span> 
     </span>
     <span class='ocr_line' id='line_1_34' title="bbox 112 3863 1230 3960; baseline 0.007 -30"><span class='ocrx_word' id='word_1_283' title='bbox 112 3863 297 3934; x_wconf 88' lang='lat' dir='ltr'>inconeussa</span> <span class='ocrx_word' id='word_1_284' title='bbox 311 3873 514 3952; x_wconf 86' lang='lat' dir='ltr'>permaneat,</span> <span class='ocrx_word' id='word_1_285' title='bbox 530 3872 711 3951; x_wconf 87' lang='lat' dir='ltr'>presentem</span> <span class='ocrx_word' id='word_1_286' title='bbox 730 3866 950 3934; x_wconf 86' lang='lat' dir='ltr'>concessimus</span> <span class='ocrx_word' id='word_1_287' title='bbox 977 3869 1133 3952; x_wconf 88' lang='lat' dir='ltr'>paginam</span> <span class='ocrx_word' id='word_1_288' title='bbox 1167 3873 1230 3960; x_wconf 86' lang='lat' dir='ltr'>pri·</span> 
     </span>
     <span class='ocr_line' id='line_1_35' title="bbox 112 3972 1230 4061; baseline 0.007 -22"><span class='ocrx_word' id='word_1_289' title='bbox 112 3973 291 4059; x_wconf 86' lang='lat' dir='ltr'>uilegiantis</span> <span class='ocrx_word' id='word_1_290' title='bbox 307 3972 413 4056; x_wconf 83' lang='lat' dir='ltr'>sigilli</span> <span class='ocrx_word' id='word_1_291' title='bbox 428 3975 535 4042; x_wconf 87' lang='lat' dir='ltr'>nostri</span> <span class='ocrx_word' id='word_1_292' title='bbox 552 3973 729 4041; x_wconf 87' lang='lat' dir='ltr'>munimine</span> <span class='ocrx_word' id='word_1_293' title='bbox 745 3974 779 4041; x_wconf 90' lang='lat' dir='ltr'>in</span> <span class='ocrx_word' id='word_1_294' title='bbox 813 3981 1003 4061; x_wconf 89' lang='lat' dir='ltr'>perpetuum</span> <span class='ocrx_word' id='word_1_295' title='bbox 1035 3981 1230 4048; x_wconf 85' lang='lat' dir='ltr'>roboratam.</span> 
     </span>
     <span class='ocr_line' id='line_1_36' title="bbox 111 4079 1230 4168; baseline 0.009 -24"><span class='ocrx_word' id='word_1_296' title='bbox 111 4079 222 4148; x_wconf 87' lang='lat' dir='ltr'>Datum</span> <span class='ocrx_word' id='word_1_297' title='bbox 238 4101 297 4168; x_wconf 92' lang='lat' dir='ltr'>per</span> <span class='ocrx_word' id='word_1_298' title='bbox 313 4101 431 4150; x_wconf 90' lang='lat' dir='ltr'>manus</span> <span class='ocrx_word' id='word_1_299' title='bbox 447 4081 629 4166; x_wconf 83' lang='lat' dir='ltr'>blycbaelis</span> <span class='ocrx_word' id='word_1_300' title='bbox 644 4079 796 4165; x_wconf 83' lang='lat' dir='ltr'>Magistri</span> <span class='ocrx_word' id='word_1_301' title='bbox 813 4088 845 4150; x_wconf 91' lang='lat' dir='ltr'>et</span> <span class='ocrx_word' id='word_1_302' title='bbox 860 4081 945 4150; x_wconf 89' lang='lat' dir='ltr'>Aule</span> <span class='ocrx_word' id='word_1_303' title='bbox 961 4083 1064 4168; x_wconf 86' lang='lat' dir='ltr'>Regio</span> <span class='ocrx_word' id='word_1_304' title='bbox 1095 4085 1230 4154; x_wconf 81' lang='lat' dir='ltr'>Cancel-</span> 
     </span>
     <span class='ocr_line' id='line_1_37' title="bbox 113 4184 1231 4272; baseline 0.011 -22"><span class='ocrx_word' id='word_1_305' title='bbox 113 4184 176 4272; x_wconf 86' lang='lat' dir='ltr'>larij</span> <span class='ocrx_word' id='word_1_306' title='bbox 191 4207 278 4256; x_wconf 90' lang='lat' dir='ltr'>anno</span> <span class='ocrx_word' id='word_1_307' title='bbox 294 4187 466 4256; x_wconf 89' lang='lat' dir='ltr'>Dominioe</span> <span class='ocrx_word' id='word_1_308' title='bbox 482 4189 729 4258; x_wconf 84' lang='lat' dir='ltr'>Incaruacionis</span> <span class='ocrx_word' id='word_1_309' title='bbox 745 4189 1005 4259; x_wconf 65' lang='lat' dir='ltr'>Mvcmxxxle</span> <span class='ocrx_word' id='word_1_310' title='bbox 1039 4191 1231 4262; x_wconf 90' lang='lat' dir='ltr'>Venerabili</span> 
     </span>
     <span class='ocr_line' id='line_1_38' title="bbox 114 4279 1230 4387; baseline 0.004 -26"><span class='ocrx_word' id='word_1_311' title='bbox 114 4291 241 4362; x_wconf 82' lang='lat' dir='ltr'>Roberto</span> <span class='ocrx_word' id='word_1_312' title='bbox 280 4295 497 4382; x_wconf 89' lang='lat' dir='ltr'>Strigonieusi</span> <span class='ocrx_word' id='word_1_313' title='bbox 544 4297 811 4387; x_wconf 79' lang='lat' dir='ltr'>Archyepiscopo</span> <span class='ocrx_word' id='word_1_314' title='bbox 828 4279 840 4308; x_wconf 72' lang='lat'>⁸</span> <span class='ocrx_word' id='word_1_315' title='bbox 858 4300 1035 4384; x_wconf 88' lang='lat' dir='ltr'>existente,</span> <span class='ocrx_word' id='word_1_316' title='bbox 1085 4299 1230 4384; x_wconf 84' lang='lat' dir='ltr'>Vgulino</span> 
     </span>
     <span class='ocr_line' id='line_1_39' title="bbox 24 4397 1232 4494; baseline 0.006 -29"><span class='ocrx_word' id='word_1_317' title='bbox 24 4425 25 4488; x_wconf 72' lang='lat' dir='ltr'><strong>j</strong></span> <span class='ocrx_word' id='word_1_318' title='bbox 114 4397 272 4471; x_wconf 74' lang='lat' dir='ltr'>colocensi</span> <span class='ocrx_word' id='word_1_319' title='bbox 309 4403 596 4494; x_wconf 76' lang='lat' dir='ltr'>Amhyepiseop03</span> <span class='ocrx_word' id='word_1_320' title='bbox 635 4407 793 4491; x_wconf 81' lang='lat' dir='ltr'>Gregorio</span> <span class='ocrx_word' id='word_1_321' title='bbox 825 4405 1016 4493; x_wconf 71' lang='lat' dir='ltr'>(lauriensi,</span> <span class='ocrx_word' id='word_1_322' title='bbox 1050 4405 1142 4475; x_wconf 81' lang='lat' dir='ltr'>Olcto</span> <span class='ocrx_word' id='word_1_323' title='bbox 1165 4407 1232 4492; x_wconf 85' lang='lat' dir='ltr'>Ag-</span> 
     </span>
     <span class='ocr_line' id='line_1_40' title="bbox 24 4507 1232 4620; baseline 0.009 -46"><span class='ocrx_word' id='word_1_324' title='bbox 24 4593 26 4620; x_wconf 80' lang='lat'>.</span> <span class='ocrx_word' id='word_1_325' title='bbox 113 4507 212 4592; x_wconf 82' lang='lat' dir='ltr'>riensi,</span> <span class='ocrx_word' id='word_1_326' title='bbox 249 4511 377 4580; x_wconf 86' lang='lat' dir='ltr'>Briccio</span> <span class='ocrx_word' id='word_1_327' title='bbox 414 4513 577 4602; x_wconf 85' lang='lat' dir='ltr'>Vaoiensi,</span> <span class='ocrx_word' id='word_1_328' title='bbox 615 4513 842 4582; x_wconf 87' lang='lat' dir='ltr'>Bartholomeo</span> <span class='ocrx_word' id='word_1_329' title='bbox 880 4513 1133 4602; x_wconf 80' lang='lat' dir='ltr'>Wesprimiensi,</span> <span class='ocrx_word' id='word_1_330' title='bbox 1163 4513 1232 4585; x_wconf 83' lang='lat' dir='ltr'>Ste-</span> 
     </span>
    </p>
   </div>
   <div class='ocr_carea' id='block_1_3' title="bbox 0 0 1556 5132">
    <p class='ocr_par' dir='ltr' id='par_1_3' title="bbox 0 0 1556 5132">
     <span class='ocr_line' id='line_1_41' title="bbox 0 0 1556 5132; baseline 0 0"><span class='ocrx_word' id='word_1_331' title='bbox 0 0 1556 5132; x_wconf 95' lang='lat' dir='ltr'> </span> 
     </span>
    </p>
   </div>
  </div>
 </body>
</html>
