3098 5132
552 227 703 341 ,roo-

82 435 324 521 circunstaneijs
341 445 373 504 et
388 435 646 524 possessionibus
663 435 858 520 ubicumque
874 437 998 522 positis,
1015 433 1059 503 ad
1075 453 1188 520 preces

83 545 198 612 Roherti
212 545 348 614 abbatia
365 552 398 613 et
413 545 600 613 Conventus
616 546 796 632 memorati,
812 545 1011 614 Monasterio
1035 544 1187 631 supradi-

86 661 129 718 cto
143 651 303 736 tradimus,
329 652 483 721 traditam
510 651 748 737 confirmamus,
780 651 1002 719 confirmatam
1029 652 1190 736 presentis

85 758 180 844 scripti
194 759 372 845 patrocinio
389 761 630 828 communimus.
656 759 824 827 erutheo
848 766 960 826 nostra
985 757 1191 826 confirmacio

85 866 238 933 indubitati
263 873 371 935 sumet
395 867 521 937 roboris
546 867 779 950 fulcimentum,
813 873 998 953 presentem
1030 865 1190 954 pagiuam

85 974 168 1042 nostri
182 975 331 1044 duximus
346 977 447 1062 sigilli
474 978 646 1045 karentone
677 973 895 1044 muniendam.
934 976 1050 1044 Testes
1081 981 1189 1042 autern

85 1083 164 1150 huius
178 1089 288 1151 nostre
303 1084 504 1173 collaciouis,
521 1084 779 1154 confirmacionis
797 1091 828 1152 et
852 1083 1120 1152 commonicionis
1147 1081 1190 1150 ad

86 1191 137 1256 loe
148 1191 247 1276 rogati
262 1200 338 1260 sunt
353 1193 517 1262 Aooncius
533 1191 654 1261 domini
671 1195 760 1280 Pape
775 1191 1001 1260 Subdiaeonus
1017 1197 1050 1258 et
1076 1190 1188 1277 Capel-

86 1300 175 1388 lcuus,
203 1301 388 1388 Apostolice
420 1301 515 1370 Sedis
545 1303 711 1388 legatus,
733 1301 927 1386 'l'reguanus
958 1298 1188 1385 Traguriensis

88 1407 242 1494 Episcopus
257 1432 266 1494 3
283 1407 433 1477 (threnus
448 1409 561 1478 Sancti
571 1409 732 1479 iohannis
742 1409 888 1477 eiusdem
897 1409 1046 1476 Diocesis
1058 1405 1190 1488 Abbas3

87 1515 244 1584 Daniauus
261 1517 377 1585 Abbus
392 1517 505 1586 Sancti
522 1517 695 1602 Grisogoni
718 1516 885 1585 Jadrensis
910 1515 1077 1599 Diocesis;
1101 1515 1191 1582 lllan-

88 1620 177 1690 ircdus
191 1621 460 1714 Archidiaconus,
478 1623 638 1692 Caluisius
658 1624 938 1712 Archipresbyter,
965 1622 1076 1691 Sancti
1100 1621 1190 1690 Petri

88 1729 190 1798 Veteris
212 1733 394 1818 Plebanus3
418 1733 528 1802 Dobre
555 1733 667 1812 Sancti
698 1732 868 1820 Stephani,
900 1733 1046 1800 Marinus
1077 1731 1188 1799 Sancti

89 1839 157 1905 Petri
171 1839 263 1927 Novi,
295 1841 435 1911 Zancius
451 1841 562 1910 Sancti
588 1839 758 1910 Michaelis
783 1841 922 1909 Plebaui
947 1841 1130 1925 ladertini3
1153 1859 1192 1907 ac

88 1944 191 2014 nobiles
205 1946 266 2014 viri
281 1947 482 2018 Laurencius
499 1949 541 2016 de
556 1945 698 2034 Joseph3
722 1946 838 2016 Sescia
855 1945 1016 2035 Gregorii,
1044 1954 1077 2015 ct
1103 1950 1193 2016 Desa

92 2053 177 2121 Pniza
191 2055 376 2124 Advocatus
391 2057 528 2143 predicti
559 2056 757 2142 Monasterij.
797 2057 889 2123 Nulli
919 2077 997 2140 ergo
1028 2053 1193 2122 hominum

93 2159 170 2230 liceat
184 2163 269 2230 hane
284 2171 394 2232 nostre
409 2163 598 2232 donacionis
615 2165 769 2250 paginam
784 2163 974 2248 intringere,
998 2163 1048 2230 vel
1064 2163 1094 2228 ei
1111 2181 1192 2230 ausu

95 2271 240 2340 tancrado
254 2274 423 2342 contraire.
464 2271 569 2349 Quam
584 2292 643 2340 nos
659 2272 703 2339 ad
730 2271 885 2340 maiorem
911 2271 1111 2340 evidenciam
1137 2289 1194 2356 per

96 2397 200 2444 nurum
215 2379 378 2466 publicam
397 2399 507 2449 eoram
524 2380 711 2467 prescriptis
726 2379 862 2448 testibus
878 2382 912 2448 iu
936 2379 1067 2467 scriptis
1091 2376 1194 2461 redigi

95 2485 272 2572 precipimus.

180 2595 219 2661 ut
235 2615 296 2680 ego
313 2595 431 2663 Vitalls
447 2593 567 2664 Sancte
582 2595 685 2664 Marie
701 2595 833 2664 Maioris
842 2595 1004 2663 Plebanus
1017 2603 1048 2663 el
1058 2593 1193 2661 Jadren-

97 2699 131 2766 sis
142 2699 295 2788 Notarius,
312 2701 388 2768 huic
403 2699 577 2771 donacioni
603 2711 636 2770 et
660 2703 901 2771 confirmacioni
927 2702 1070 2790 interfui,
1096 2710 1129 2768 et
1153 2721 1193 2766 ex

98 2808 251 2893 prescripto
266 2807 404 2894 predicti
420 2809 540 2876 domini
556 2809 800 2898 Archiepiaoopi
827 2811 955 2898 scripsi,
982 2811 1132 2878 roboravi
1162 2815 1194 2875 et

99 2909 170 2993 signo
183 2921 331 2984 consueto
349 2915 487 3001 signari.

305 3112 431 3178 (Farlati,
449 3115 595 3182 Illyricum
614 3115 729 3168 Sacrum
747 3119 781 3171 v.
800 3118 859 3168 ket.
880 3120 922 3168 73.
935 3117 966 3183 l)
