3164 5154
577 291 734 388 Q-

95 502 175 571 quaa
191 484 302 554 nullus
318 492 463 552 nostrum
479 487 597 554 civium
613 486 733 553 audeat
748 483 911 554 adducore
926 485 1145 552 Nortmannos
1162 491 1219 550 aut
1330 525 1335 532 -

94 599 267 660 extraneos
283 594 317 660 in
334 593 545 678 Dalmatiam,
562 599 618 661 aut
633 613 691 678 pcr
706 615 741 664 sc
757 594 875 680 ipsum,
901 594 953 658 vol
979 591 1095 677 quovis
1125 592 1220 677 inge-

95 703 156 768 uio.
183 701 219 768 Si
236 701 309 786 quia
325 707 434 768 autem
450 699 547 768 huius
562 701 694 769 sceleris
709 699 932 788 prevaricator
943 701 1096 769 inventus
1111 698 1219 784 fucrit,

96 817 126 875 ct
141 824 177 876 sc
193 809 321 894 legibus
337 827 498 877 excusare
514 827 580 876 non
596 807 725 894 poterit,
757 807 887 876 amittat
918 807 1018 876 vitam
1048 827 1151 887 suam,
1186 816 1219 876 ct

87 917 248 1002 quicquid
263 915 410 1004 possidat
424 917 460 982 in
472 917 534 986 hoc
550 917 670 1000 seculo,
686 912 893 986 medietatam
908 915 943 982 in
957 911 1213 1001 CamaraDucis,

95 1034 126 1090 et
142 1023 349 1094 medictatem
366 1022 502 1109 civibus,
519 1043 584 1109 qua
599 1023 633 1090 in
650 1021 782 1091 civitate
812 1023 1035 1111 prevaricator
1065 1023 1217 1092 inventus

94 1130 191 1198 tuerit
206 1151 264 1218 per
278 1130 435 1216 Jodiccm,
456 1152 534 1216 erga
549 1131 729 1198 Romanam
761 1131 879 1217 legem,
911 1153 975 1216 quc
1005 1134 1042 1200 io
1071 1131 1217 1218 precanti

97 1239 217 1323 pagina
233 1240 356 1324 scripta
371 1257 443 1306 csac
458 1235 607 1306 videatur
622 1237 656 1304 in
672 1244 788 1323 quarto
803 1239 946 1325 capitnlo
958 1237 1104 1308 ciusdem
1114 1239 1219 1324 logis:

96 1345 203 1424 cunia
218 1349 247 1414 si
263 1346 335 1432 quia
351 1345 499 1414 inimicos
515 1345 601 1414 inira
616 1347 816 1430 provinciam
831 1345 1019 1418 irritaverit
1032 1359 1090 1418 ant
1117 1353 1219 1420 intro*

102 1452 232 1542 duxerit,
249 1454 358 1522 animo
373 1473 430 1522 aue
448 1455 590 1523 incurrat
605 1454 794 1542 periculum,
811 1463 843 1523 ct
858 1475 911 1526 rcs
928 1458 997 1528 aius
1023 1457 1217 1546 (inferantur

102 1559 133 1625 in
148 1562 343 1649 erarium.)‹.

81 1709 87 1714 -
201 1669 336 1754 Signum
375 1689 490 1736 manus
522 1669 643 1739 Prioris
677 1665 847 1756 Spalatiuc
877 1671 1029 1742 Civitatis
1060 1676 1217 1762 Stephani

105 1774 220 1860 Vatiae,
237 1776 293 1860 qni
309 1775 372 1844 hoc
386 1775 513 1862 rogavit
529 1777 617 1866 ficri;
641 1783 674 1844 ct
689 1778 870 1847 successive
887 1783 1027 1850 omnium
1043 1785 1099 1868 qui
1118 1804 1219 1874 supra

94 1881 260 1949 nominati.
1080 1877 1082 1882 ’

202 1991 270 2075 ligo
286 1989 479 2059 Laurentius
496 1993 615 2061 Sancto
631 1994 822 2063 salonitano
837 1997 982 2066 Ecclesia
992 1999 1218 2087 Archiapisco

98 2115 159 2180 pus
172 2097 295 2166 ratifico
312 2103 344 2165 et
360 2098 525 2166 confirmo.

201 2205 271 2288 Ego
287 2205 459 2273 Forminus
475 2207 639 2276 Nouensis
662 2209 851 2295 Episcopus.

126 2299 129 2304 ’
203 2311 272 2395 ligo
288 2314 459 2390 Jotannes)
474 2312 586 2382 Abbas
600 2315 712 2384 Sancti
728 2317 956 2388 Bartholomci.

203 2419 270 2501 ugo
286 2419 490 2488 Prestautius
506 2421 687 2508 Episcopus
703 2423 958 2510 Belgradiousis.
1009 2455 1014 2466 ·

208 2525 317 2593 Petrus
334 2524 476 2594 chcius
492 2528 605 2595 Sancti
621 2530 723 2598 Marci
738 2532 916 2622 Diaconos,
935 2543 967 2602 ct
985 2537 1082 2605 Ducis
1114 2540 1219 2608 Veno-

108 2629 425 2700 tieDoniniciSilvii
451 2629 656 2722 Capellauus,
688 2644 821 2722 rogatus
851 2659 872 2706 a
903 2641 998 2711 dictis
1030 2645 1218 2718 hominibus

114 2737 212 2822 scripsi
228 2747 258 2805 ct
272 2741 431 2826 complevi
450 2743 593 2811 tciicitcr.

116 2933 223 2996 [Liubics
241 2937 344 3000 Simon,
362 2940 548 2993 Monumenta
566 2945 724 3006 spectantia
752 2945 900 2998 historiam
929 2948 1077 3001 Siavorum
1105 2953 1220 3004 Meridi-

372 3031 496 3112 onalium
516 3033 538 3082 1.
559 3032 617 3082 iniit.
637 3033 747 3100 Zigrab
770 3039 845 3086 1868.
867 3042 890 3087 2.
912 3034 943 3104 l.)
1001 3033 1004 3040 ’

529 3335 791 3349 *—

643 3867 709 3949 7..

131 4045 505 4149 1.Gaakoctpalapuja
523 4087 543 4129 o
563 4064 686 4136 Garum
702 4067 827 4137 mellctti
856 4073 1103 4150 capot-beocdeki
1127 4087 1223 4168 opsit-

546 4180 644 4260 au'pot.
669 4179 765 4244 1075.

155 4449 161 4459 .
219 4355 324 4430 inicis
346 4365 413 4436 suis
438 4369 636 4438 Reuerentia
669 4371 848 4443 Gonucntui
873 4375 1019 4447 Ecclosic
1044 4377 1220 4450 Zoborisn·

124 4465 176 4514 *³¹⁸
184 4452 313 4535 Nicotaus
327 4469 366 4540 de
383 4475 473 4543 Gara
496 4478 604 4563 Regni
619 4477 786 4566 [iungaris
802 4483 972 4554 Palatinus
989 4493 1020 4555 ct
1035 4487 1057 4554 J
1059 4484 1142 4556 odor
1158 4485 1219 4558 Oc-

118 4566 271 4636 ·muncron
284 4577 455 4649 amiciciam
473 4591 620 4670 paratam
637 4606 708 4656 cum
723 4589 852 4659 houorc.
863 4591 1044 4680 Noucretis,
1056 4595 1140 4682 quod
1153 4597 1218 4666 ira·

1075 4705 1115 4774 20
