3120 5148
786 305 949 404 Q

284 500 490 568 TZsladiensi
507 501 639 586 penitus
656 507 850 586 exemptum,
879 499 1014 566 liberum
1039 504 1073 564 et
1104 499 1268 564 inmunem
1299 517 1434 566 munere

302 607 517 694 precipimus3
541 607 647 693 Regin
662 611 841 675 statuentes
857 607 1065 691 auctoritate,
1092 611 1129 673 ut
1159 605 1260 674 lieest
1291 605 1432 692 emplius

301 716 363 800 ipsi
379 715 445 783 IIII
461 735 533 784 cum
549 713 704 784 iratribus
720 715 905 798 nominatis,
922 707 1102 798 Tempsun,
1128 711 1254 799 lidelin,
1287 712 1432 800 Bucheu,

284 821 415 908 ·Girgis
431 822 498 893 ium
514 823 612 910 netis,
630 829 662 890 et
686 823 889 909 inposterum
914 821 1105 904 nascituris,
1135 827 1168 886 et
1191 839 1265 886 cum
1295 818 1435 909 prediju

303 927 422 997 Onmar
439 929 575 1016 scilicet,
594 929 741 998 Wirmils
757 937 790 995 et
805 930 910 1016 Mure,
927 927 1022 996 terris
1038 926 1163 1012 puriter
1187 925 1363 995 eorundem
1388 927 1435 995 ud

302 1056 358 1104 eos
375 1037 572 1104 hereditarie
587 1037 656 1104 inre
672 1035 921 1122 pertinentibus,
954 1054 1056 1102 sures
1071 1039 1104 1102 et
1128 1041 1286 1120 perpetus
1310 1032 1435 1119 perfrui

302 1145 514 1232 libertateset
529 1145 612 1212 iuter
627 1143 805 1213 seruientes
822 1144 922 1228 Regis
941 1142 1152 1210 annumerari
1182 1149 1348 1230 perpetue.
1391 1143 1434 1210 vt

304 1253 402 1336 igitur
417 1253 513 1320 huius
529 1255 575 1319 rei
592 1253 691 1321 series
708 1272 766 1337 per
783 1251 892 1320 omniu
906 1269 1127 1320 successorum
1147 1255 1332 1320 nostrornm
1351 1257 1434 1318 tem·

303 1379 385 1445 pera
401 1361 497 1426 selus
512 1379 640 1446 semper
656 1368 688 1428 et
704 1360 899 1428 inconcusse
915 1363 1112 1444 permaneat,
1146 1364 1331 1442 presentem
1356 1379 1440 1426 eon·

304 1469 460 1536 cessimus
476 1472 632 1553 paginam
648 1468 749 1552 sigilli
765 1469 868 1536 nostri
885 1469 1063 1534 munimine
1082 1467 1117 1533 in
1133 1475 1328 1552 perpetuum
1339 1468 1437 1535 robe·

305 1581 417 1643 rutam.
459 1577 580 1641 Datum
604 1597 661 1661 per
692 1597 805 1644 manus
821 1575 971 1662 Magistri
987 1573 1124 1658 Hugrini
1140 1577 1214 1641 aule
1229 1575 1332 1659 Regis
1349 1575 1438 1644 Gan·

305 1683 430 1768 cellurij
448 1703 534 1751 enno
550 1686 592 1750 ab
609 1685 846 1753 Incernsciene
862 1681 1252 1752 nomintmoecsxvns
1292 1683 1440 1754 Venere·

305 1789 363 1854 bili
395 1790 545 1858 Johunne
575 1793 809 1878 strigoniensi,
850 1791 1038 1860 Reuerendo
1071 1791 1222 1859 Bertolde
1262 1792 1438 1861 Oelocensi

308 1897 572 1984 Archiepiscopis
588 1899 813 1980 existentibus,
832 1900 955 1967 Gaiano
972 1899 1322 1984 Quinqueecclesiensi,
1341 1899 1440 1968 Desi-

311 2004 401 2073 derio
419 2005 646 2090 Chenadiensi‚
677 2007 843 2074 Willelmo
860 2007 1095 2094 Ultrssiluune,
1127 2006 1269 2092 Symone
1295 2005 1437 2098 Varudi-

307 2113 387 2199 ensi,
404 2113 527 2182 Jacobs
544 2113 707 2201 vaciensi,
723 2115 866 2184 Rcberto
881 2114 1124 2200 Vesprimiensi,
1141 2115 1237 2182 Petro
1248 2115 1438 2208 Genriensi,

304 2221 473 2307 Stephane
488 2221 713 2306 Zegrabiensi,
745 2222 872 2292 Thomu
890 2222 1043 2307 Agriensi
1070 2220 1240 2307 episeopis
1265 2224 1438 2296 Ecclesiae

306 2327 445 2396 feliciter
460 2329 733 2414 gubernantibus3
749 2331 826 2398 Jula
842 2329 1005 2415 Palatino,
1021 2329 1176 2396 Bancone
1192 2330 1295 2414 Bane,
1313 2333 1442 2418 Dyuni-

297 2437 356 2506 ¹sie
373 2436 530 2520 Magistro
547 2435 814 2506 Tawnrnieorum
833 2446 865 2504 et
881 2436 1006 2504 (lumite
1021 2437 1108 2503 Noni
1124 2437 1243 2525 Oustri,
1271 2439 1441 2528 Rophoyn

306 2542 473 2628 Voynods,
492 2539 600 2609 Ochus
617 2543 739 2612 Oumuli
754 2543 888 2633 Gemite,
905 2549 938 2610 et
952 2545 1067 2612 ceteris
1085 2543 1262 2616 Comitibue
1291 2543 1437 2616 Comita-

307 2657 359 2718 tus
376 2648 569 2736 tenentibus,
587 2651 692 2734 Regni
708 2651 809 2718 nostri
825 2672 913 2720 anne
928 2651 1037 2718 x1110.

308 2851 367 2912 (IV.
386 2850 454 2902 uela
473 2851 623 2916 kirtlynsk
645 2851 756 2902 mtto-ki
773 2852 940 2918 megercslte
959 2853 1225 2919 priuilegiumtbtl,
1256 2855 1360 2918 melyet
1389 2855 1445 2906 tv.

307 2941 408 2992 Interit>
427 2942 520 3007 kirtly
542 2945 618 2992 1282.
638 2941 840 3010 megercsltett,
859 2958 872 2993 s
891 2943 996 3006 melyet
1017 2947 1093 2993 1348.
1116 2943 1221 2994 »tercio
1251 2941 1295 2992 die
1325 2947 1448 2996 octauu-

306 3046 369 3082 rum
388 3031 469 3082 Beati
487 3032 604 3082 Martini
624 3031 806 3083 confessoris«
828 3045 845 3082 s
864 3033 1019 3096 vsszprtmi
1037 3033 1175 3097 keptnlsn
1189 3031 1267 3084 stirs.
1287 3029 1343 3083 Solu
1358 3032 1448 3084 hibs·

433 3121 479 3172 vul
498 3121 602 3172 kisdvs
620 3121 751 3186 Fejerntl
771 3121 836 3171 Ood.
856 3122 932 3184 Dipl.
953 3122 1004 3170 111.
1024 3122 1083 3172 ket.
1106 3127 1129 3172 1.
1148 3136 1169 3171 r.
1193 3125 1252 3171 197.
1276 3122 1305 3184 l.)
