3078 5128
713 319 873 422 „Q

228 523 351 590 nachcs
368 521 408 590 de
425 523 535 588 Monte
552 520 669 586 Sancte
686 521 786 586 Maris
803 522 836 587 in
854 526 999 586 nostram
1010 516 1222 604 presenciam,
1240 523 1356 582 etcum

229 635 275 702 eis
291 633 434 716 litigauit
451 653 508 717 pro
526 639 611 696 terra
627 629 754 717 Baylre‚
771 638 801 695 et
821 629 1018 710 molendino,
1037 638 1068 694 et
1094 627 1244 694 domibus
1271 627 1356 692 eius-

230 741 304 808 dem
321 741 436 822 Baike,
453 738 587 806 etomni
613 739 741 805 cultura
768 737 954 822 supradicte
988 744 1094 822 terre;
1118 735 1240 820 taliter,
1273 731 1359 818 quod

230 849 317 916 dicta
334 855 421 915 terra
438 867 495 932 per
510 846 617 912 Baike
632 845 779 913 Ecclesia
796 845 912 910 donari
927 865 992 911 non
1009 851 1129 930 posset.
1165 844 1232 910 Nos
1250 849 1359 909 autem

235 955 469 1044 intelleximus,
486 965 522 1020 ut
537 975 607 1020 eam
626 953 731 1037 ipsam
748 975 818 1019 cum
836 952 1001 1038 pugilibus
1018 952 1239 1018 terminarent.
1280 950 1359 1016 lnde

236 1083 314 1129 uero
330 1066 409 1129 item
425 1063 467 1128 de
483 1061 542 1128 illa
558 1081 671 1146 pacem
689 1061 843 1139 fecerunt,
861 1066 893 1126 et
918 1066 1036 1126 terram
1062 1077 1133 1124 cum
1165 1059 1232 1125 suis
1264 1058 1360 1144 perti-

232 1169 369 1256 nencijs‚
386 1191 445 1256 pro
461 1189 526 1254 qua
543 1168 728 1253 litigabant,
744 1169 837 1234 Buda
863 1187 935 1235 cum
966 1169 1033 1234 suis
1065 1167 1180 1232 ceteris
1212 1165 1360 1249 cognatis

232 1279 380 1346 Ecclesia
396 1279 483 1345 dicte
499 1277 624 1344 dimisit
640 1277 698 1342 tali
716 1278 821 1364 modo,
838 1283 873 1342 ut
888 1279 915 1342 si
943 1277 1097 1361 deinceps
1125 1277 1166 1341 lis
1198 1275 1240 1342 de
1271 1283 1360 1340 terra

236 1387 296 1453 illa
312 1407 369 1473 per
385 1386 510 1452 Budam
528 1386 581 1452 uel
598 1405 673 1452 suos
690 1393 847 1467 cognatos
863 1385 1012 1470 oriretur,
1030 1383 1160 1468 litigare
1190 1403 1255 1448 non
1287 1403 1360 1468 pos·

233 1503 292 1580 set,
308 1494 375 1560 nisi
399 1495 426 1558 B
449 1531 478 1541 -
501 1535 545 1576 .··
562 1533 601 1546 -
620 1493 791 1578 pecuniam
819 1493 995 1577 sumerent,
1027 1513 1125 1576 quam
1157 1498 1245 1558 terra
1276 1493 1361 1558 dicte

232 1603 380 1668 Ecclesia
396 1603 528 1668 ualeret.
551 1602 706 1668 Similiter
722 1603 751 1667 si
767 1601 879 1668 Abbas
896 1601 936 1668 de
952 1621 993 1668 ea
1009 1621 1110 1668 causa
1134 1601 1225 1667 litem
1254 1620 1360 1666 moue-

234 1715 293 1793 ret,
312 1708 411 1775 simili
428 1710 548 1776 iudicio
565 1717 758 1776 remaneret.
786 1711 826 1775 Et
841 1731 882 1777 nc
899 1746 944 1758 -
961 1749 999 1758 -
1028 1710 1227 1794 inposterum
1252 1715 1363 1794 posset

233 1816 363 1901 uiolari,
395 1817 495 1898 sigilli
527 1817 627 1884 nestri
658 1817 836 1885 munimine
867 1818 1101 1905 roborauimus,
1134 1836 1222 1883 aune
1253 1817 1362 1900 gracie

235 1923 528 1994 M⁰OO⁰XXX⁰V⁰.

234 2123 375 2186 OEredetie
394 2123 578 2188 bdrhdrtyan,
597 2123 729 2187 melynelr
748 2124 870 2189 peesetje
889 2125 1029 2187 elveszett,
1049 2139 1066 2175 a
1084 2124 1170 2175 budai
1190 2125 1244 2175 kir.
1261 2125 1357 2176 irama-

667 2213 710 2264 rei
735 2213 931 2277 levelttrban.)

669 2505 936 2517 ———-———..-...

768 3045 846 3115 les.

239 3243 371 3309 Brebiri
386 3242 525 3332 Getpely
548 3246 692 3330 spalatoi
716 3248 747 3310 ds
772 3247 926 3313 acdeuicoi
956 3246 1038 3332 prdf
1064 3248 1237 3333 bc'lcmac'pet
1259 3247 1371 3334 fcqad

525 3353 662 3440 Rapum
677 3353 845 3418 succinat.
873 3353 972 3420 1235.
988 3353 1087 3420 lusu.

350 3549 475 3616 Illustri
507 3555 539 3615 et
579 3549 751 3634 magnifico
782 3551 851 3618 viru
875 3549 970 3615 militi
1003 3557 1035 3616 et
1065 3550 1197 3618 domino
1226 3549 1370 3618 Johanni

250 3655 414 3738 Dandulc,
448 3665 577 3723 strenuo
610 3658 739 3743 comiti,
782 3657 952 3726 Judicibus
984 3669 1016 3724 et
1049 3661 1201 3728 universo
1232 3660 1371 3728 consilio

245 3765 414 3852 Ragusine
445 3765 594 3832 Civitatis
625 3763 834 3854 G(reg0rius)
866 3767 1069 3853 spalatensis
1096 3788 1136 3833 ac
1160 3767 1372 3837 Sibinicensis

246 3871 370 3959 Comes,
401 3871 533 3939 Judiees
559 3879 591 3939 et
617 3873 805 3940 Consiliarii
822 3894 893 3939 cum
912 3875 1064 3942 universo
1082 3877 1202 3962 populo
1228 3877 1372 3945 eiusdem

243 3979 392 4047 Civitatis
424 3987 578 4064 tanquam
612 3981 727 4048 amicis
759 3989 792 4048 et
820 3981 1002 4050 karissimis
1019 3985 1168 4068 cognatis
1185 3987 1324 4052 salutern
1342 3993 1373 4052 et

243 4089 363 4154 amoris
380 4089 544 4155 vinculum
560 4089 732 4157 insolubile
743 4109 944 4174 permanere.
959 4093 1038 4158 Gum
1049 4093 1190 4159 altisime
1204 4094 1374 4161 societatis

245 4202 278 4260 et
293 4195 436 4262 amicitie
452 4197 547 4264 fedus
563 4198 649 4264 inter
666 4219 725 4265 nos
741 4200 785 4266 sit
802 4200 979 4283 antiquitus
997 4200 1096 4267 dante
1112 4201 1253 4268 Domino
1270 4203 1372 4269 stabi·

244 4305 347 4392 litum,
361 4306 491 4373 omnino
509 4307 635 4375 videtur
652 4327 827 4391 congruum
845 4315 877 4374 et
893 4329 1068 4376 consonum
1085 4309 1217 4395 rationi,
1234 4319 1270 4377 ut
1286 4310 1373 4378 idem

243 4413 284 4479 sit
295 4411 329 4477 in
343 4413 438 4480 iustis
454 4413 593 4499 negotiis
610 4417 798 4485 exercendis
815 4417 992 4485 voluntatis
1009 4417 1156 4484 affectus.
1173 4417 1270 4504 Quia,
1282 4425 1318 4486 ut
1327 4419 1376 4486 ait

245 4521 385 4605 sapiens,
401 4521 486 4590 idem
504 4523 589 4590 velle
604 4529 704 4608 atquc
719 4524 805 4591 idem
815 4527 904 4593 nolle
920 4549 960 4594 ea
976 4527 1105 4596 demum
1121 4529 1216 4596 firma
1230 4527 1375 4596 amicitia

247 4634 304 4696 est.
329 4628 400 4695 Nec
416 4629 509 4698 decet
526 4651 636 4698 aurem
654 4631 760 4700 cerdis
786 4639 943 4721 avertere,
973 4635 1001 4704 si
1034 4637 1147 4722 aliqua
1177 4636 1296 4706 hutilia
1323 4636 1375 4706 vel
