3080 5146
802 303 960 434 „aa

208 535 213 540 '
303 527 357 593 ¹de
374 525 486 612 predio
501 527 568 613 Sap
585 527 726 612 nomine,
744 547 806 610 que
822 533 980 608 suaerat,
1005 534 1038 596 et
1053 535 1154 598 totum
1171 529 1330 618 predium,
1357 529 1440 612 quod
1518 526 1537 620 :sl

315 641 450 700 uocatur
466 633 619 721 Berebee,
637 634 723 716 quod
740 634 811 721 ipse
826 635 1025 720 possidebat,
1043 655 1105 721 que
1121 657 1181 704 sua
1207 644 1283 704 sunt
1306 639 1340 704 in
1365 639 1440 705 Stri·
1524 625 1537 676 ³³

299 741 465 825 ¹goniensi
484 740 654 810 comitatu.
693 743 735 808 ut
751 745 905 827 quoniam
923 744 1039 810 ultima
1055 745 1170 829 quinta
1186 752 1220 812 et
1244 751 1347 812 toturn
1372 767 1437 832 pre·
1536 779 1537 784 ¹

316 849 402 918 dium
420 851 532 935 primis
561 849 686 916 duabus
718 850 839 934 quintis
871 871 936 917 non
968 851 1214 940 equiualebant,
1248 853 1319 940 ipse
1349 852 1442 919 Nana
1536 854 1537 858 ’

314 957 432 1024 Comes
448 965 522 1024 octo
538 977 666 1024 marcas
684 957 725 1024 do
740 965 877 1043 argento
893 958 1133 1045 superaddidit,
1150 980 1233 1045 quas
1249 960 1323 1046 ipse
1338 959 1440 1028 Jobse
1536 975 1537 1001 l

300 1083 426 1132 coram
444 1067 540 1135 nobis
555 1064 721 1134 consessus
739 1073 787 1132 est
802 1065 976 1150 recepisse.
992 1067 1027 1134 Si
1045 1085 1123 1134 nero
1139 1067 1333 1136 Kuarterins
1350 1069 1443 1136 lrater

315 1172 419 1257 ipsine
435 1173 531 1240 Nana
549 1171 683 1242 Comitis
700 1171 879 1260 predictum
894 1173 958 1241 lob
976 1174 1027 1242 ael
1044 1175 1113 1242 eius
1140 1174 1276 1244 heredes
1300 1177 1441 1262 predicto
1536 1181 1537 1214 ³

315 1283 412 1363 sapei
428 1281 620 1349 concambio
635 1289 833 1367 presumeret
849 1280 1028 1368 aliquando
1040 1281 1230 1370 molestare,
1257 1284 1331 1371 ipse
1349 1285 1442 1354 Rana

298 1385 431 1453 ²(lorrree
447 1393 596 1456 teneatur
611 1387 742 1456 eosdem
758 1388 909 1454 liberere.
948 1386 1041 1466 Quod
1058 1397 1093 1456 ut
1120 1396 1225 1457 ratum
1257 1399 1290 1458 et
1320 1392 1443 1458 firmum

316 1493 566 1578 permanentem
583 1496 687 1580 partis
703 1493 866 1580 utriusque
882 1517 1014 1583 precum
1030 1496 1225 1565 instanciam
1240 1497 1443 1587 litteraapre·

314 1607 426 1668 eentes
443 1605 546 1670 nostri
562 1601 773 1687 opposicione
789 1601 891 1686 sigilli
907 1603 1078 1672 roboratas
1103 1605 1169 1690 ipsi
1200 1607 1297 1673 Narra
1330 1604 1445 1672 Comiti

305 1708 510 1778 xcontulimus
543 1707 674 1776 modum
705 1709 896 1795 supradicto
928 1713 1196 1780 commutacionis
1227 1715 1442 1800 continentes,

314 1835 401 1884 anno
416 1815 548 1883 Domini
562 1815 741 1885 M⁰GO⁰XL
749 1816 857 1885 ⁰v111⁰
873 1839 985 1886 mense
999 1819 1134 1888 Marcio.
1175 1821 1334 1890 Yurlrone
1363 1823 1442 1890 Oan-

317 1929 396 2010 tore,
413 1923 584 1992 Theodoro
601 1923 753 2014 Custode,
769 1925 950 1993 Arnoldino
967 1927 1109 2014 Decano,
1135 1930 1317 2016 ceterisque
1335 1951 1443 2016 qnam·

310 2032 463 2118 ,pluribus
478 2031 597 2099 ibidem
615 2033 839 2101 existentibus.
851 2033 970 2101 Datum
990 2055 1048 2119 per
1064 2055 1179 2103 manns
1196 2039 1284 2105 Petri
1294 2037 1444 2123 Magistri

316 2141 461 2210 Lectorie
481 2141 850 2229 Quinqneecolesiensis.

301 2335 458 2398 adrodens
479 2341 663 2407 bdrhdrtyan‚
684 2339 853 2407 ludabnsdgee
872 2341 1110 2393 benderaeindron
1128 2341 1216 2408 tuggo
1236 2342 1334 2406 peccet
1355 2344 1441 2406 alatt;

604 2429 726 2480 abudai
744 2430 797 2482 kir.
818 2431 947 2483 kamarui
967 2429 1161 2494 levtltdrben.)

743 2717 1015 2730 -n—-u-—nn——

843 3233 921 3316 adt.

306 3451 345 3516 ¹«d
358 3452 515 3538 pozeoapi
530 3448 754 3535 lca'ptuloaaolc
770 3446 1051 3536 biaoaysdplecele,
1067 3453 1151 3534 bopy
1168 3448 1309 3514 Konieaa'
1326 3448 1444 3532 Remea

310 3556 618 3624 apokateetocreivel
649 3556 796 3640 biaonyos
821 3551 1087 3642 birtolcoeatdlpro
1117 3555 1211 3620 aduae
1242 3553 1445 3640 eppeakedett.

829 3661 927 3730 1249.

592 3855 621 3919 A
730 3854 756 3918 B
866 3855 891 3921 O
1001 3856 1030 3920 D
1139 3853 1167 3918 Ε

421 3961 607 4048 Capitulum
625 3963 770 4030 Ecclesia
787 3961 995 4029 Posonieusie
1013 3961 1161 4032 omnibus
1177 3963 1219 4030 ad
1236 3983 1316 4048 qnos
1332 3965 1441 4034 littere

313 4079 478 4158 presentes
495 4069 703 4156 peruenerint
718 4071 856 4136 salutem
872 4069 905 4134 in
921 4069 1068 4138 Domino.
1092 4069 1322 4154 Significanrns
1337 4073 1445 4157 uobis,

314 4177 401 4265 quod
417 4177 612 4246 constitutas
629 4195 738 4244 coram
755 4177 849 4244 nobis
864 4179 985 4261 Remeg
1001 4177 1042 4244 de
1057 4177 1183 4246 Kamisa
1198 4177 1322 4246 familie
1343 4181 1444 4266 Regis

313 4289 357 4354 ab
374 4307 440 4353 una
457 4294 557 4372 parte,
575 4287 616 4353 ab
633 4287 738 4354 altera
753 4306 828 4354 vero
844 4285 971 4373 Saulus,
990 4285 1140 4375 blicbael,
1165 4286 1270 4375 Mart,
1299 4289 1361 4376 filij
1380 4291 1444 4358 lra-
1536 4293 1537 4376 j

314 4394 374 4462 tris
390 4394 535 4464 eiusdem
552 4397 597 4480 R,
616 4402 647 4461 et
662 4393 747 4462 idom
764 4401 829 4461 tres
845 4414 903 4482 pro
920 4396 1010 4461 Bene
1026 4394 1126 4464 fratre
1141 4397 1286 4480 ipsorum
1309 4417 1444 4485 rospon-

314 4502 442 4589 dentes,
458 4501 543 4584 quod
560 4503 594 4568 iu
611 4501 700 4569 nullo
717 4501 822 4570 dictus
837 4503 875 4568 B.
893 4501 1037 4589 ipsoram
1053 4503 1210 4571 uoluntati
1227 4503 1260 4569 in
1293 4504 1357 4574 boc
1389 4509 1444 4576 ob·

313 4608 460 4691 sisteret;
485 4627 623 4676 necnon
641 4607 809 4677 Barnabas
834 4607 874 4677 do
905 4609 1060 4695 Vstenud,
1094 4612 1148 4695 qni
1179 4629 1215 4679 so
1247 4612 1445 4698 pristaldunr
