<?xml version="1.0" encoding="UTF-8"?>
<!DOCTYPE html PUBLIC "-//W3C//DTD XHTML 1.0 Transitional//EN"
    "http://www.w3.org/TR/xhtml1/DTD/xhtml1-transitional.dtd">
<html xmlns="http://www.w3.org/1999/xhtml" xml:lang="en" lang="en">
 <head>
  <title>
</title>
<meta http-equiv="Content-Type" content="text/html;charset=utf-8" />
  <meta name='ocr-system' content='tesseract 3.04.00' />
  <meta name='ocr-capabilities' content='ocr_page ocr_carea ocr_par ocr_line ocrx_word'/>
</head>
<body>
  <div class='ocr_page' id='page_1' title='image "./codexdiplomatic10wenzgoog_0430.png"; bbox 0 0 3080 5146; ppageno 0'>
   <div class='ocr_carea' id='block_1_1' title="bbox 557 208 718 318">
    <p class='ocr_par' dir='ltr' id='par_1_1' title="bbox 557 208 718 318">
     <span class='ocr_line' id='line_1_1' title="bbox 557 208 718 318; baseline 0 -44"><span class='ocrx_word' id='word_1_1' title='bbox 557 208 718 318; x_wconf 41' lang='lat' dir='ltr'>*RS-9-</span> 
     </span>
    </p>
   </div>
   <div class='ocr_carea' id='block_1_2' title="bbox 72 399 1231 4580">
    <p class='ocr_par' dir='ltr' id='par_1_2' title="bbox 72 399 1202 596">
     <span class='ocr_line' id='line_1_2' title="bbox 72 399 1202 495; baseline 0 -27"><span class='ocrx_word' id='word_1_2' title='bbox 72 400 293 468; x_wconf 86' lang='lat' dir='ltr'>nltramarinis</span> <span class='ocrx_word' id='word_1_3' title='bbox 322 409 355 470; x_wconf 92' lang='lat' dir='ltr'>et</span> <span class='ocrx_word' id='word_1_4' title='bbox 389 407 474 468; x_wconf 88' lang='lat' dir='ltr'>terre</span> <span class='ocrx_word' id='word_1_5' title='bbox 503 399 656 490; x_wconf 79' lang='lat' dir='ltr'><strong>Aegypti,</strong></span> <span class='ocrx_word' id='word_1_6' title='bbox 686 401 808 470; x_wconf 77' lang='lat' dir='ltr'>&#39;l&#39;unixi</span> <span class='ocrx_word' id='word_1_7' title='bbox 838 409 872 472; x_wconf 90' lang='lat' dir='ltr'>et</span> <span class='ocrx_word' id='word_1_8' title='bbox 886 402 1052 486; x_wconf 73' lang='lat' dir='ltr'>Barbarie,</span> <span class='ocrx_word' id='word_1_9' title='bbox 1068 401 1202 495; x_wconf 84' lang='lat' dir='ltr'>scirent</span> 
     </span>
     <span class='ocr_line' id='line_1_3' title="bbox 76 507 1200 596; baseline 0 -22"><span class='ocrx_word' id='word_1_10' title='bbox 76 509 213 592; x_wconf 89' lang='lat' dir='ltr'>quintum</span> <span class='ocrx_word' id='word_1_11' title='bbox 229 531 239 589; x_wconf 91' lang='lat'>;</span> <span class='ocrx_word' id='word_1_12' title='bbox 256 515 291 576; x_wconf 89' lang='lat' dir='ltr'>et</span> <span class='ocrx_word' id='word_1_13' title='bbox 316 508 357 575; x_wconf 88' lang='lat' dir='ltr'>de</span> <span class='ocrx_word' id='word_1_14' title='bbox 386 508 546 577; x_wconf 88' lang='lat' dir='ltr'>mercibus</span> <span class='ocrx_word' id='word_1_15' title='bbox 577 509 684 593; x_wconf 84' lang='lat' dir='ltr'>Regni</span> <span class='ocrx_word' id='word_1_16' title='bbox 715 507 826 578; x_wconf 89' lang='lat' dir='ltr'>Sicilie</span> <span class='ocrx_word' id='word_1_17' title='bbox 858 517 890 578; x_wconf 90' lang='lat' dir='ltr'>et</span> <span class='ocrx_word' id='word_1_18' title='bbox 920 509 1037 596; x_wconf 84' lang='lat' dir='ltr'>Apulia</span> <span class='ocrx_word' id='word_1_19' title='bbox 1068 509 1200 577; x_wconf 82' lang='lat' dir='ltr'>solvent</span> 
     </span>
    </p>

    <p class='ocr_par' dir='ltr' id='par_1_3' title="bbox 73 614 1199 702">
     <span class='ocr_line' id='line_1_4' title="bbox 73 614 1199 702; baseline -0.001 -18"><span class='ocrx_word' id='word_1_20' title='bbox 73 615 356 702; x_wconf 82' lang='lat' dir='ltr'>quadragesimum</span> <span class='ocrx_word' id='word_1_21' title='bbox 387 614 559 683; x_wconf 79' lang='lat' dir='ltr'><strong>Communi</strong></span> <span class='ocrx_word' id='word_1_22' title='bbox 590 617 797 686; x_wconf 75' lang='lat' dir='ltr'>venetiarum</span> <span class='ocrx_word' id='word_1_23' title='bbox 813 641 821 700; x_wconf 90' lang='lat'>;</span> <span class='ocrx_word' id='word_1_24' title='bbox 837 617 931 686; x_wconf 85' lang='lat' dir='ltr'>saluo</span> <span class='ocrx_word' id='word_1_25' title='bbox 948 617 1036 701; x_wconf 87' lang='lat' dir='ltr'>quod</span> <span class='ocrx_word' id='word_1_26' title='bbox 1050 617 1199 684; x_wconf 92' lang='lat' dir='ltr'>homines</span> 
     </span>
    </p>

    <p class='ocr_par' dir='ltr' id='par_1_4' title="bbox 75 723 1196 810">
     <span class='ocr_line' id='line_1_5' title="bbox 75 723 1196 810; baseline 0 -18"><span class='ocrx_word' id='word_1_27' title='bbox 75 723 202 805; x_wconf 80' lang='lat' dir='ltr'>Bagusii</span> <span class='ocrx_word' id='word_1_28' title='bbox 234 745 303 792; x_wconf 93' lang='lat' dir='ltr'>non</span> <span class='ocrx_word' id='word_1_29' title='bbox 328 724 470 790; x_wconf 86' lang='lat' dir='ltr'>debeant</span> <span class='ocrx_word' id='word_1_30' title='bbox 484 723 532 792; x_wconf 89' lang='lat' dir='ltr'>ire</span> <span class='ocrx_word' id='word_1_31' title='bbox 547 725 581 791; x_wconf 93' lang='lat' dir='ltr'>iu</span> <span class='ocrx_word' id='word_1_32' title='bbox 595 725 744 809; x_wconf 82' lang='lat' dir='ltr'>Regnum</span> <span class='ocrx_word' id='word_1_33' title='bbox 760 725 871 794; x_wconf 89' lang='lat' dir='ltr'>Sicilie</span> <span class='ocrx_word' id='word_1_34' title='bbox 886 729 920 791; x_wconf 91' lang='lat' dir='ltr'>et</span> <span class='ocrx_word' id='word_1_35' title='bbox 933 725 1065 810; x_wconf 86' lang='lat' dir='ltr'>Apulie,</span> <span class='ocrx_word' id='word_1_36' title='bbox 1081 724 1110 792; x_wconf 93' lang='lat' dir='ltr'>si</span> <span class='ocrx_word' id='word_1_37' title='bbox 1127 744 1196 809; x_wconf 90' lang='lat' dir='ltr'>pro·</span> 
     </span>
    </p>

    <p class='ocr_par' dir='ltr' id='par_1_5' title="bbox 75 829 1198 917">
     <span class='ocr_line' id='line_1_6' title="bbox 75 829 1198 917; baseline 0.004 -22"><span class='ocrx_word' id='word_1_38' title='bbox 75 829 204 898; x_wconf 90' lang='lat' dir='ltr'>bibitum</span> <span class='ocrx_word' id='word_1_39' title='bbox 220 831 325 898; x_wconf 85' lang='lat' dir='ltr'>fuerit</span> <span class='ocrx_word' id='word_1_40' title='bbox 339 829 526 900; x_wconf 85' lang='lat' dir='ltr'>hominibus</span> <span class='ocrx_word' id='word_1_41' title='bbox 545 830 771 917; x_wconf 74' lang='lat' dir='ltr'>veneciarum,</span> <span class='ocrx_word' id='word_1_42' title='bbox 786 853 827 899; x_wconf 89' lang='lat' dir='ltr'>ne</span> <span class='ocrx_word' id='word_1_43' title='bbox 843 830 968 900; x_wconf 87' lang='lat' dir='ltr'>vadant</span> <span class='ocrx_word' id='word_1_44' title='bbox 983 831 1018 898; x_wconf 94' lang='lat' dir='ltr'>in</span> <span class='ocrx_word' id='word_1_45' title='bbox 1048 831 1198 916; x_wconf 81' lang='lat' dir='ltr'>Regnum</span> 
     </span>
    </p>

    <p class='ocr_par' dir='ltr' id='par_1_6' title="bbox 76 935 1200 1025">
     <span class='ocr_line' id='line_1_7' title="bbox 76 935 1200 1025; baseline 0.004 -24"><span class='ocrx_word' id='word_1_46' title='bbox 76 935 178 1005; x_wconf 89' lang='lat' dir='ltr'>Sicilie</span> <span class='ocrx_word' id='word_1_47' title='bbox 208 945 242 1004; x_wconf 90' lang='lat' dir='ltr'>et</span> <span class='ocrx_word' id='word_1_48' title='bbox 273 937 416 1024; x_wconf 80' lang='lat' dir='ltr'>Apulie3</span> <span class='ocrx_word' id='word_1_49' title='bbox 434 947 467 1006; x_wconf 89' lang='lat' dir='ltr'>ct</span> <span class='ocrx_word' id='word_1_50' title='bbox 492 937 577 1022; x_wconf 81' lang='lat' dir='ltr'>quod</span> <span class='ocrx_word' id='word_1_51' title='bbox 609 938 757 1008; x_wconf 90' lang='lat' dir='ltr'>homines</span> <span class='ocrx_word' id='word_1_52' title='bbox 789 939 927 1025; x_wconf 87' lang='lat' dir='ltr'>Ragusii</span> <span class='ocrx_word' id='word_1_53' title='bbox 958 940 999 1006; x_wconf 89' lang='lat' dir='ltr'>de</span> <span class='ocrx_word' id='word_1_54' title='bbox 1029 937 1200 1022; x_wconf 81' lang='lat' dir='ltr'>mercibus,</span> 
     </span>
    </p>

    <p class='ocr_par' dir='ltr' id='par_1_7' title="bbox 77 1045 1222 1223">
     <span class='ocr_line' id='line_1_8' title="bbox 78 1045 1222 1134; baseline 0.001 -23"><span class='ocrx_word' id='word_1_55' title='bbox 78 1064 151 1127; x_wconf 88' lang='lat' dir='ltr'>quas</span> <span class='ocrx_word' id='word_1_56' title='bbox 181 1045 362 1114; x_wconf 81' lang='lat' dir='ltr'>detulerint</span> <span class='ocrx_word' id='word_1_57' title='bbox 392 1045 549 1114; x_wconf 82' lang='lat' dir='ltr'>Venetiae</span> <span class='ocrx_word' id='word_1_58' title='bbox 581 1045 622 1114; x_wconf 88' lang='lat' dir='ltr'>de</span> <span class='ocrx_word' id='word_1_59' title='bbox 652 1047 767 1132; x_wconf 90' lang='lat' dir='ltr'>Regno</span> <span class='ocrx_word' id='word_1_60' title='bbox 797 1047 909 1115; x_wconf 82' lang='lat' dir='ltr'>Sicilie</span> <span class='ocrx_word' id='word_1_61' title='bbox 926 1055 959 1114; x_wconf 90' lang='lat' dir='ltr'>et</span> <span class='ocrx_word' id='word_1_62' title='bbox 973 1047 1102 1134; x_wconf 83' lang='lat' dir='ltr'>Apulis,</span> <span class='ocrx_word' id='word_1_63' title='bbox 1118 1047 1222 1114; x_wconf 78' lang='lat' dir='ltr'>illue</span> 
     </span>
     <span class='ocr_line' id='line_1_9' title="bbox 77 1151 1202 1223; baseline 0.004 -6"><span class='ocrx_word' id='word_1_64' title='bbox 77 1151 193 1219; x_wconf 85' lang='lat' dir='ltr'>datium</span> <span class='ocrx_word' id='word_1_65' title='bbox 224 1153 397 1220; x_wconf 81' lang='lat' dir='ltr'>Communi</span> <span class='ocrx_word' id='word_1_66' title='bbox 427 1151 638 1222; x_wconf 86' lang='lat' dir='ltr'>Venetiarum</span> <span class='ocrx_word' id='word_1_67' title='bbox 672 1156 705 1222; x_wconf 93' lang='lat' dir='ltr'>in</span> <span class='ocrx_word' id='word_1_68' title='bbox 737 1154 882 1223; x_wconf 86' lang='lat' dir='ltr'>Venetiis</span> <span class='ocrx_word' id='word_1_69' title='bbox 915 1153 995 1222; x_wconf 89' lang='lat' dir='ltr'>dare</span> <span class='ocrx_word' id='word_1_70' title='bbox 1011 1162 1043 1222; x_wconf 91' lang='lat' dir='ltr'>et</span> <span class='ocrx_word' id='word_1_71' title='bbox 1074 1155 1202 1222; x_wconf 85' lang='lat' dir='ltr'>soluere</span> 
     </span>
    </p>

    <p class='ocr_par' dir='ltr' id='par_1_8' title="bbox 80 1247 1200 1349">
     <span class='ocr_line' id='line_1_10' title="bbox 80 1247 1200 1349; baseline 0.004 -24"><span class='ocrx_word' id='word_1_72' title='bbox 80 1247 210 1327; x_wconf 82' lang='lat' dir='ltr'>debeant</span> <span class='ocrx_word' id='word_1_73' title='bbox 226 1269 263 1327; x_wconf 90' lang='lat' dir='ltr'>et</span> <span class='ocrx_word' id='word_1_74' title='bbox 277 1268 463 1349; x_wconf 87' lang='lat' dir='ltr'>teneantur,</span> <span class='ocrx_word' id='word_1_75' title='bbox 479 1261 566 1346; x_wconf 84' lang='lat' dir='ltr'>quod</span> <span class='ocrx_word' id='word_1_76' title='bbox 583 1263 793 1330; x_wconf 89' lang='lat' dir='ltr'>constitutum</span> <span class='ocrx_word' id='word_1_77' title='bbox 810 1270 859 1332; x_wconf 91' lang='lat' dir='ltr'>est</span> <span class='ocrx_word' id='word_1_78' title='bbox 874 1263 928 1329; x_wconf 88' lang='lat' dir='ltr'>vel</span> <span class='ocrx_word' id='word_1_79' title='bbox 958 1261 999 1328; x_wconf 86' lang='lat' dir='ltr'>dc</span> <span class='ocrx_word' id='word_1_80' title='bbox 1031 1268 1137 1329; x_wconf 91' lang='lat' dir='ltr'>cetero</span> <span class='ocrx_word' id='word_1_81' title='bbox 1153 1261 1200 1330; x_wconf 90' lang='lat' dir='ltr'>fo·</span> 
     </span>
    </p>

    <p class='ocr_par' dir='ltr' id='par_1_9' title="bbox 80 1368 1231 4360">
     <span class='ocr_line' id='line_1_11' title="bbox 80 1368 1231 1453; baseline 0.003 -21"><span class='ocrx_word' id='word_1_82' title='bbox 80 1369 135 1434; x_wconf 90' lang='lat' dir='ltr'>erit</span> <span class='ocrx_word' id='word_1_83' title='bbox 162 1369 378 1435; x_wconf 90' lang='lat' dir='ltr'>constitutum</span> <span class='ocrx_word' id='word_1_84' title='bbox 409 1389 468 1453; x_wconf 90' lang='lat' dir='ltr'>per</span> <span class='ocrx_word' id='word_1_85' title='bbox 485 1368 651 1436; x_wconf 90' lang='lat' dir='ltr'>dominum</span> <span class='ocrx_word' id='word_1_86' title='bbox 665 1372 790 1436; x_wconf 86' lang='lat' dir='ltr'>Ducem</span> <span class='ocrx_word' id='word_1_87' title='bbox 807 1377 839 1437; x_wconf 92' lang='lat' dir='ltr'>et</span> <span class='ocrx_word' id='word_1_88' title='bbox 854 1370 1030 1436; x_wconf 80' lang='lat' dir='ltr'>Commune</span> <span class='ocrx_word' id='word_1_89' title='bbox 1045 1369 1196 1436; x_wconf 87' lang='lat' dir='ltr'>Venetia·</span> <span class='ocrx_word' id='word_1_90' title='bbox 1224 1399 1231 1408; x_wconf 87' lang='lat'><strong>·</strong></span> 
     </span>
     <span class='ocr_line' id='line_1_12' title="bbox 81 1475 1200 1546; baseline 0.004 -7"><span class='ocrx_word' id='word_1_91' title='bbox 81 1495 143 1542; x_wconf 93' lang='lat' dir='ltr'>rum</span> <span class='ocrx_word' id='word_1_92' title='bbox 158 1476 308 1542; x_wconf 88' lang='lat' dir='ltr'>solvendi</span> <span class='ocrx_word' id='word_1_93' title='bbox 326 1483 358 1543; x_wconf 92' lang='lat' dir='ltr'>et</span> <span class='ocrx_word' id='word_1_94' title='bbox 387 1475 489 1542; x_wconf 85' lang='lat' dir='ltr'>dandi</span> <span class='ocrx_word' id='word_1_95' title='bbox 506 1478 548 1543; x_wconf 88' lang='lat' dir='ltr'>ab</span> <span class='ocrx_word' id='word_1_96' title='bbox 566 1476 750 1546; x_wconf 90' lang='lat' dir='ltr'>hominibus</span> <span class='ocrx_word' id='word_1_97' title='bbox 767 1477 976 1544; x_wconf 88' lang='lat' dir='ltr'>Venetiarum</span> <span class='ocrx_word' id='word_1_98' title='bbox 994 1477 1028 1542; x_wconf 91' lang='lat' dir='ltr'>in</span> <span class='ocrx_word' id='word_1_99' title='bbox 1053 1475 1200 1544; x_wconf 91' lang='lat' dir='ltr'>Venetiis</span> 
     </span>
     <span class='ocr_line' id='line_1_13' title="bbox 82 1583 1203 1670; baseline 0 -22"><span class='ocrx_word' id='word_1_100' title='bbox 82 1583 239 1652; x_wconf 82' lang='lat' dir='ltr'>Communi</span> <span class='ocrx_word' id='word_1_101' title='bbox 271 1584 482 1651; x_wconf 90' lang='lat' dir='ltr'>Venetiarum</span> <span class='ocrx_word' id='word_1_102' title='bbox 514 1605 571 1670; x_wconf 92' lang='lat' dir='ltr'>pro</span> <span class='ocrx_word' id='word_1_103' title='bbox 603 1585 692 1652; x_wconf 88' lang='lat' dir='ltr'>datio</span> <span class='ocrx_word' id='word_1_104' title='bbox 725 1584 885 1651; x_wconf 87' lang='lat' dir='ltr'>dictarum</span> <span class='ocrx_word' id='word_1_105' title='bbox 911 1585 1203 1667; x_wconf 85' lang='lat' dir='ltr'>mercimoniorum,</span> 
     </span>
     <span class='ocr_line' id='line_1_14' title="bbox 83 1690 1202 1778; baseline 0.002 -23"><span class='ocrx_word' id='word_1_106' title='bbox 83 1709 153 1770; x_wconf 81' lang='lat' dir='ltr'>quas</span> <span class='ocrx_word' id='word_1_107' title='bbox 168 1690 285 1758; x_wconf 86' lang='lat' dir='ltr'>Veneti</span> <span class='ocrx_word' id='word_1_108' title='bbox 302 1691 459 1758; x_wconf 89' lang='lat' dir='ltr'>Venetias</span> <span class='ocrx_word' id='word_1_109' title='bbox 475 1699 691 1778; x_wconf 84' lang='lat' dir='ltr'>apportarent</span> <span class='ocrx_word' id='word_1_110' title='bbox 709 1695 750 1759; x_wconf 89' lang='lat' dir='ltr'>de</span> <span class='ocrx_word' id='word_1_111' title='bbox 765 1695 877 1776; x_wconf 86' lang='lat' dir='ltr'>Regno</span> <span class='ocrx_word' id='word_1_112' title='bbox 892 1692 1005 1760; x_wconf 82' lang='lat' dir='ltr'>Sicilie</span> <span class='ocrx_word' id='word_1_113' title='bbox 1015 1691 1176 1778; x_wconf 84' lang='lat' dir='ltr'>etApulie</span> <span class='ocrx_word' id='word_1_114' title='bbox 1194 1717 1202 1772; x_wconf 90' lang='lat'>;</span> 
     </span>
     <span class='ocr_line' id='line_1_15' title="bbox 85 1787 1202 1895; baseline 0.004 -34"><span class='ocrx_word' id='word_1_115' title='bbox 85 1801 179 1868; x_wconf 90' lang='lat' dir='ltr'>etboc</span> <span class='ocrx_word' id='word_1_116' title='bbox 208 1820 301 1895; x_wconf 88' lang='lat' dir='ltr'>sane</span> <span class='ocrx_word' id='word_1_117' title='bbox 321 1787 538 1889; x_wconf 80' lang='lat' dir='ltr'>intelligatur,</span> <span class='ocrx_word' id='word_1_118' title='bbox 569 1801 598 1868; x_wconf 92' lang='lat' dir='ltr'>si</span> <span class='ocrx_word' id='word_1_119' title='bbox 630 1803 754 1869; x_wconf 90' lang='lat' dir='ltr'>datium</span> <span class='ocrx_word' id='word_1_120' title='bbox 781 1801 991 1868; x_wconf 87' lang='lat' dir='ltr'>constitutum</span> <span class='ocrx_word' id='word_1_121' title='bbox 1015 1802 1088 1886; x_wconf 91' lang='lat' dir='ltr'>plus</span> <span class='ocrx_word' id='word_1_122' title='bbox 1105 1798 1202 1868; x_wconf 84' lang='lat' dir='ltr'>fuerit</span> 
     </span>
     <span class='ocr_line' id='line_1_16' title="bbox 86 1907 1203 1996; baseline 0.004 -26"><span class='ocrx_word' id='word_1_123' title='bbox 86 1907 494 1994; x_wconf 82' lang='lat' dir='ltr'>quamquadragesimum3</span> <span class='ocrx_word' id='word_1_124' title='bbox 529 1929 601 1976; x_wconf 89' lang='lat' dir='ltr'>cum</span> <span class='ocrx_word' id='word_1_125' title='bbox 621 1910 770 1996; x_wconf 87' lang='lat' dir='ltr'>superins</span> <span class='ocrx_word' id='word_1_126' title='bbox 803 1908 1013 1995; x_wconf 90' lang='lat' dir='ltr'>contineatur,</span> <span class='ocrx_word' id='word_1_127' title='bbox 1045 1907 1130 1992; x_wconf 87' lang='lat' dir='ltr'>quod</span> <span class='ocrx_word' id='word_1_128' title='bbox 1146 1907 1203 1974; x_wconf 91' lang='lat' dir='ltr'>ho·</span> 
     </span>
     <span class='ocr_line' id='line_1_17' title="bbox 87 2013 1203 2101; baseline 0.004 -24"><span class='ocrx_word' id='word_1_129' title='bbox 87 2013 178 2081; x_wconf 89' lang='lat' dir='ltr'>mines</span> <span class='ocrx_word' id='word_1_130' title='bbox 207 2015 348 2101; x_wconf 85' lang='lat' dir='ltr'>Rugusii</span> <span class='ocrx_word' id='word_1_131' title='bbox 380 2015 420 2082; x_wconf 90' lang='lat' dir='ltr'>de</span> <span class='ocrx_word' id='word_1_132' title='bbox 451 2018 613 2084; x_wconf 84' lang='lat' dir='ltr'>mercibus</span> <span class='ocrx_word' id='word_1_133' title='bbox 630 2017 734 2101; x_wconf 87' lang='lat' dir='ltr'>Regni</span> <span class='ocrx_word' id='word_1_134' title='bbox 750 2017 863 2082; x_wconf 89' lang='lat' dir='ltr'>Sicilie</span> <span class='ocrx_word' id='word_1_135' title='bbox 879 2023 910 2082; x_wconf 92' lang='lat' dir='ltr'>et</span> <span class='ocrx_word' id='word_1_136' title='bbox 926 2015 1044 2101; x_wconf 84' lang='lat' dir='ltr'>Apulie</span> <span class='ocrx_word' id='word_1_137' title='bbox 1063 2015 1203 2082; x_wconf 89' lang='lat' dir='ltr'>debeant</span> 
     </span>
     <span class='ocr_line' id='line_1_18' title="bbox 87 2121 1200 2207; baseline 0.004 -21"><span class='ocrx_word' id='word_1_138' title='bbox 87 2121 201 2188; x_wconf 83' lang='lat' dir='ltr'>soluere</span> <span class='ocrx_word' id='word_1_139' title='bbox 232 2122 525 2207; x_wconf 88' lang='lat' dir='ltr'>quadragesimum</span> <span class='ocrx_word' id='word_1_140' title='bbox 551 2125 721 2190; x_wconf 79' lang='lat' dir='ltr'>Communi</span> <span class='ocrx_word' id='word_1_141' title='bbox 735 2122 955 2190; x_wconf 88' lang='lat' dir='ltr'>Venetiarum.</span> <span class='ocrx_word' id='word_1_142' title='bbox 972 2121 1023 2188; x_wconf 94' lang='lat' dir='ltr'>De</span> <span class='ocrx_word' id='word_1_143' title='bbox 1040 2122 1200 2191; x_wconf 86' lang='lat' dir='ltr'>mercibus</span> 
     </span>
     <span class='ocr_line' id='line_1_19' title="bbox 87 2227 1198 2296; baseline 0.002 -4"><span class='ocrx_word' id='word_1_144' title='bbox 87 2247 151 2294; x_wconf 75' lang='lat' dir='ltr'>uero</span> <span class='ocrx_word' id='word_1_145' title='bbox 181 2227 354 2296; x_wconf 88' lang='lat' dir='ltr'>Selavonie</span> <span class='ocrx_word' id='word_1_146' title='bbox 369 2228 403 2294; x_wconf 92' lang='lat' dir='ltr'>in</span> <span class='ocrx_word' id='word_1_147' title='bbox 419 2229 564 2296; x_wconf 86' lang='lat' dir='ltr'>Venetiis</span> <span class='ocrx_word' id='word_1_148' title='bbox 579 2229 660 2296; x_wconf 90' lang='lat' dir='ltr'>nibil</span> <span class='ocrx_word' id='word_1_149' title='bbox 676 2231 802 2296; x_wconf 88' lang='lat' dir='ltr'>solvere</span> <span class='ocrx_word' id='word_1_150' title='bbox 828 2230 982 2296; x_wconf 87' lang='lat' dir='ltr'>debeant.</span> <span class='ocrx_word' id='word_1_151' title='bbox 999 2229 1040 2294; x_wconf 83' lang='lat' dir='ltr'>lit</span> <span class='ocrx_word' id='word_1_152' title='bbox 1057 2235 1198 2296; x_wconf 86' lang='lat' dir='ltr'>tantum-</span> 
     </span>
     <span class='ocr_line' id='line_1_20' title="bbox 88 2335 1204 2422; baseline 0.003 -23"><span class='ocrx_word' id='word_1_153' title='bbox 88 2335 170 2402; x_wconf 82' lang='lat' dir='ltr'>modo</span> <span class='ocrx_word' id='word_1_154' title='bbox 184 2356 253 2404; x_wconf 91' lang='lat' dir='ltr'>cum</span> <span class='ocrx_word' id='word_1_155' title='bbox 270 2341 413 2420; x_wconf 81' lang='lat' dir='ltr'>quatuor</span> <span class='ocrx_word' id='word_1_156' title='bbox 428 2336 605 2421; x_wconf 80' lang='lat' dir='ltr'>navigiolis</span> <span class='ocrx_word' id='word_1_157' title='bbox 621 2358 643 2403; x_wconf 91' lang='lat' dir='ltr'>a</span> <span class='ocrx_word' id='word_1_158' title='bbox 657 2337 870 2422; x_wconf 83' lang='lat' dir='ltr'>septuaginta</span> <span class='ocrx_word' id='word_1_159' title='bbox 890 2335 1052 2403; x_wconf 88' lang='lat' dir='ltr'>milliariis</span> <span class='ocrx_word' id='word_1_160' title='bbox 1069 2343 1102 2403; x_wconf 92' lang='lat' dir='ltr'>et</span> <span class='ocrx_word' id='word_1_161' title='bbox 1118 2337 1204 2403; x_wconf 85' lang='lat' dir='ltr'>infra</span> 
     </span>
     <span class='ocr_line' id='line_1_21' title="bbox 88 2442 1200 2532; baseline 0.007 -26"><span class='ocrx_word' id='word_1_162' title='bbox 88 2442 212 2511; x_wconf 88' lang='lat' dir='ltr'>debeant</span> <span class='ocrx_word' id='word_1_163' title='bbox 240 2445 401 2528; x_wconf 85' lang='lat' dir='ltr'>Ragusini</span> <span class='ocrx_word' id='word_1_164' title='bbox 433 2444 587 2513; x_wconf 89' lang='lat' dir='ltr'>Venetias</span> <span class='ocrx_word' id='word_1_165' title='bbox 618 2447 735 2514; x_wconf 86' lang='lat' dir='ltr'>venire</span> <span class='ocrx_word' id='word_1_166' title='bbox 766 2467 824 2532; x_wconf 89' lang='lat' dir='ltr'>per</span> <span class='ocrx_word' id='word_1_167' title='bbox 843 2466 964 2513; x_wconf 92' lang='lat' dir='ltr'>annum</span> <span class='ocrx_word' id='word_1_168' title='bbox 983 2468 992 2530; x_wconf 67' lang='grc' dir='ltr'><strong><em>ς</em></strong></span> <span class='ocrx_word' id='word_1_169' title='bbox 1009 2447 1085 2514; x_wconf 90' lang='lat' dir='ltr'>etsi</span> <span class='ocrx_word' id='word_1_170' title='bbox 1101 2446 1200 2516; x_wconf 88' lang='lat' dir='ltr'>aliter</span> 
     </span>
     <span class='ocr_line' id='line_1_22' title="bbox 89 2551 1203 2640; baseline 0.008 -26"><span class='ocrx_word' id='word_1_171' title='bbox 89 2551 229 2634; x_wconf 83' lang='lat' dir='ltr'>Rugusini</span> <span class='ocrx_word' id='word_1_172' title='bbox 255 2552 415 2620; x_wconf 84' lang='lat' dir='ltr'>Venetiae</span> <span class='ocrx_word' id='word_1_173' title='bbox 444 2553 604 2640; x_wconf 86' lang='lat' dir='ltr'>venerint,</span> <span class='ocrx_word' id='word_1_174' title='bbox 646 2552 773 2622; x_wconf 85' lang='lat' dir='ltr'>solvent</span> <span class='ocrx_word' id='word_1_175' title='bbox 803 2553 949 2636; x_wconf 87' lang='lat' dir='ltr'>quintum</span> <span class='ocrx_word' id='word_1_176' title='bbox 981 2551 1023 2620; x_wconf 91' lang='lat' dir='ltr'>ds</span> <span class='ocrx_word' id='word_1_177' title='bbox 1053 2555 1203 2623; x_wconf 92' lang='lat' dir='ltr'>omnibns</span> 
     </span>
     <span class='ocr_line' id='line_1_23' title="bbox 88 2659 1198 2748; baseline 0.01 -29"><span class='ocrx_word' id='word_1_178' title='bbox 88 2659 228 2727; x_wconf 84' lang='lat' dir='ltr'>mercibus</span> <span class='ocrx_word' id='word_1_179' title='bbox 257 2660 427 2746; x_wconf 83' lang='lat' dir='ltr'>Romania,</span> <span class='ocrx_word' id='word_1_180' title='bbox 459 2679 540 2744; x_wconf 88' lang='lat' dir='ltr'>quas</span> <span class='ocrx_word' id='word_1_181' title='bbox 573 2660 730 2728; x_wconf 85' lang='lat' dir='ltr'>Venetiae</span> <span class='ocrx_word' id='word_1_182' title='bbox 755 2659 985 2746; x_wconf 87' lang='lat' dir='ltr'>apportabunt.</span> <span class='ocrx_word' id='word_1_183' title='bbox 1002 2663 1044 2728; x_wconf 84' lang='lat' dir='ltr'>Et</span> <span class='ocrx_word' id='word_1_184' title='bbox 1058 2669 1125 2729; x_wconf 87' lang='lat' dir='ltr'>tom</span> <span class='ocrx_word' id='word_1_185' title='bbox 1140 2682 1198 2748; x_wconf 94' lang='lat' dir='ltr'>per</span> 
     </span>
     <span class='ocr_line' id='line_1_24' title="bbox 89 2767 1200 2852; baseline 0.009 -24"><span class='ocrx_word' id='word_1_186' title='bbox 89 2781 229 2848; x_wconf 84' lang='lat' dir='ltr'>guerram,</span> <span class='ocrx_word' id='word_1_187' title='bbox 262 2785 362 2849; x_wconf 89' lang='lat' dir='ltr'>quam</span> <span class='ocrx_word' id='word_1_188' title='bbox 393 2787 582 2852; x_wconf 86' lang='lat' dir='ltr'>perpacem</span> <span class='ocrx_word' id='word_1_189' title='bbox 598 2769 723 2835; x_wconf 86' lang='lat' dir='ltr'>licitum</span> <span class='ocrx_word' id='word_1_190' title='bbox 740 2773 791 2835; x_wconf 90' lang='lat' dir='ltr'>est</span> <span class='ocrx_word' id='word_1_191' title='bbox 806 2767 981 2852; x_wconf 88' lang='lat' dir='ltr'>Ragusinis</span> <span class='ocrx_word' id='word_1_192' title='bbox 997 2768 1046 2835; x_wconf 87' lang='lat' dir='ltr'>ire</span> <span class='ocrx_word' id='word_1_193' title='bbox 1061 2769 1105 2835; x_wconf 87' lang='lat' dir='ltr'>ad</span> <span class='ocrx_word' id='word_1_194' title='bbox 1120 2791 1200 2838; x_wconf 90' lang='lat' dir='ltr'>mer·</span> 
     </span>
     <span class='ocr_line' id='line_1_25' title="bbox 89 2869 1201 2962; baseline 0.012 -29"><span class='ocrx_word' id='word_1_195' title='bbox 89 2869 211 2938; x_wconf 87' lang='lat' dir='ltr'>candum</span> <span class='ocrx_word' id='word_1_196' title='bbox 225 2895 246 2941; x_wconf 89' lang='lat' dir='ltr'>a</span> <span class='ocrx_word' id='word_1_197' title='bbox 263 2873 351 2940; x_wconf 86' lang='lat' dir='ltr'>eulfo</span> <span class='ocrx_word' id='word_1_198' title='bbox 384 2873 516 2941; x_wconf 82' lang='lat' dir='ltr'>Goranti</span> <span class='ocrx_word' id='word_1_199' title='bbox 547 2875 643 2962; x_wconf 87' lang='lat' dir='ltr'>infra,</span> <span class='ocrx_word' id='word_1_200' title='bbox 675 2874 708 2942; x_wconf 93' lang='lat' dir='ltr'>in</span> <span class='ocrx_word' id='word_1_201' title='bbox 741 2874 818 2942; x_wconf 89' lang='lat' dir='ltr'>aliis</span> <span class='ocrx_word' id='word_1_202' title='bbox 835 2895 913 2942; x_wconf 90' lang='lat' dir='ltr'>vero</span> <span class='ocrx_word' id='word_1_203' title='bbox 929 2876 1076 2959; x_wconf 88' lang='lat' dir='ltr'>partibus</span> <span class='ocrx_word' id='word_1_204' title='bbox 1092 2880 1201 2947; x_wconf 86' lang='lat' dir='ltr'>vetitis</span> 
     </span>
     <span class='ocr_line' id='line_1_26' title="bbox 90 2979 1202 3073; baseline 0.007 -31"><span class='ocrx_word' id='word_1_205' title='bbox 90 2997 137 3060; x_wconf 89' lang='lat' dir='ltr'>per</span> <span class='ocrx_word' id='word_1_206' title='bbox 165 2979 330 3048; x_wconf 88' lang='lat' dir='ltr'>dominum</span> <span class='ocrx_word' id='word_1_207' title='bbox 360 2980 482 3050; x_wconf 88' lang='lat' dir='ltr'>Ducem</span> <span class='ocrx_word' id='word_1_208' title='bbox 500 2981 710 3050; x_wconf 85' lang='lat' dir='ltr'>Venetiarum</span> <span class='ocrx_word' id='word_1_209' title='bbox 726 2984 774 3050; x_wconf 89' lang='lat' dir='ltr'>ire</span> <span class='ocrx_word' id='word_1_210' title='bbox 790 3003 857 3052; x_wconf 92' lang='lat' dir='ltr'>non</span> <span class='ocrx_word' id='word_1_211' title='bbox 874 2984 1015 3050; x_wconf 89' lang='lat' dir='ltr'>debeant</span> <span class='ocrx_word' id='word_1_212' title='bbox 1030 2985 1202 3073; x_wconf 87' lang='lat' dir='ltr'>Ragueini,</span> 
     </span>
     <span class='ocr_line' id='line_1_27' title="bbox 89 3085 1197 3174; baseline 0.01 -25"><span class='ocrx_word' id='word_1_213' title='bbox 89 3085 344 3155; x_wconf 82' lang='lat' dir='ltr'>nisi&#39;secundum</span> <span class='ocrx_word' id='word_1_214' title='bbox 375 3091 463 3174; x_wconf 86' lang='lat' dir='ltr'>quod</span> <span class='ocrx_word' id='word_1_215' title='bbox 493 3089 632 3157; x_wconf 87' lang='lat' dir='ltr'>iecerint</span> <span class='ocrx_word' id='word_1_216' title='bbox 663 3090 886 3159; x_wconf 82' lang='lat' dir='ltr'>Veneti-item</span> <span class='ocrx_word' id='word_1_217' title='bbox 903 3091 946 3158; x_wconf 88' lang='lat' dir='ltr'>ab</span> <span class='ocrx_word' id='word_1_218' title='bbox 962 3089 1097 3160; x_wconf 88' lang='lat' dir='ltr'>Ancona</span> <span class='ocrx_word' id='word_1_219' title='bbox 1113 3092 1197 3160; x_wconf 86' lang='lat' dir='ltr'>istac</span> 
     </span>
     <span class='ocr_line' id='line_1_28' title="bbox 88 3196 1195 3284; baseline 0.007 -26"><span class='ocrx_word' id='word_1_220' title='bbox 88 3211 136 3275; x_wconf 89' lang='lat' dir='ltr'>per</span> <span class='ocrx_word' id='word_1_221' title='bbox 149 3201 244 3263; x_wconf 90' lang='lat' dir='ltr'>totam</span> <span class='ocrx_word' id='word_1_222' title='bbox 260 3197 424 3284; x_wconf 86' lang='lat' dir='ltr'>riveriam,</span> <span class='ocrx_word' id='word_1_223' title='bbox 441 3204 474 3264; x_wconf 93' lang='lat' dir='ltr'>et</span> <span class='ocrx_word' id='word_1_224' title='bbox 484 3219 505 3264; x_wconf 90' lang='lat' dir='ltr'>a</span> <span class='ocrx_word' id='word_1_225' title='bbox 515 3197 736 3266; x_wconf 88' lang='lat' dir='ltr'>Palmentaria</span> <span class='ocrx_word' id='word_1_226' title='bbox 755 3200 838 3266; x_wconf 90' lang='lat' dir='ltr'>istac</span> <span class='ocrx_word' id='word_1_227' title='bbox 853 3217 913 3283; x_wconf 88' lang='lat' dir='ltr'>per</span> <span class='ocrx_word' id='word_1_228' title='bbox 928 3205 1028 3265; x_wconf 87' lang='lat' dir='ltr'>totam</span> <span class='ocrx_word' id='word_1_229' title='bbox 1044 3196 1195 3268; x_wconf 83' lang='lat' dir='ltr'>riveriaur</span> 
     </span>
     <span class='ocr_line' id='line_1_29' title="bbox 90 3296 1196 3394; baseline 0.008 -28"><span class='ocrx_word' id='word_1_230' title='bbox 90 3296 141 3382; x_wconf 84' lang='lat' dir='ltr'>ipsi</span> <span class='ocrx_word' id='word_1_231' title='bbox 153 3303 309 3390; x_wconf 82' lang='lat' dir='ltr'>Raguini</span> <span class='ocrx_word' id='word_1_232' title='bbox 339 3325 405 3370; x_wconf 93' lang='lat' dir='ltr'>non</span> <span class='ocrx_word' id='word_1_233' title='bbox 436 3303 559 3372; x_wconf 86' lang='lat' dir='ltr'>facient</span> <span class='ocrx_word' id='word_1_234' title='bbox 588 3313 725 3394; x_wconf 90' lang='lat' dir='ltr'>portum,</span> <span class='ocrx_word' id='word_1_235' title='bbox 743 3306 806 3374; x_wconf 90' lang='lat' dir='ltr'>nisi</span> <span class='ocrx_word' id='word_1_236' title='bbox 823 3306 994 3374; x_wconf 91' lang='lat' dir='ltr'>occasione</span> <span class='ocrx_word' id='word_1_237' title='bbox 1010 3307 1196 3393; x_wconf 89' lang='lat' dir='ltr'>accipiendi</span> 
     </span>
     <span class='ocr_line' id='line_1_30' title="bbox 89 3405 1196 3484; baseline 0.013 -15"><span class='ocrx_word' id='word_1_238' title='bbox 89 3405 226 3479; x_wconf 79' lang='lat' dir='ltr'>victualia</span> <span class='ocrx_word' id='word_1_239' title='bbox 240 3431 345 3480; x_wconf 87' lang='lat' dir='ltr'>causa</span> <span class='ocrx_word' id='word_1_240' title='bbox 360 3411 499 3480; x_wconf 87' lang='lat' dir='ltr'>ducendi</span> <span class='ocrx_word' id='word_1_241' title='bbox 516 3415 682 3484; x_wconf 85' lang='lat' dir='ltr'>Venetiae.</span> <span class='ocrx_word' id='word_1_242' title='bbox 693 3417 731 3481; x_wconf 96' lang='lat' dir='ltr'>In</span> <span class='ocrx_word' id='word_1_243' title='bbox 742 3413 887 3483; x_wconf 87' lang='lat' dir='ltr'>Venetiis</span> <span class='ocrx_word' id='word_1_244' title='bbox 903 3433 980 3481; x_wconf 85' lang='lat' dir='ltr'>vero</span> <span class='ocrx_word' id='word_1_245' title='bbox 996 3434 1061 3479; x_wconf 92' lang='lat' dir='ltr'>non</span> <span class='ocrx_word' id='word_1_246' title='bbox 1078 3414 1196 3483; x_wconf 91' lang='lat' dir='ltr'>debent</span> 
     </span>
     <span class='ocr_line' id='line_1_31' title="bbox 90 3513 1202 3604; baseline 0.01 -24"><span class='ocrx_word' id='word_1_247' title='bbox 90 3513 180 3583; x_wconf 86' lang='lat' dir='ltr'>iecere</span> <span class='ocrx_word' id='word_1_248' title='bbox 192 3519 350 3604; x_wconf 86' lang='lat' dir='ltr'>Ragusini</span> <span class='ocrx_word' id='word_1_249' title='bbox 365 3525 542 3586; x_wconf 85' lang='lat' dir='ltr'>mercatum</span> <span class='ocrx_word' id='word_1_250' title='bbox 559 3541 632 3588; x_wconf 91' lang='lat' dir='ltr'>cum</span> <span class='ocrx_word' id='word_1_251' title='bbox 648 3521 831 3590; x_wconf 81' lang='lat' dir='ltr'>soristeriis.</span> <span class='ocrx_word' id='word_1_252' title='bbox 853 3521 965 3588; x_wconf 81' lang='lat' dir='ltr'>Etheo</span> <span class='ocrx_word' id='word_1_253' title='bbox 980 3520 1153 3588; x_wconf 86' lang='lat' dir='ltr'>concordia</span> <span class='ocrx_word' id='word_1_254' title='bbox 1169 3532 1202 3591; x_wconf 86' lang='lat' dir='ltr'>et</span> 
     </span>
     <span class='ocr_line' id='line_1_32' title="bbox 90 3628 1197 3718; baseline 0.009 -30"><span class='ocrx_word' id='word_1_255' title='bbox 90 3631 202 3704; x_wconf 89' lang='lat' dir='ltr'>pactum</span> <span class='ocrx_word' id='word_1_256' title='bbox 217 3649 237 3694; x_wconf 87' lang='lat' dir='ltr'>a</span> <span class='ocrx_word' id='word_1_257' title='bbox 254 3628 352 3695; x_wconf 89' lang='lat' dir='ltr'>modo</span> <span class='ocrx_word' id='word_1_258' title='bbox 382 3649 486 3713; x_wconf 86' lang='lat' dir='ltr'>usque</span> <span class='ocrx_word' id='word_1_259' title='bbox 503 3629 545 3697; x_wconf 88' lang='lat' dir='ltr'>ad</span> <span class='ocrx_word' id='word_1_260' title='bbox 561 3637 627 3698; x_wconf 90' lang='lat' dir='ltr'>tres</span> <span class='ocrx_word' id='word_1_261' title='bbox 643 3650 745 3697; x_wconf 91' lang='lat' dir='ltr'>annos</span> <span class='ocrx_word' id='word_1_262' title='bbox 762 3630 939 3717; x_wconf 89' lang='lat' dir='ltr'>completos</span> <span class='ocrx_word' id='word_1_263' title='bbox 956 3629 1117 3697; x_wconf 87' lang='lat' dir='ltr'>firmatum</span> <span class='ocrx_word' id='word_1_264' title='bbox 1135 3641 1197 3718; x_wconf 88' lang='lat' dir='ltr'>est,</span> 
     </span>
     <span class='ocr_line' id='line_1_33' title="bbox 91 3733 1200 3823; baseline 0.007 -25"><span class='ocrx_word' id='word_1_265' title='bbox 91 3736 116 3792; x_wconf 83' lang='lat' dir='ltr'>et</span> <span class='ocrx_word' id='word_1_266' title='bbox 148 3733 187 3798; x_wconf 89' lang='lat' dir='ltr'>ab</span> <span class='ocrx_word' id='word_1_267' title='bbox 221 3743 359 3820; x_wconf 87' lang='lat' dir='ltr'>utraque</span> <span class='ocrx_word' id='word_1_268' title='bbox 374 3744 469 3822; x_wconf 90' lang='lat' dir='ltr'>parte</span> <span class='ocrx_word' id='word_1_269' title='bbox 508 3737 603 3804; x_wconf 88' lang='lat' dir='ltr'>debet</span> <span class='ocrx_word' id='word_1_270' title='bbox 640 3739 773 3805; x_wconf 89' lang='lat' dir='ltr'>firmiter</span> <span class='ocrx_word' id='word_1_271' title='bbox 803 3737 978 3823; x_wconf 87' lang='lat' dir='ltr'>observari,</span> <span class='ocrx_word' id='word_1_272' title='bbox 1010 3746 1043 3804; x_wconf 91' lang='lat' dir='ltr'>et</span> <span class='ocrx_word' id='word_1_273' title='bbox 1074 3744 1200 3807; x_wconf 90' lang='lat' dir='ltr'>tantum</span> 
     </span>
     <span class='ocr_line' id='line_1_34' title="bbox 91 3838 1201 3929; baseline 0.012 -29"><span class='ocrx_word' id='word_1_274' title='bbox 91 3838 160 3923; x_wconf 87' lang='lat' dir='ltr'>plus,</span> <span class='ocrx_word' id='word_1_275' title='bbox 187 3849 349 3926; x_wconf 71' lang='lat' dir='ltr'>¹quantum</span> <span class='ocrx_word' id='word_1_276' title='bbox 388 3843 549 3929; x_wconf 89' lang='lat' dir='ltr'>placuerit</span> <span class='ocrx_word' id='word_1_277' title='bbox 587 3846 716 3915; x_wconf 87' lang='lat' dir='ltr'>domino</span> <span class='ocrx_word' id='word_1_278' title='bbox 755 3847 830 3914; x_wconf 88' lang='lat' dir='ltr'>duci</span> <span class='ocrx_word' id='word_1_279' title='bbox 871 3845 1094 3912; x_wconf 78' lang='lat' dir='ltr'>Veneriorum.</span> <span class='ocrx_word' id='word_1_280' title='bbox 1149 3848 1201 3913; x_wconf 92' lang='lat' dir='ltr'>ln-</span> 
     </span>
     <span class='ocr_line' id='line_1_35' title="bbox 91 3951 1201 4039; baseline 0.007 -27"><span class='ocrx_word' id='word_1_281' title='bbox 91 3961 173 4030; x_wconf 83' lang='lat' dir='ltr'>super</span> <span class='ocrx_word' id='word_1_282' title='bbox 206 3971 263 4018; x_wconf 91' lang='lat' dir='ltr'>nos</span> <span class='ocrx_word' id='word_1_283' title='bbox 293 3951 359 4017; x_wconf 90' lang='lat' dir='ltr'>iam</span> <span class='ocrx_word' id='word_1_284' title='bbox 390 3952 470 4019; x_wconf 90' lang='lat' dir='ltr'>dicti</span> <span class='ocrx_word' id='word_1_285' title='bbox 508 3954 662 4022; x_wconf 90' lang='lat' dir='ltr'>Dobrane</span> <span class='ocrx_word' id='word_1_286' title='bbox 700 3955 741 4020; x_wconf 91' lang='lat' dir='ltr'>de</span> <span class='ocrx_word' id='word_1_287' title='bbox 779 3951 987 4039; x_wconf 88' lang='lat' dir='ltr'>Lampredio,</span> <span class='ocrx_word' id='word_1_288' title='bbox 1018 3953 1123 4019; x_wconf 81' lang='lat' dir='ltr'>Cerne</span> <span class='ocrx_word' id='word_1_289' title='bbox 1159 3954 1201 4020; x_wconf 89' lang='lat' dir='ltr'>do</span> 
     </span>
     <span class='ocr_line' id='line_1_36' title="bbox 93 4047 1199 4146; baseline 0.008 -29"><span class='ocrx_word' id='word_1_290' title='bbox 93 4047 202 4139; x_wconf 79' lang='lat' dir='ltr'>Vitana,</span> <span class='ocrx_word' id='word_1_291' title='bbox 233 4057 423 4125; x_wconf 82' lang='lat' dir='ltr'>Theodorus</span> <span class='ocrx_word' id='word_1_292' title='bbox 454 4059 601 4146; x_wconf 89' lang='lat' dir='ltr'>Bobatie,</span> <span class='ocrx_word' id='word_1_293' title='bbox 635 4067 668 4128; x_wconf 90' lang='lat' dir='ltr'>et</span> <span class='ocrx_word' id='word_1_294' title='bbox 697 4059 871 4129; x_wconf 83' lang='lat' dir='ltr'>Goirlarus</span> <span class='ocrx_word' id='word_1_295' title='bbox 897 4057 1060 4126; x_wconf 82' lang='lat' dir='ltr'>Theodori</span> <span class='ocrx_word' id='word_1_296' title='bbox 1078 4059 1199 4146; x_wconf 81' lang='lat' dir='ltr'>Grosii,</span> 
     </span>
     <span class='ocr_line' id='line_1_37' title="bbox 93 4161 1198 4255; baseline 0.014 -36"><span class='ocrx_word' id='word_1_297' title='bbox 93 4161 183 4226; x_wconf 89' lang='lat' dir='ltr'>nuntii</span> <span class='ocrx_word' id='word_1_298' title='bbox 197 4171 226 4230; x_wconf 91' lang='lat' dir='ltr'>et</span> <span class='ocrx_word' id='word_1_299' title='bbox 250 4173 476 4251; x_wconf 87' lang='lat' dir='ltr'>procuratores</span> <span class='ocrx_word' id='word_1_300' title='bbox 506 4165 655 4236; x_wconf 78' lang='lat' dir='ltr'>Ciuitatis</span> <span class='ocrx_word' id='word_1_301' title='bbox 677 4169 823 4255; x_wconf 83' lang='lat' dir='ltr'>Rugusii,</span> <span class='ocrx_word' id='word_1_302' title='bbox 852 4187 909 4254; x_wconf 90' lang='lat' dir='ltr'>per</span> <span class='ocrx_word' id='word_1_303' title='bbox 939 4187 998 4234; x_wconf 92' lang='lat' dir='ltr'>nos</span> <span class='ocrx_word' id='word_1_304' title='bbox 1015 4172 1047 4233; x_wconf 89' lang='lat' dir='ltr'>et</span> <span class='ocrx_word' id='word_1_305' title='bbox 1078 4167 1198 4236; x_wconf 88' lang='lat' dir='ltr'>dictum</span> 
     </span>
     <span class='ocr_line' id='line_1_38' title="bbox 93 4264 1195 4360; baseline 0.012 -32"><span class='ocrx_word' id='word_1_306' title='bbox 93 4264 393 4356; x_wconf 82' lang='lat' dir='ltr'>CommuneRagusii</span> <span class='ocrx_word' id='word_1_307' title='bbox 408 4273 553 4343; x_wconf 88' lang='lat' dir='ltr'>iuramus</span> <span class='ocrx_word' id='word_1_308' title='bbox 569 4275 610 4343; x_wconf 89' lang='lat' dir='ltr'>ad</span> <span class='ocrx_word' id='word_1_309' title='bbox 627 4277 750 4345; x_wconf 89' lang='lat' dir='ltr'>Sancta</span> <span class='ocrx_word' id='word_1_310' title='bbox 759 4279 821 4344; x_wconf 89' lang='lat' dir='ltr'>Dei</span> <span class='ocrx_word' id='word_1_311' title='bbox 832 4271 1012 4359; x_wconf 82' lang='lat' dir='ltr'>Evangelia</span> <span class='ocrx_word' id='word_1_312' title='bbox 1021 4293 1119 4360; x_wconf 90' lang='lat' dir='ltr'>super</span> <span class='ocrx_word' id='word_1_313' title='bbox 1128 4276 1195 4342; x_wconf 90' lang='lat' dir='ltr'>ani·</span> 
     </span>
    </p>

    <p class='ocr_par' dir='ltr' id='par_1_10' title="bbox 92 4382 1199 4580">
     <span class='ocr_line' id='line_1_39' title="bbox 94 4382 1199 4468; baseline 0.009 -31"><span class='ocrx_word' id='word_1_314' title='bbox 94 4391 152 4440; x_wconf 88' lang='lat' dir='ltr'>uus</span> <span class='ocrx_word' id='word_1_315' title='bbox 165 4388 286 4447; x_wconf 90' lang='lat' dir='ltr'>nostras</span> <span class='ocrx_word' id='word_1_316' title='bbox 304 4389 337 4448; x_wconf 90' lang='lat' dir='ltr'>et</span> <span class='ocrx_word' id='word_1_317' title='bbox 351 4382 478 4450; x_wconf 87' lang='lat' dir='ltr'>animas</span> <span class='ocrx_word' id='word_1_318' title='bbox 494 4385 634 4451; x_wconf 89' lang='lat' dir='ltr'>omnium</span> <span class='ocrx_word' id='word_1_319' title='bbox 645 4383 817 4463; x_wconf 70' lang='lat' dir='ltr'>&#39;hominum</span> <span class='ocrx_word' id='word_1_320' title='bbox 826 4383 963 4468; x_wconf 86' lang='lat' dir='ltr'>Ragusii</span> <span class='ocrx_word' id='word_1_321' title='bbox 974 4382 1058 4449; x_wconf 87' lang='lat' dir='ltr'>hano</span> <span class='ocrx_word' id='word_1_322' title='bbox 1069 4401 1199 4449; x_wconf 84' lang='lat' dir='ltr'>concor·-</span> 
     </span>
     <span class='ocr_line' id='line_1_40' title="bbox 92 4474 1197 4580; baseline 0.008 -32"><span class='ocrx_word' id='word_1_323' title='bbox 92 4475 167 4548; x_wconf 77' lang='lat' dir='ltr'>dium</span> <span class='ocrx_word' id='word_1_324' title='bbox 181 4491 210 4553; x_wconf 88' lang='lat' dir='ltr'>ct</span> <span class='ocrx_word' id='word_1_325' title='bbox 225 4495 363 4577; x_wconf 85' lang='lat' dir='ltr'>pactum,</span> <span class='ocrx_word' id='word_1_326' title='bbox 379 4474 419 4558; x_wconf 87' lang='lat' dir='ltr'>ut</span> <span class='ocrx_word' id='word_1_327' title='bbox 431 4493 551 4558; x_wconf 78' lang='lat' dir='ltr'>tiletum</span> <span class='ocrx_word' id='word_1_328' title='bbox 569 4504 620 4560; x_wconf 87' lang='lat' dir='ltr'>est</span> <span class='ocrx_word' id='word_1_329' title='bbox 636 4495 795 4580; x_wconf 87' lang='lat' dir='ltr'>superios,</span> <span class='ocrx_word' id='word_1_330' title='bbox 823 4493 947 4559; x_wconf 86' lang='lat' dir='ltr'>firmum</span> <span class='ocrx_word' id='word_1_331' title='bbox 964 4495 1116 4557; x_wconf 83' lang='lat' dir='ltr'>atratum</span> <span class='ocrx_word' id='word_1_332' title='bbox 1144 4491 1197 4557; x_wconf 88' lang='lat' dir='ltr'>ba·</span> 
     </span>
    </p>
   </div>
   <div class='ocr_carea' id='block_1_3' title="bbox 0 0 1565 5146">
    <p class='ocr_par' dir='ltr' id='par_1_11' title="bbox 0 0 1565 5146">
     <span class='ocr_line' id='line_1_41' title="bbox 0 0 1565 5146; baseline 0 0"><span class='ocrx_word' id='word_1_333' title='bbox 0 0 1565 5146; x_wconf 95' lang='lat' dir='ltr'> </span> 
     </span>
    </p>
   </div>
  </div>
 </body>
</html>
