3120 5148
800 898 851 964 77.

261 1097 309 1162 ΙΙ.
326 1095 435 1162 Errdre
449 1095 629 1181 kirdtyaak
644 1093 799 1160 obdiceete
824 1119 845 1160 a
871 1097 1023 1182 topaskui
1048 1107 1206 1164 monostor·
1230 1101 1386 1164 mamea.

715 1201 813 1265 1213.
838 1203 941 1268 corut

366 1395 516 1463 Andreas
531 1393 596 1461 Dei
611 1395 725 1476 gracia
741 1396 911 1480 Hungarie
926 1397 996 1464 Rex
1012 1402 1073 1464 etc.
1097 1396 1270 1465 Universis
1287 1397 1387 1464 Comi·
1462 1423 1465 1430 ·

260 1501 349 1570 tibus
363 1503 397 1569 in
413 1503 589 1571 Sclavenia
605 1503 792 1572 constitutis
808 1504 949 1572 salutem
966 1511 1000 1572 ot
1016 1503 1170 1590 graciam.
1196 1504 1385 1572 Mandamus

247 1610 355 1677 *vobis
371 1618 404 1676 et
418 1608 625 1695 precipimus,
642 1617 806 1692 qnatepus
823 1611 963 1682 Domum
978 1630 1085 1678 meam
1100 1611 1142 1677 de
1165 1611 1307 1696 Toplica
1337 1630 1385 1676 eu·

243 1713 422 1799 ,stodiatis
436 1735 458 1781 a
474 1716 740 1784 malefactoribus
758 1723 790 1782 et
806 1719 992 1802 raptoribus
1008 1715 1216 1800 defenderim
1242 1717 1386 1802 alioquin

253 1823 520 1908 indignacionem
537 1824 673 1908 Regiam
688 1823 881 1908 incurretis,
897 1826 974 1909 quia
988 1825 1044 1909 qui
1062 1827 1157 1892 male.
1174 1824 1289 1893 feccrit
1319 1844 1387 1909 pre·

210 1923 213 1926 ’
244 1929 348 1997 tiicte
364 1928 479 2014 domui,
496 1931 589 2014 quasi
606 1931 661 2014 qni
679 1929 825 2014 tetigerit
840 1931 996 2016 pupillam
1023 1931 1110 1996 oculi
1134 1931 1209 1998 mei.
1249 1930 1387 2016 Precipi-

248 2057 335 2106 -mus
349 2039 463 2123 eciam,
479 2044 514 2104 ut
529 2041 558 2104 si
575 2040 648 2121 quis
665 2038 706 2104 de
724 2039 904 2105 elemosina
920 2046 1034 2128 nostra·
1045 2035 1170 2121 aliquid
1185 2036 1385 2106 subtraxerit

241 2143 402 2228 predicte
418 2145 537 2229 domui,
552 2145 587 2212 id
604 2147 652 2214 eis
669 2143 824 2214 restituat
842 2146 876 2211 in
892 2145 1040 2212 instanti.

347 2341 509 2404 (Thriasion,
529 2341 653 2392 Menum.
674 2343 740 2393 hist.
760 2344 851 2407 Epiro.
871 2341 1065 2407 Zagrabiensis
1084 2342 1106 2391 1.
1126 2342 1186 2392 ket.
1208 2345 1250 2391 33.
1271 2342 1302 2403 l.)

688 2623 958 2638 ψ

794 3157 847 3225 78.
964 3228 968 3237 ,

256 3357 304 3424 Π.
320 3357 430 3424 Ετιώνε
443 3355 621 3442 kirdlyaalr
635 3356 788 3420 rendelcte
804 3379 825 3419 α
841 3356 991 3440 topcslear'
1014 3363 1171 3420 monostor·
1187 3354 1384 3441 jobbdpyai·

245 3467 325 3548 boe,
340 3467 422 3553 bopy
446 3487 486 3529 cz
509 3463 676 3530 madelmi
700 3463 919 3528 tartoarisokut
945 3457 1127 3547 teljeettec'ia
1156 3461 1255 3524 1213.
1280 3463 1383 3526 kbrril.

361 3656 512 3722 Andreas
529 3655 591 3722 Dei
607 3657 720 3740 gracia
747 3655 917 3740 Huegarie
948 3657 1017 3721 Rex
1049 3661 1119 3739 etc,
1146 3654 1381 3740 jobagionibus

242 3762 402 3830 Rcolesie
418 3761 459 3828 de
475 3761 613 3846 Tepliea
644 3765 796 3829 salutem.
835 3762 1033 3830 Mandamns
1064 3761 1157 3829 vobis
1190 3768 1222 3827 et
1251 3763 1383 3828 firmiter

257 3868 463 3956 precipimus,
479 3875 638 3952 quatenus
655 3871 758 3936 tribus
775 3870 899 3937 vicibus
916 3889 975 3954 per
991 3889 1113 3936 annum
1129 3889 1202 3936 cum
1235 3870 1382 3936 curribus

256 3977 374 4044 vestris
390 3977 432 4042 ad
448 3983 637 4062 preceptum
653 3978 793 4045 Abbatis
820 3980 872 4044 vel
898 3977 1018 4045 Prioris
1050 3977 1213 4062 serviatis,
1244 3983 1276 4042 et
1306 3977 1382 4043 item

255 4083 358 4150 tribus
374 4082 488 4152 diebus
503 4103 561 4169 per
575 4103 696 4151 annum
713 4084 746 4149 in
764 4086 898 4171 propria
914 4103 1059 4169 persona
1083 4084 1249 4154 laboretis.
1288 4083 1383 4162 Quod

241 4192 283 4258 .si
299 4213 363 4260 nen
379 4190 531 4277 feceritis,
547 4193 631 4258 iram
646 4193 785 4276 Regiam
801 4193 945 4277 graviter
961 4194 1144 4260 incurretis.

344 4390 731 4452 (Tkalesies,b10num.bist.
752 4391 843 4454 Epiro.
864 4392 1059 4456 Zegrabiensis
1079 4392 1100 4441 I.
1122 4393 1181 4441 rut.
1202 4394 1244 4442 34.
1265 4393 1295 4452 l.)
