3098 5132
841 325 999 426 ...τε-

358 518 545 587 emerserint
560 521 594 585 in
625 521 763 605 Banatu,
796 539 854 586 neo
886 517 1036 595 Bauatui‚
1068 537 1128 584 nec
1158 519 1323 586 Vicebano
1357 519 1487 586 solvere

357 635 539 713 tencantur,
571 627 628 693 sed
661 626 805 693 Ecclesia
844 625 1076 692 tantummodo
1119 626 1170 692 Ad
1196 628 1351 693 maiorem
1380 627 1485 691 eciam

358 735 521 802 cautelam
539 733 642 801 dictas
659 741 761 800 terras
778 751 837 817 per
852 731 999 818 superius
1015 732 1216 798 nominatum
1232 731 1365 798 Reinolt
1381 736 1481 798 certis

360 844 517 910 limitibus
544 843 686 925 undique
717 841 871 923 distinqui
903 839 1119 925 precepimus.
1148 838 1258 906 Prima
1282 839 1382 922 igitur
1398 849 1486 907 terre
1542 855 1543 916 3

357 952 467 1018 Rodos
491 957 579 1016 meta
606 949 771 1035 egreditur
797 949 839 1014 de
855 949 963 1034 Sowa,
981 956 1011 1014 et
1027 947 1117 1015 venit
1132 967 1204 1014 cum
1229 947 1323 1014 metis
1341 947 1384 1013 de
1400 954 1488 1014 terra

360 1059 539 1142 assignatis
555 1059 598 1124 ad
616 1057 772 1124 fossatam
788 1057 898 1123 Mlaca
915 1075 1016 1138 usque
1033 1056 1074 1120 ad
1099 1055 1197 1138 viam,
1214 1055 1290 1120 inde
1307 1053 1487 1122 reflectitur
1542 1047 1543 1124 ἶ

358 1185 472 1236 versus
497 1157 687 1249 aquilonem
708 1173 741 1232 et
767 1164 871 1248 tendit
897 1185 953 1248 ρετ
979 1171 1081 1229 metas
1099 1163 1131 1228 in
1158 1162 1289 1246 longum
1314 1163 1432 1250 llllaca,
1452 1165 1485 1230 in
1542 1199 1543 1208 τ

358 1295 422 1362 qua
440 1273 564 1340 diucius
583 1272 675 1339 vadit
691 1291 749 1358 per
764 1279 868 1338 metas
879 1271 922 1338 ad
938 1271 1087 1338 arborem
1103 1271 1205 1356 naria,
1222 1271 1298 1336 inde
1313 1271 1346 1336 in
1365 1293 1488 1355 magna

358 1383 411 1450 via
428 1383 471 1452 ad
487 1385 636 1452 arborem
653 1384 745 1468 tulfa,
763 1385 822 1450 sub
840 1403 904 1466 qua
921 1388 971 1449 est
986 1390 1073 1449 meta
1089 1389 1205 1466 terrea,
1224 1381 1298 1448 inde
1313 1382 1348 1447 in
1366 1383 1483 1448 eadem
1542 1383 1543 1424 ἒ

358 1493 413 1558 via
428 1491 520 1558 vadit
536 1513 594 1578 per
610 1497 712 1558 metas
729 1511 830 1574 usque
848 1489 889 1556 ad
905 1491 1060 1557 terminos
1078 1487 1236 1574 Girymla,
1253 1508 1315 1572 que
1331 1495 1382 1554 est
1397 1497 1487 1555 terra

347 1601 500 1685 ,eiusdem
516 1599 662 1666 Ecclesia
674 1599 715 1664 ab
726 1599 870 1682 antiquo,
881 1617 1007 1684 semper
1023 1596 1175 1664 adextris
1185 1603 1272 1663 terra
1288 1597 1485 1680 populorum
1542 1653 1543 1660 ,

357 1708 459 1790 Regis
489 1713 684 1792 remanente,
710 1727 730 1772 a
762 1707 903 1774 sinistris
935 1725 1009 1772 vcro
1027 1705 1190 1790 Ecclesie;
1209 1706 1284 1771 inde
1311 1706 1489 1773 reflectitur

358 1833 470 1882 versus
487 1813 684 1882 occidentem
702 1820 733 1880 et
750 1817 843 1880 metis
859 1813 1045 1898 assignatis,
1069 1817 1135 1878 tam
1152 1813 1302 1898 subpiro,
1314 1833 1412 1896 quam
1425 1817 1489 1882 sub
1542 1813 1543 1858 3

360 1923 434 1990 aliis
446 1923 615 1990 arboribus
626 1924 677 1990 vel
689 1923 721 1987 in
733 1921 856 2005 campis
872 1919 1007 1988 tendens
1024 1920 1159 2004 diucius,
1185 1920 1359 1988 reclinatur
1375 1943 1491 1989 versus

358 2029 535 2116 meridiem,
546 2037 639 2116 etper
653 2027 908 2098 metasvaditad
919 2028 1034 2114 pirum,
1047 2028 1105 2094 sub
1117 2035 1239 2110 quaest
1250 2036 1346 2110 mete,
1357 2033 1491 2097 transit·
1542 2037 1543 2112 ζ

359 2135 1493 2224 queaquamadsambucumubiestmeta,indevaditadarboremce
1542 2139 1543 2160 ³

357 2248 424 2314 rasi
434 2249 525 2312 iuxta
541 2265 638 2327 quam
649 2245 682 2310 in
696 2245 809 2310 eadem
822 2264 907 2328 equa
917 2244 1081 2330 paululum
1094 2243 1229 2310 tendens
1239 2245 1387 2330 superius
1397 2247 1494 2312 vadit

358 2353 401 2421 ad
417 2353 523 2435 naria,
548 2351 627 2418 inde
653 2373 710 2436 per
736 2361 839 2420 metas
866 2357 931 2417 tam
965 2359 1086 2419 terreas
1112 2371 1210 2434 quam
1235 2353 1370 2419 arbores
1386 2353 1492 2422 intrat
1542 2423 1543 2438 1

359 2461 498 2544 Sowam,
514 2480 639 2544 semper
655 2481 675 2526 a
691 2461 813 2527 dextris
830 2468 897 2527 cta
919 2461 1062 2528 sinistris
1077 2460 1223 2527 Ecclesia
1239 2461 1488 2549 pertinentibus,
1542 2515 1543 2520 η

359 2575 391 2632 et
424 2569 458 2633 in
490 2567 586 2636 Sowa
616 2575 704 2636 meta
735 2567 825 2634 vadit
855 2568 988 2636 interius
1005 2569 1089 2634 unde
1114 2568 1204 2654 prius
1221 2579 1437 2656 processerat,
1457 2582 1492 2639 et

360 2674 517 2742 medietas
534 2695 619 2758 aque
646 2676 739 2744 Sowe
756 2676 894 2762 pertinet
920 2675 963 2742 ad
978 2676 1171 2744 Ecclesiam.
1196 2677 1277 2742 Item
1294 2686 1382 2746 meta
1398 2686 1491 2749 terro

360 2782 471 2867 Gupuo
504 2793 536 2850 ct
577 2789 662 2850 terre
693 2783 826 2850 Widuse
867 2785 981 2870 incipit
1013 2785 1055 2852 ab
1087 2785 1211 2850 oriente
1250 2784 1342 2851 iuxta
1375 2797 1486 2858 metas

358 2891 513 2976 Episcopi
530 2893 590 2960 sub
607 2913 736 2978 quercu,
754 2894 830 2960 inde
846 2893 937 2960 vadit
954 2893 995 2959 ad
1012 2893 1134 2959 silicem
1161 2895 1220 2958 sub
1246 2903 1377 2976 quaest
1394 2907 1486 2966 meta

241 3071 244 3078 ,
359 3001 452 3068 iuxta
483 3019 614 3086 aquam,
648 3001 723 3068 inde
754 3001 846 3070 vadit
877 3023 935 3087 per
965 3008 1070 3068 metas
1101 3019 1213 3070 versus
1239 3002 1426 3085 aquilonem
1444 3010 1493 3073 ad

358 3115 488 3196 puteum
505 3108 682 3198 Lubawod,
699 3111 753 3177 ubi
773 3118 822 3177 cst
846 3116 933 3176 meta
949 3110 1008 3178 snb
1025 3110 1108 3196 piru,
1125 3109 1200 3176 inde
1215 3111 1307 3177 vadit
1323 3134 1382 3199 per
1400 3115 1491 3181 viam

359 3217 402 3283 ad
418 3239 573 3284 cacumen
592 3218 701 3300 magni
716 3218 835 3284 montis
854 3218 909 3284 ubi
927 3225 975 3284 est
986 3223 1072 3283 mota
1089 3224 1122 3284 et
1134 3214 1322 3304 (in)verticc
1339 3221 1492 3288 ciusdem

359 3325 477 3392 montis
494 3325 584 3392 vadit
601 3325 642 3390 ad
659 3325 835 3410 Jazanouo,
862 3345 938 3410 pars
954 3323 1073 3391 montis
1089 3345 1110 3390 a
1126 3325 1267 3392 sinistris
1284 3328 1427 3408 pertinet
1444 3335 1495 3399 nd

359 3433 547 3513 Ecclesiam,
579 3429 656 3496 inde
682 3431 848 3499 descendit
880 3455 936 3518 per
970 3440 1073 3499 metas
1107 3453 1219 3500 versus
1251 3433 1416 3502 meridiem
1445 3441 1494 3506 ad
1542 3505 1543 3508 ,

357 3546 501 3626 puteum,
534 3537 609 3604 inde
640 3537 742 3604 intrat
774 3559 893 3624 aquarn
924 3543 1040 3607 Blicna
1071 3541 1103 3604 in
1137 3562 1201 3626 qua
1232 3543 1323 3608 vadit
1347 3544 1494 3616 inferius
1542 3541 1543 3544 ¹

359 3643 484 3709 diucius
512 3650 543 3708 et
568 3642 676 3710 exiens
702 3645 742 3711 dc
770 3641 854 3730 aqua
880 3647 1029 3714 ascendit
1045 3655 1183 3715 montem
1213 3649 1343 3718 Stcima
1359 3673 1430 3744 pec,
1448 3659 1498 3725 de

359 3769 423 3834 quo
448 3749 616 3816 deseendit
642 3773 699 3837 per
727 3762 829 3821 metas
854 3755 897 3822 ad
922 3761 1063 3839 puteum,
1080 3757 1157 3822 inde
1174 3757 1337 3826 transiens
1364 3765 1496 3832 vallem

358 3857 508 3924 ascendit
524 3867 653 3926 monton
671 3860 848 3929 admotam
868 3865 901 3930 in
928 3884 991 3946 quo
1009 3863 1099 3930 radit
1124 3865 1292 3949 paululum
1307 3890 1366 3955 per
1383 3883 1500 3944 metas

359 3969 392 4030 et
422 3965 588 4033 descendit
618 3969 661 4036 ad
692 3971 820 4038 sorbum
854 3979 967 4040 tenens
1001 3981 1103 4040 metas
1136 3996 1208 4042 cum
1242 3973 1376 4065 Hereeg,
1410 3983 1500 4048 inde

358 4073 524 4142 descendit
540 4076 573 4143 in
589 4077 852 4177 Bliznapotoka,
886 4082 918 4148 in
935 4102 997 4166 quo
1024 4083 1201 4167 procedens
1226 4087 1393 4169 paululum
1420 4094 1502 4159 exit
1542 4075 1543 4100 ³

195 4217 203 4225 ·
319 4273 324 4279 .
356 4181 398 4248 ad
416 4185 504 4251 viam
519 4189 717 4271 Etruscogoy
734 4208 793 4274 per
820 4211 916 4274 quam
943 4211 1001 4274 per
1034 4198 1138 4259 metas
1169 4193 1260 4260 uadit
1292 4197 1333 4262 ad
1367 4219 1501 4282 aquam

357 4291 491 4379 Zuchcr,
508 4299 621 4361 tenens
640 4301 743 4362 metas
760 4317 832 4364 oum
850 4299 979 4383 populis
996 4300 1104 4387 Regis,
1130 4299 1206 4368 inde
1232 4308 1504 4377 conterminatur

356 4406 439 4467 terre
457 4409 691 4486 prememorato
705 4405 850 4474 Ecclesie
867 4409 1041 4496 antiquori,
1059 4431 1185 4496 semper
1202 4433 1222 4476 n
1237 4412 1383 4481 sinistris
1401 4427 1505 4488 meta
1542 4485 1543 4488 ,

356 4511 527 4590 spectante
559 4512 714 4579 Ecclesia.
758 4515 837 4582 Item
870 4523 955 4582 meta
995 4525 1079 4585 terre
1110 4521 1262 4588 Bratonis
1294 4523 1415 4611 incipit
1448 4534 1505 4596 alr

357 4612 523 4680 occidente
535 4618 575 4682 dc
591 4636 710 4698 quercu
727 4629 759 4686 ct
777 4620 879 4687 tendit
895 4643 1007 4691 versus
1018 4626 1173 4694 orientem
1191 4628 1224 4694 in
1239 4630 1294 4698 vic
1311 4631 1353 4698 ad
1371 4636 1508 4730 pirum,
