3208 5158
337 1139 469 1210 domoon
483 1147 515 1210 la
528 1141 684 1210 Rosam
700 1139 925 1230 belyoipelmole
941 1140 1077 1207 lesora·
1092 1135 1156 1204 IV.
1171 1135 1254 1204 Belo
1268 1137 1379 1224 icietily
1393 1137 1477 1224 pri·

594 1249 839 1338 oilcpiamdaalt
855 1250 1007 1338 alapjcia.
1033 1225 1084 1314 E'o
1098 1245 1216 1313 aedui.

442 1446 613 1516 Vniuersis
628 1445 747 1516 Christi
762 1443 913 1514 fidelibus
928 1451 995 1512 tam
1011 1444 1215 1532 presentibus
1230 1461 1327 1528 qnam
1344 1443 1471 1514 futuris

336 1573 471 1644 presens
486 1554 642 1640 scriptum
658 1554 853 1640 inspecturis
868 1553 1065 1622 Colomauus
1081 1554 1268 1639 Propositus
1284 1559 1316 1621 et
1331 1551 1470 1639 Cupitu-

334 1665 401 1732 lum
417 1663 566 1734 Ecolesie
581 1663 817 1750 strigoniensis
834 1662 972 1730 sulutem
1000 1665 1034 1731 in
1058 1662 1177 1732 salutis
1208 1663 1370 1747 largitore.
1413 1661 1470 1728 Ad

335 1774 560 1842 uniuersorum
576 1771 730 1840 noticiam
746 1777 859 1840 tenore
875 1771 1081 1858 presencium
1097 1769 1246 1841 volumus
1271 1769 1468 1858 peruenire:

336 1879 423 1966 quod
440 1898 511 1946 cum
528 1879 619 1946 iuxta
633 1879 874 1948 continenciam
900 1879 1078 1948 litterarum
1110 1877 1366 1968 priuilegialium
1394 1881 1469 1948 bla-

335 1989 445 2075 gnibol
459 1989 521 2058 viri
537 1991 673 2058 Comitis
689 1990 785 2059 Pauli
800 1989 822 2056 J
825 1989 928 2058 udicis
947 1989 1044 2059 (luris
1074 1989 1197 2058 domini
1228 1989 1332 2059 nostri
1361 1988 1466 2075 Regis

335 2097 459 2185 Karoli,
475 2097 592 2166 seriem
608 2097 786 2182 concambij
806 2098 1010 2183 quarundam
1026 2099 1268 2186 possessionum
1292 2097 1467 2186 Somkutb,

334 2207 494 2292 Rusnsuu,
509 2206 587 2273 item
604 2207 739 2276 Wumus
754 2213 788 2272 et
803 2203 1031 2292 Olsowpauitb
1048 2204 1095 2294 (et
1109 2207 1395 2295 pertinenciauum)
1420 2204 1467 2272 ed

334 2309 467 2378 easdem
483 2313 704 2396 spectoucium
720 2313 752 2379 in
771 2311 986 2380 (bonitatibus
1003 2313 1215 2382 Barsodieusi
1242 2314 1466 2400 utendum,

335 2416 629 2486 demonstrauoium
646 2427 679 2486 et
702 2419 962 2504 significaucium
987 2421 1050 2488 stb.
1082 2421 1248 2507 Nicolaum
1280 2423 1464 2510 Ladislnm,

335 2523 505 2592 Jobuuuea
521 2533 554 2592 et
569 2525 685 2592 Petrus
701 2527 760 2612 filij
776 2526 947 2598 Benedicti
963 2527 1021 2615 filij
1048 2527 1174 2597 Detrici
1200 2529 1304 2615 calui3
1328 2531 1466 2619 Stepba·
1578 2523 1579 2557 ¹

334 2648 407 2714 uns,
424 2627 596 2716 Georgius,
613 2633 804 2703 Dominieus
821 2641 853 2704 et
884 2633 1070 2722 (Nicolaus)
1099 2637 1159 2724 filij
1191 2637 1354 2708 Dominici
1387 2639 1467 2706 dicti

334 2735 461 2818 Bubelu‚
479 2757 519 2805 uo
534 2740 676 2810 lacobus
693 2742 776 2810 filins
793 2742 939 2812 eiusdem
955 2745 1088 2812 Nicolui
1103 2745 1255 2832 Magistri
1271 2748 1399 2818 nobiles
1424 2751 1465 2818 de
1575 2755 1576 2789 ¹

334 2842 490 2930 Chytuuk
505 2851 539 2913 ct
554 2845 597 2915 da
611 2849 782 2928 Pelsewch
798 2850 860 2918 stb.
875 2851 911 2917 in
927 2850 1101 2937 quindenis
1117 2853 1221 2924 Pasce
1247 2856 1383 2926 Domini
1414 2879 1466 2929 co·

334 2969 404 3018 ram
417 2951 512 3022 nobis
527 2973 714 3040 comparere
730 2958 793 3025 stb.
810 2957 999 3027 debuissent
1027 2961 1090 3028 stb.
1125 2959 1218 3049 (enen
1250 2963 1467 3036 elkalommal
1572 2985 1573 3021 l

333 3055 472 3125 Somlrtt
487 3062 523 3128 es
538 3061 692 3130 Rususnu
706 3063 893 3132 felrveserbl
909 3065 1029 3136 ktrdts
1045 3069 1258 3160 temadvtu);
1282 3075 1372 3159 quod
1389 3078 1466 3161 quia

334 3161 478 3248 predicte
493 3167 708 3249 possessionis
725 3171 887 3240 Somkutb
904 3179 937 3241 et
951 3177 1105 3245 Rususua
1120 3178 1208 3248 iutra
1223 3188 1330 3252 metas
1362 3187 1467 3257 cuius

333 3269 409 3336 dam
424 3271 588 3358 priuilagij
605 3275 739 3360 gloriosi
755 3277 918 3366 Principis
935 3282 1059 3352 domiui
1085 3285 1166 3354 Bele
1191 3287 1331 3358 condem
1361 3293 1467 3362 incliti

333 3373 431 3459 Regis
447 3377 617 3463 Hungerie
631 3399 732 3452 auree
748 3387 839 3454 bulla
855 3390 1040 3476 consignati
1056 3393 1248 3465 adiacerent
1263 3401 1327 3467 stb.
1361 3399 1416 3490 (cu
1447 3427 1467 3474 a

332 3481 713 3573 birtolrszabdlyozdsutl
729 3492 1003 3567 asinormertdlrtl
1019 3501 1180 3592 vetetett.)
1205 3504 1336 3578 Pmiate
1356 3520 1467 3582 autem

332 3593 417 3656 mete
433 3589 468 3656 in
484 3591 570 3660 dicto
587 3595 758 3682 priuilegio
775 3600 900 3670 domini
915 3605 995 3675 Bele
1010 3609 1112 3694 Regis
1127 3631 1186 3697 per
1217 3615 1352 3684 eosdem
1382 3621 1466 3695 illios
1509 3679 1512 3686 ,

331 3691 510 3764 Alexandri
526 3697 559 3763 in
575 3706 746 3786 presencia
762 3707 841 3774 dicti
857 3709 992 3782 Comitis
1010 3717 1104 3784 Pauli
1119 3718 1247 3789 Judiois
1277 3723 1376 3795 Gurie
1407 3734 1467 3800 Re·

331 3795 393 3882 glo,
422 3806 458 3867 st
473 3801 632 3893 dixerunt,
650 3809 804 3902 exhibite,
836 3837 876 3886 ac
907 3820 1011 3889 eciam
1044 3823 1077 3892 in
1109 3827 1287 3915 priuilegio
1318 3835 1467 3908 eiusdem

330 3901 454 3972 Judiois
470 3907 564 3976 (loric
579 3913 692 4003 Regis,
717 3923 803 4004 quod
820 3943 881 3992 nos
912 3927 1052 4000 uidimus
1085 3933 1150 4001 tide
1173 3939 1314 4028 comum,
1348 3947 1466 4016 exinde

330 4007 493 4126 coniecto,
509 4017 628 4097 quibus
645 4027 827 4113 prescripta
841 4037 1068 4115 possessiones
1086 4039 1248 4113 Somkuth
1265 4053 1299 4116 et
1313 4049 1465 4126 Rususnu

331 4117 581 4238 circumdantur,
596 4131 630 4192 et
645 4131 688 4198 ab
704 4133 781 4221 alijs
797 4141 1060 4223 possessionibus
1075 4160 1286 4244 separantur,
1302 4167 1463 4254 contento,

330 4213 391 4282 boo
407 4220 521 4291 ordine
538 4235 779 4311 protenduntur
795 4267 803 4310 ε
820 4247 907 4330 quod
923 4250 1032 4336 prima
1048 4260 1136 4324 meta
1151 4265 1204 4327 est
1218 4260 1393 4356 Somluutb,
1410 4291 1464 4358 per

332 4337 427 4400 qnam
443 4339 616 4452 separetur
641 4357 662 4404 u
692 4347 781 4414 terro
812 4351 923 4440 Zoby3
947 4356 1068 4428 deinde
1099 4365 1193 4432 vadit
1223 4368 1269 4436 ad
1301 4376 1461 4456 quendum

331 4421 438 4492 locum
454 4433 509 4499 vbu
523 4447 600 4507 sunt
615 4449 682 4512 tres
697 4461 783 4522 mete
798 4465 925 4529 veteres
943 4464 986 4532 de
1000 4474 1091 4539 terra
1106 4479 1140 4541 et
1169 4475 1336 4563 lapidibus
1367 4481 1461 4572 fece,

331 4531 364 4598 et
378 4539 493 4614 quarta
507 4559 602 4632 noua,
618 4568 677 4636 per
692 4575 776 4642 quas
792 4575 965 4654 separatur
980 4594 1002 4644 s
1017 4583 1107 4650 terra
1123 4581 1259 4674 Ezcueu,
1292 4595 1324 4660 et
1339 4610 1362 4662 a
1377 4596 1461 4667 terra
