3208 5158
644 265 804 373 Q

154 459 257 531 nendo
273 459 307 530 in
323 458 473 552 personis
490 463 666 532 earundem
690 461 914 554 respondisset
945 484 985 536 ar
1016 459 1167 551 aduerso,
1198 455 1287 550 qnod

155 571 337 659 presoripte
353 571 483 641 domine
498 572 532 640 in
548 571 636 642 iaeto
652 579 810 642 annotate
826 572 1043 661 possessionis
1068 570 1194 661 Vaynlo
1218 570 1288 640 orn·

155 679 249 749 oaoia
265 679 425 749 haberent
439 677 653 750 instrumenta
668 683 732 750 stb.
750 679 882 770 (Ennek
898 680 1024 768 solyttn
1039 677 1286 750 KonthMiklos

154 790 261 860 nidor
276 795 345 880 tgy
359 788 493 878 itelven)
510 797 547 859 ut
563 790 744 879 presoripte
760 791 890 861 domine
906 790 994 859 diota
1009 787 1165 860 litteralia
1175 807 1287 858 earum

157 899 359 968 munimento
375 899 409 966 in
425 898 551 968 oetaeis
567 898 644 968 festi
674 897 788 968 Sanoti
818 899 951 968 Martini
983 896 1178 968 confessoris
1209 901 1287 964 tuno

156 1007 324 1076 affeeturis
339 1005 376 1074 in
392 1003 491 1076 Curia
504 1006 607 1094 Regia
624 1006 677 1074 sni
692 1007 726 1074 in
741 1005 915 1094 presencia
930 1003 1084 1074 exhibere
1100 1007 1287 1074 tenerentur

153 1115 218 1183 stb.
235 1111 291 1203 (an
306 1113 442 1204 tgynek
457 1115 621 1185 tonberon
636 1115 880 1202 elnapoltattsa
904 1117 997 1201 nttn,
1026 1115 1126 1199 segre
1157 1112 1210 1202 az)
1242 1113 1287 1184 ad

156 1229 327 1309 presentes
343 1230 478 1292 outauas
495 1221 570 1292 sesti
586 1223 682 1293 Beati
698 1223 831 1312 Georgij
849 1221 995 1292 martiris
1010 1221 1198 1291 deuenisset
1221 1221 1285 1292 stb.

155 1331 303 1418 prefatus
319 1329 465 1401 Jaoobus
480 1331 566 1403 filins
583 1332 712 1402 Nioolai
728 1337 879 1421 presente
895 1331 996 1400 fratre
1021 1329 1193 1401 Dominioo
1218 1350 1285 1398 am·

156 1440 382 1509 ministratore
397 1448 615 1529 prouentuum
631 1440 872 1527 possessionum
888 1441 1033 1528 ipsarum
1058 1439 1286 1526 religiosarum

156 1547 361 1619 dominarum
378 1553 441 1618 stb.
467 1550 627 1635 quasdam
658 1553 804 1637 quinquo
837 1550 963 1620 litteras
994 1548 1124 1617 omnino
1154 1545 1285 1635 priuile·

156 1657 261 1741 giales
293 1664 440 1728 nostrum
468 1658 679 1746 Judioiarium
709 1659 864 1746 produxit
902 1659 936 1726 in
977 1662 1184 1746 eonspeetum
1223 1655 1284 1724 stb.

156 1765 226 1844 Quo
250 1774 405 1855 percepto
420 1769 566 1856 prefatus
582 1769 683 1838 frater
706 1769 899 1838 Dominious
929 1767 1185 1836 amministrator
1214 1785 1285 1852 pro·

155 1879 311 1944 uentuum
352 1882 385 1944 et
425 1883 614 1964 proourator
643 1877 789 1964 ipsarum
820 1876 1050 1962 religiosarum
1082 1873 1286 1941 dominarum

155 1983 315 2068 quasdam
331 2005 390 2052 sex
405 1983 534 2054 litteras
551 1990 662 2053 nostro
672 1983 837 2072 judioanio
862 1983 1006 2052 examini
1036 1984 1170 2050 enrauit·
1195 1979 1285 2048 exhi·

153 2093 239 2161 bere.
265 2090 409 2170 Quarum
426 2095 532 2180 prima
547 2094 671 2162 soilioet
686 2094 791 2180 ipsius
807 2093 928 2161 domini
943 2091 1024 2159 Belo
1039 2091 1138 2176 Regis
1153 2089 1188 2156 in
1203 2087 1284 2157 Ara·

154 2221 241 2290 nyas
257 2201 293 2268 in
309 2201 438 2270 ootauis
455 2201 610 2271 Omnium
626 2203 820 2272 Sanotorum
837 2223 923 2272 anno
937 2199 1128 2270 Natiuitatis
1154 2196 1283 2265 Domini

153 2309 354 2378 ΜὈΟῡΙιΧο
370 2311 509 2398 septimo
525 2315 658 2382 suborta
675 2312 850 2400 enodabat,
882 2312 969 2397 quod
983 2312 1081 2378 Patre
1106 2313 1138 2377 et
1161 2307 1284 2374 Paulus

147 2420 349 2506 jobegiones
366 2420 472 2488 castri
487 2419 529 2488 de
545 2419 692 2490 Kowand
717 2429 822 2490 terres
853 2439 965 2490 eornm
994 2417 1120 2506 Vaynlo
1149 2428 1284 2485 voeams

152 2527 302 2596 montesio
318 2527 418 2595 Beate
433 2529 579 2614 Virginis
594 2529 636 2598 de
650 2531 766 2598 Insula
782 2528 1006 2616 eontulissent,
1031 2525 1224 2616 semetipsos
1250 2523 1284 2592 in

148 2637 348 2722 jobagiones
365 2636 450 2706 dicte
465 2638 612 2706 Eoolesie
627 2637 875 2727 transferend03
899 2637 958 2705 tali
975 2637 1167 2707 eondieione
1189 2633 1285 2704 inter-

153 2747 248 2832 iecta,
264 2743 350 2831 qnod
366 2744 408 2813 de
423 2751 509 2815 terra
524 2766 635 2816 eorum
651 2747 741 2815 dioto
756 2746 908 2815 Eoolesie
924 2747 1058 2833 collata,
1075 2742 1285 2832 qnantnmad

152 2873 246 2923 usum
262 2874 374 2922 eornm
390 2854 564 2945 susioeret,
592 2855 775 2943 reciperent
805 2877 865 2943 pro
897 2875 935 2925 se
966 2857 1048 2943 ipsis
1080 2853 1121 2924 do
1151 2851 1283 2936 eadem;

152 2964 235 3032 siout
247 2963 446 3049 Jobagiones
461 2963 556 3032 libori
573 2963 721 3033 Eculesie
737 2965 900 3049 sernitnri,
931 2973 964 3032 et
988 2963 1154 3032 residuum
1179 2960 1284 3048 predi-

151 3079 277 3139 otarnm
295 3079 454 3140 terrarum
471 3081 650 3141 memorate
667 3073 815 3142 Euolesie
831 3073 910 3141 dieti
926 3072 1074 3159 Virginis
1092 3077 1282 3140 remaneret.

152 3181 215 3247 stb.
240 3183 364 3248 Datum
380 3182 471 3249 Bude
488 3183 712 3268 octuagesimo
729 3182 783 3250 die
799 3190 991 3251 oetauarum
1022 3180 1117 3249 Beati
1147 3177 1281 3266 Georgij

153 3289 298 3356 martiris
314 3309 400 3357 anno
415 3285 547 3356 Domini
564 3290 710 3360 ΜῦΟΟΟ0
725 3291 946 3376 octuagesimo
964 3293 1088 3374 quarto.

154 3489 296 3552 (Eredetie
316 3505 334 3542 a
352 3489 437 3542 budai
456 3491 510 3543 kin.
528 3490 657 3544 kamarsi
676 3489 861 3543 levelteirban.
880 3493 913 3544 V.
932 3489 1049 3556 itliejer
1062 3488 1126 3542 God.
1145 3489 1220 3556 Dipl.
1233 3489 1282 3542 1v.

544 3583 603 3633 ket.
623 3587 648 3634 3.
667 3581 728 3635 resa
747 3586 808 3634 396.
827 3583 895 3650 lap.)
