3120 5148
844 301 1005 406 ..Q

362 500 482 589 Medio,
499 483 676 570 indictione
692 497 873 584 undecima,
888 499 1057 584 Regnique
1074 495 1194 566 domini
1210 497 1314 564 nostri
1326 493 1491 582 gloriosis

359 611 435 678 simi
450 611 551 694 Regis
568 607 732 677 Frederioi
749 629 835 677 anno
851 607 1031 674 undecimo.
1048 607 1090 673 Et
1106 611 1141 674 ut
1156 607 1215 674 hec
1226 612 1384 692 perpetue
1401 623 1493 670 man·

361 720 514 786 darentur
531 716 694 801 memorie,
712 715 864 783 iussimus
880 714 979 780 scribi
994 735 1053 800 per
1068 735 1200 780 manum
1216 714 1334 781 Jacobi
1350 711 1491 779 Notarii.

360 827 528 896 Accarnus
543 821 752 892 Mettiotensis
768 822 960 909 Episcopus,
979 820 1071 889 Gelis
1087 820 1226 888 Melficte
1241 820 1360 889 Judex.

361 1024 494 1098 (Ljubica,
514 1025 698 1077 Monumenta
715 1023 873 1090 spectantia
890 1021 956 1073 hist.
976 1021 1123 1074 slavorum
1142 1020 1239 1076 sterio
1259 1019 1282 1072 1.
1301 1021 1364 1072 roa
1390 1022 1431 1070 tt.
1464 1019 1489 1080 l.)

794 1309 1061 1326 m

901 1849 954 1916 62.

363 2047 409 2122 il.
425 2051 534 2122 Endrc
549 2052 660 2136 kircilp
672 2050 917 2138 privilegiatae,
934 2049 1014 2134 moly
1031 2049 1113 2114 attat
1137 2047 1308 2115 Wnatisztd
1324 2059 1435 2115 comest
1460 2056 1489 2114 e's

577 2159 735 2225 metuisset
750 2155 959 2223 birtolrokbun
973 2157 1165 2242 meporr'tso'tr'.
1186 2154 1286 2222 1209.

473 2357 511 2426 In
543 2357 673 2424 nominc
712 2356 831 2423 Sancte
869 2353 1040 2422 Trinitatis
1071 2355 1103 2418 et
1132 2349 1308 2422 Indiuidua
1340 2354 1493 2423 Unitatis.

367 2469 515 2537 Andreas
533 2467 594 2534 Dei
611 2466 723 2551 gracia
738 2465 891 2552 Vagarie,
907 2463 1081 2552 Dalmatio,
1092 2460 1234 2548 Oroatie,
1247 2465 1361 2548 Rama,
1371 2464 1493 2546 Servio,

367 2575 500 2660 Galitie,
516 2573 790 2658 Wladomiriequc
806 2577 876 2641 Rex
891 2574 925 2640 in
942 2577 1144 2659 perpetuum.
1162 2570 1324 2648 Quoniam
1340 2592 1382 2638 ex
1397 2593 1493 2638 anuo-

367 2706 437 2753 rum
453 2689 485 2752 et
501 2689 680 2768 temporum
696 2680 951 2750 transvolutione
967 2679 1109 2748 humane
1121 2679 1346 2764 dispositionis
1356 2679 1493 2766 plerum·

369 2813 431 2877 que
451 2791 564 2860 invida
580 2791 717 2875 derogat
732 2790 864 2875 oblivio,
891 2787 1027 2873 ideoque
1060 2786 1250 2872 indagatrix
1282 2789 1431 2858 ueritatis
1462 2797 1494 2854 et

368 2899 506 2987 provida
522 2900 699 2966 futurorum
718 2897 847 2966 sibimet
863 2897 1023 2965 consuluit
1039 2899 1136 2983 ratio,
1153 2903 1188 2964 ut
1205 2899 1293 2980 quod
1309 2897 1495 2964 memoriter

368 3009 401 3076 in
418 3008 524 3076 eordis
540 3007 714 3074 armariolo
730 3007 842 3090 nequit
871 3004 1052 3094 observari,
1076 3005 1208 3090 scriptis
1240 3013 1274 3072 et
1305 3010 1496 3072 attramento

373 3117 590 3184 comendetur.
613 3112 691 3182 Ideo
708 3123 768 3201 est,
784 3113 872 3197 quod
888 3133 960 3182 eum
977 3114 1119 3182 ditentur
1137 3118 1168 3178 et
1185 3113 1289 3180 fidelis
1311 3119 1420 3180 noster
1437 3112 1497 3178 Co·

368 3242 436 3292 mes
452 3222 652 3290 Wratiziaus
669 3229 830 3308 tempora·
858 3243 921 3306 quo
944 3222 1091 3288 Donatus
1117 3220 1302 3288 fruebamur
1328 3207 1498 3304 dignitate,

368 3331 499 3414 quando
516 3330 614 3398 etiam
630 3330 715 3398 inter
739 3349 797 3397 nos
823 3337 856 3396 et
887 3332 970 3398 bone
1002 3330 1154 3396 memorie
1186 3329 1319 3396 fratrem
1351 3331 1497 3396 nostrum

369 3439 397 3505 R
403 3436 605 3526 (emericum)
619 3439 741 3522 Regem
760 3438 924 3504 discordia
941 3437 1136 3525 vertebatur,
1151 3441 1193 3505 ob
1219 3437 1402 3522 piissimam
1426 3456 1498 3501 sus-

370 3547 552 3632 ceptionem
568 3553 600 3614 et
617 3547 715 3614 fidele
731 3545 910 3632 servitium,
927 3544 1014 3628 quod
1031 3545 1125 3612 nobis
1150 3545 1306 3632 exhibuit,
1339 3546 1500 3612 iacturam

370 3674 435 3721 non
452 3652 623 3738 modicam,
641 3660 708 3720 tam
724 3653 838 3722 donrus
855 3674 912 3721 sue
928 3653 1094 3720 combuste
1110 3674 1206 3740 quam
1238 3675 1346 3722 rorum
1379 3659 1502 3720 oetern-

370 3783 451 3847 rum,
467 3766 618 3847 precepto
634 3761 711 3828 dicti
725 3761 835 3830 fratris
850 3761 953 3830 nostri
970 3767 1044 3829 tuuc
1055 3764 1153 3846 Regis
1165 3783 1282 3848 passus
1292 3762 1423 3844 inisset;
1442 3761 1501 3827 de-

371 3868 469 3952 nique
485 3867 644 3952 susceptis
660 3891 680 3936 a
695 3871 765 3936 Deo
781 3871 885 3954 Regni
902 3869 1136 3954 gubernaculis
1153 3869 1196 3936 ad
1221 3871 1417 3955 presentiam
1444 3891 1503 3935 no-

371 3983 471 4042 stram
504 3977 650 4062 accessit,
683 3977 817 4060 Regium
850 3978 1008 4044 instanter
1038 3977 1185 4062 rogitans
1202 3979 1429 4062 Magastatem,
1467 3983 1504 4042 ut

370 4083 597 4172 patrimonium
614 4106 706 4152 suum
723 4093 755 4153 et
772 4086 909 4152 fratrum
927 4107 1055 4154 suorum
1082 4107 1152 4153 cum
1187 4085 1348 4154 universis
1378 4085 1504 4171 prediis

371 4198 402 4257 ct
418 4193 679 4275 possessionibus
698 4213 809 4260 eorum
835 4195 895 4261 sub
927 4193 1021 4261 unius
1053 4194 1217 4279 privilegii
1249 4199 1362 4262 tenore
1393 4213 1501 4260 corro-

372 4300 568 4367 boraremus.
592 4303 660 4369 Nos
678 4301 762 4368 orrim
780 4301 995 4386 peticionibus
1021 4303 1090 4371 suis
1116 4303 1291 4388 benignum
1324 4301 1502 4389 prebentes

370 4405 517 4478 audituro
534 4416 565 4474 et
582 4409 707 4494 merito,
724 4408 811 4476 fideii
828 4417 938 4478 nostro
954 4411 1144 4479 BancBaoo
1156 4409 1308 4478 dedimus
1319 4409 1352 4474 in
1368 4409 1506 4474 mauda-

368 4513 423 4599 tis,
442 4521 477 4582 ut
493 4523 610 4584 terram
627 4537 717 4584 suam
737 4523 767 4584 ct
784 4517 1009 4603 possessiones
1026 4537 1097 4584 cum
1125 4519 1222 4584 metis
1247 4517 1418 4603 diiigenter
1453 4517 1507 4585 in·

370 4621 521 4710 spiceum,
538 4623 655 4707 quibua
674 4624 817 4694 demeto
834 4625 876 4693 ad
894 4633 1013 4694 metam
1032 4646 1090 4712 per
1115 4623 1311 4713 pristaidum
1345 4631 1509 4715 nostrum,
