3098 5132
789 280 947 380 Q

304 477 466 564 Wakyam
477 475 933 562 Zagrabiensem,00mitntns
950 485 1078 546 nostros
1089 475 1227 545 feliciter
1244 479 1429 566 optinentes
1533 527 1534 530 ,

303 586 488 654 Aladanum
498 585 934 670 'I'avamioorumdndream
955 586 1431 672 Dupiferorum‚Bagamerium
1533 621 1534 640 2

303 695 461 760 Pineerne
492 695 668 780 Magistros
699 696 732 762 in
766 695 844 764 aula
875 701 989 763 nostru
1017 696 1207 764 existentes,
1237 695 1357 762 Datum
1374 715 1432 782 per
1533 773 1534 794 ἢ

304 823 419 870 munus
436 803 584 888 Magistri
601 802 723 870 Methie
747 803 981 886 Zegrubiensis
999 803 1143 872 Eoolesie
1169 803 1341 890 Prepesiti,
1356 805 1432 872 aule
1533 815 1534 832 l

304 917 412 977 nostre
428 909 635 995 Oaneellarii,
666 909 831 996 Stephano
857 910 1038 978 venerabili
1062 911 1176 978 Eleoto
1200 909 1345 980 eiusdem
1371 911 1432 979 Ee·
1533 977 1534 1002 ,

304 1017 405 1086 oleeie
421 1017 561 1085 feliciter
579 1019 749 1086 existente.
767 1018 861 1085 Anno
878 1017 997 1086 Graoie
1013 1017 1206 1087 dccxxv.

307 1217 467 1281 (maara
485 1217 668 1270 Monumente
686 1218 750 1270 hist.
770 1219 956 1284 Episcopatus
977 1219 1172 1285 zegrebiensis
1191 1219 1214 1270 1.
1234 1220 1294 1271 ket
1309 1223 1351 1270 54.
1365 1220 1433 1284 lep.)
1533 1245 1534 1248 ¹

837 1955 910 2026 lta.

314 2161 379 2226 111.
397 2160 560 2227 fleamus
574 2163 664 2244 pa'pe
680 2179 701 2221 α
717 2156 859 2222 ὸοειπίαἱ
869 2159 1054 2242 petartaok
1068 2158 1147 2224 allen
1165 2179 1186 2222 a
1202 2159 1348 2224 kereeetet
1372 2161 1441 2225 tir-
1533 2209 1534 2250 3

750 2263 869 2330 delati.
901 2265 999 2332 1225.

421 2463 597 2550 (Honorius
614 2463 795 2546 Episeopus
811 2479 924 2527 servus
951 2483 1115 2530 servornm
1143 2463 1203 2529 Dei
1228 2463 1291 2530 stb.
1332 2463 1440 2547 Ugrin
1533 2451 1534 2454 ¹

313 2575 463 2643 kuloesai
481 2571 661 2660 drsekhez.)
687 2573 820 2640 Gratum
836 2573 979 2656 gerimus
1006 2579 1039 2638 et
1062 2579 1240 2660 acceptum,
1265 2573 1353 2655 quod
1381 2574 1443 2642 Cu·

313 2683 431 2749 tholiee
447 2682 523 2750 fidei
540 2685 653 2750 duetus
669 2703 779 2750 amore
794 2681 838 2748 ud
854 2681 1077 2768 profligandos
1094 2681 1253 2750 hereticos
1264 2682 1305 2748 de
1316 2682 1439 2768 Bonna,
1533 2721 1534 2728 κ

314 2792 382 2876 Sey
398 2798 430 2856 et
447 2789 577 2872 Verere,
593 2789 649 2858 ubi
666 2797 830 2874 tamquam
857 2791 956 2856 lande
979 2789 1111 2856 nudetis
1137 2790 1284 2858 mammis
1309 2789 1445 2874 publiea

315 2897 438 2965 catulos
455 2917 531 2966 snos
546 2900 681 2982 laetant,
698 2898 740 2964 ad
757 2896 1013 2966 exhortationem
1030 2898 1115 2964 bone
1132 2898 1285 2964 memorie
1300 2899 1440 2984 Aeonoij

315 3005 514 3075 Subdiaooni
533 3013 566 3073 et
582 3005 753 3091 Capeliani
768 3007 881 3090 nostri,
905 3005 1091 3091 Apostoliee
1121 3005 1215 3072 Sedis
1246 3007 1374 3092 Legati,
1410 3015 1445 3074 et

315 3115 451 3184 aliorum
471 3115 628 3184 bonorum
645 3115 785 3182 virorum
802 3121 834 3181 te
850 3115 985 3186 viriliter
1017 3114 1198 3181 aoeinxisti.
1238 3115 1342 3198 Super
1375 3135 1443 3198 qno

317 3223 513 3291 sineeritatis
531 3231 583 3290 tue
599 3225 702 3289 zelum
720 3222 829 3307 dignis
846 3223 880 3288 in
899 3222 1039 3290 Domino
1052 3221 1445 3292 laudibusoommendan-

317 3339 377 3418 tes,
394 3339 428 3400 et
442 3331 553 3398 favore
570 3331 681 3400 debito
698 3338 942 3418 prosequentes,
969 3329 1204 3398 fraternitatem
1230 3337 1318 3398 tuum
1349 3352 1445 3415 roga·

317 3461 387 3507 mus
403 3449 436 3506 et
452 3459 618 3508 monemus
634 3441 802 3526 attentius,
820 3449 851 3504 et
868 3459 924 3525 per
940 3439 1128 3524 Apostolioa
1153 3438 1277 3522 scripta
1307 3439 1446 3507 mandu-

316 3567 388 3615 mus
406 3573 413 3615 ε
430 3559 591 3633 quatenus
609 3548 650 3616 de
667 3551 777 3632 gratia
793 3555 907 3615 nostru
922 3547 1073 3634 eonfisus,
1090 3552 1122 3612 et
1152 3546 1349 3614 anctoritate
1380 3546 1446 3614 sut-

317 3655 432 3742 tultns,
452 3655 657 3741 prosequaris
674 3677 714 3723 en
733 3656 841 3722 animo
859 3675 991 3723 eausam
1009 3654 1137 3740 Christi,
1165 3653 1332 3722 Catholioe
1357 3659 1447 3741 puri·

319 3763 395 3828 tatis
427 3770 576 3848 potenter
607 3783 805 3852 persequens
836 3766 1064 3848 subversorem
1105 3763 1151 3832 ita
1184 3764 1270 3848 quod
1300 3764 1370 3832 Deo
1403 3765 1448 3832 ed
1533 3789 1534 3792 ¹

319 3871 467 3958 gloriam,
485 3871 580 3940 nobis
596 3873 639 3940 ad
654 3871 821 3962 gaudium,
841 3883 874 3940 et
898 3873 958 3940 tibi
987 3873 1032 3942 ad
1064 3873 1240 3958 preteetum
1273 3875 1448 3959 proveniat

319 3979 507 4047 salutarem.
543 3980 585 4048 Ut
601 3986 709 4048 nutem
727 3981 906 4048 iniunctum
921 3981 982 4047 tibi
1001 3984 1165 4065 negotium
1191 3981 1367 4067 perieotnis
1393 4003 1449 4050 en·

320 4087 394 4172 equi
411 4089 531 4174 valeas,
547 4090 580 4154 in
598 4089 745 4174 pertibus
762 4088 827 4156 illis
843 4089 991 4174 predioee
1007 4090 1142 4158 verbum
1173 4089 1295 4170 Ornois,
1329 4089 1448 4158 fideles
1533 4167 1534 4178 ἵ

320 4204 431 4264 eontra
448 4199 598 4267 infideles
615 4197 791 4266 effieaoiter
807 4197 1008 4264 exhortando
1025 4205 1086 4266 eto.
1113 4199 1232 4266 Datum
1248 4197 1371 4265 Tibure
1388 4200 1449 4266 idi·

320 4307 379 4375 bus
400 4309 488 4394 Maij,
505 4329 592 4379 anno
607 4327 692 4375 nono
709 4305 920 4376 Pontificatus
939 4309 1049 4376 nostri.

553 4509 673 4570 (Ferlsti
691 4509 839 4575 Illyricum
859 4507 973 4559 Suerum
993 4507 1041 4558 IV.
1061 4509 1120 4558 kdt.
1140 4509 1182 4558 48.
1201 4507 1231 4570 l.)
