3080 5146
766 244 927 341 „sie

290 433 427 503 testibus
459 435 581 520 rogatis
612 435 776 504 nobilibus
805 435 885 503 uiris
918 436 1056 504 dominis
1083 438 1222 505 Nicolao
1239 442 1369 508 Donato
1384 450 1416 509 et

284 543 396 610 Marco
429 541 587 610 Ceruario
619 543 887 610 Procuratoribus
902 542 1016 610 Sancti
1038 544 1149 630 Marci,
1164 543 1317 633 Philippo
1334 549 1414 616 Con·

284 659 406 739 tareno,
416 650 565 718 iohanne
581 649 776 732 Gradenieo,
793 650 925 718 Andrea
941 649 1080 736 Delfino,
1104 653 1253 720 Jobanne
1267 654 1412 740 Tenpolo

280 765 315 825 et
330 757 407 823 aliis
424 759 544 826 multis.
569 759 638 826 Heo
653 764 704 826 est
719 758 893 825 concordia
908 758 994 826 inite
1009 759 1094 826 inter
1119 759 1285 826 dominum
1315 762 1413 829 Jaco-

284 866 358 930 bum
390 865 581 953 Teupolum,
613 865 676 934 Dei
701 866 809 948 gratia
825 865 972 932 inclitum
988 865 1112 932 Ducem
1129 865 1345 934 veneciarum
1372 887 1410 934 ex

279 991 346 1037 una
377 979 480 1058 parte,
506 993 564 1040 sno
598 973 728 1038 nomine
760 981 793 1038 et
812 972 966 1040 Comuuis
984 973 1209 1061 veneciarum,
1227 980 1261 1042 et
1277 975 1411 1043 fratrem

280 1080 441 1147 Jacobnm
458 1079 701 1148 dsssurrisellis
718 1101 759 1146 ex
779 1081 895 1166 altera,
914 1081 1069 1146 nuncium
1088 1082 1285 1149 uenerabilis
1302 1083 1413 1150 fratris

280 1187 404 1254 domini
435 1187 601 1254 Cuilielmi
626 1187 668 1253 de
698 1185 807 1270 Souai,
823 1184 971 1270 Magistri
987 1187 1250 1279 Domus-Milicie
1265 1189 1407 1275 Templi,

278 1297 322 1362 ad
338 1297 423 1364 hano
453 1293 659 1362 concordiam
690 1293 873 1362 faciendam
891 1293 1115 1360 transmissum
1140 1301 1239 1379 atque
1255 1297 1413 1364 constitu·

278 1411 357 1490 tum,
389 1410 425 1471 nt
455 1406 638 1492 apparebat
652 1423 710 1490 per
725 1404 852 1472 litteras
869 1403 1034 1488 sigillatas
1062 1403 1141 1470 dicti
1156 1403 1316 1490 Magistri,
1335 1426 1409 1492 pre-

262 1503 264 1506 ’
278 1513 424 1580 sentibus
441 1517 473 1578 et
488 1511 772 1578 consencientibus
788 1511 887 1577 fratre
902 1510 1090 1578 Hermanno
1107 1509 1147 1578 de
1163 1511 1282 1599 Burgu,
1299 1511 1413 1580 Prece-

277 1625 370 1703 ptore
385 1619 420 1684 in
436 1618 617 1704 Campania
633 1625 666 1684 et
680 1619 826 1686 Marcbia
841 1619 1035 1705 Tarvisana,
1067 1626 1100 1684 et
1130 1618 1231 1685 fratre
1246 1618 1409 1706 Jordano,

278 1725 471 1810 Preeeptore
495 1726 602 1794 Orane
618 1733 649 1793 et
674 1725 794 1792 Sannio
811 1749 818 1791 :
836 1709 999 1810 uidelicet,
1024 1724 1111 1808 quod
1128 1725 1234 1793 dietus
1249 1727 1411 1811 Magister

278 1851 336 1918 per
352 1851 387 1900 se
402 1835 453 1900 uei
485 1833 620 1901 nuncios
666 1853 742 1900 snos
788 1853 847 1918 pro
879 1831 1101 1900 satisfactione
1132 1841 1165 1900 et
1196 1833 1422 1902 restitucione·

280 1940 503 2026 dampnorum,
536 1959 599 2024 que
617 1938 695 2006 data
710 1947 742 2007 et
758 1940 852 2007 illata
867 1940 996 2006 fuerunt
1010 1941 1242 2008 mercatoribus
1257 1940 1405 2028 Venetis,

278 2047 559 2132 Vegleneibusque
570 2054 602 2114 et
614 2046 813 2114 Arbensibus
824 2047 858 2113 in
873 2046 1006 2114 ciuitate
1021 2045 1150 2131 Sennie,
1167 2047 1243 2113 olim
1258 2055 1411 2134 tempore

280 2155 442 2241 captionis
458 2161 491 2223 et
515 2154 748 2222 combustionis
780 2155 885 2240 ipsius
900 2153 1052 2236 civitatis,
1069 2153 1141 2220 dari
1157 2161 1189 2221 et
1205 2155 1290 2222 solui
1305 2155 1410 2222 faciet

279 2261 375 2328 bicin
391 2263 541 2331 Veneoiis
557 2262 641 2330 dicto
658 2260 790 2328 domino
806 2259 887 2328 Duci
905 2262 957 2328 vel
975 2259 1044 2328 eius
1060 2263 1236 2328 successori
1255 2279 1313 2329 seu
1330 2283 1414 2330 nuu-

268 2369 330 2436 oio
346 2369 514 2455 recipienti
529 2391 588 2456 pro
605 2369 840 2436 mercatoribus
859 2369 1048 2436 memoratis
1064 2387 1168 2453 nsque
1184 2369 1227 2434 ad
1243 2387 1407 2437 summam

279 2476 434 2542 librarum
459 2478 604 2561 quinque
635 2475 756 2542 milium
774 2483 807 2542 et
823 2475 1032 2544 ducentorum
1048 2473 1288 2558 quinquaginta
1304 2475 1409 2542 dena·

278 2583 397 2648 riorum
423 2581 620 2651 Venetorum
652 2603 835 2670 parvorum,
883 2581 992 2650 dando
1023 2589 1055 2650 et
1095 2582 1251 2650 solvendo
1282 2584 1414 2652 solidos

277 2689 403 2772 viginti
422 2687 627 2758 denariorum
671 2689 864 2758 Venetorum
896 2709 1084 2774 grossorum
1124 2690 1231 2756 minus
1267 2689 1412 2758 denario

279 2817 344 2863 uno
359 2816 419 2882 pro
436 2796 521 2865 libra
535 2798 753 2885 computando
769 2798 856 2864 libra
871 2797 1014 2883 ipsorum
1034 2815 1218 2881 grossorum
1242 2816 1303 2882 pro
1317 2796 1411 2864 libra

277 2903 393 2990 viginti
409 2924 468 2973 sex
478 2905 685 2974 denariorum
701 2906 900 2972 Venetorum
916 2924 1090 2990 parvorum
1106 2924 1165 2989 per
1196 2910 1263 2971 tres
1293 2923 1414 2988 annos,

278 3013 326 3080 ita
338 3011 427 3099 ,quod
442 3015 546 3082 tercia
576 3035 653 3100 pars
684 3035 785 3101 supra
810 3013 931 3100 scripte
947 3031 1071 3080 summe
1087 3009 1273 3096 pecuniaria
1290 3012 1415 3094 persol-

281 3126 378 3186 vatur
408 3121 496 3186 omni
527 3140 613 3188 anno
646 3121 680 3186 in
696 3121 760 3188 isto
791 3119 874 3188 festo
900 3119 994 3186 Beati
1018 3118 1107 3186 Petri
1122 3119 1244 3184 mensis
1260 3118 1364 3200 iunii,
1381 3126 1416 3184 et

278 3227 435 3295 terminus
466 3228 560 3295 huius
592 3226 764 3296 solutionis
793 3248 860 3294 non
892 3229 926 3293 iu
956 3227 1019 3294 isto
1035 3225 1118 3294 festo
1134 3223 1279 3312 proximo
1295 3223 1416 3290 Sancti

278 3335 378 3424 Petri,
393 3335 452 3402 sed
483 3337 516 3402 in
542 3333 606 3402 alio
622 3334 705 3404 festo
722 3334 834 3400 Sancti
849 3332 937 3400 Petri
954 3333 1102 3420 proxime
1122 3337 1257 3399 uenturo
1273 3330 1416 3417 incipia-

279 3450 341 3530 tur,
359 3449 390 3510 et
405 3443 440 3510 in
455 3440 528 3528 ipso
538 3442 673 3510 termino
691 3441 788 3509 tertia
802 3461 881 3528 pars
897 3441 1112 3527 persolvatur,
1129 3447 1161 3506 et
1177 3439 1225 3506 sie
1240 3437 1302 3506 sub
1319 3457 1415 3522 pena

279 3549 372 3638 dupli
388 3549 485 3620 huius
500 3569 592 3620 same
622 3549 829 3636 peccuniarie
860 3549 978 3618 debeat
1003 3545 1171 3615 obseruari
1187 3546 1222 3612 iu
1237 3543 1415 3614 solucione

281 3657 418 3742 pecunie
434 3663 609 3726 memorate
625 3677 697 3724 cum
713 3655 865 3742 dampnis
882 3662 914 3720 et
930 3655 1083 3741 expensis
1108 3650 1329 3736 restituendis,
1346 3671 1418 3737 que

285 3767 399 3833 tierent
429 3764 505 3831 inde
535 3761 700 3830 adomino
731 3765 825 3830 Duce
850 3763 903 3830 uel
933 3760 1166 3829 mercatoribus
1198 3756 1414 3844 supradictis.

278 3870 376 3939 Unde
422 3869 527 3938 dietus
569 3868 731 3937 dominus¹
766 3871 841 3936 Dux
878 3868 1009 3936 nomine
1047 3887 1106 3935 suo
1144 3873 1177 3933 et
1222 3865 1420 3932 Communis

276 3978 504 4065 Veneciarum,
532 3984 564 4044 et
588 3977 717 4046 nemim
755 3976 933 4044 Comitatus
971 3984 1004 4042 et
1027 3975 1195 4042 hominum
1224 3971 1340 4056 Vegle,
1383 3981 1421 4042 et

277 4085 455 4154 Comitatus
500 4091 532 4152 et
579 4084 743 4152 bominum
788 4084 900 4166 Arba,
949 4079 1095 4167 predicto
1142 4078 1236 4145 fratri
1282 4079 1421 4147 Jacobo

277 4192 445 4278 recipienti
489 4191 619 4258 nomine
673 4199 705 4258 ct
744 4190 814 4257 vice
852 4187 988 4273 predicti
1025 4186 1176 4270 Magistri
1213 4191 1246 4252 et
1282 4187 1419 4254 Domus

276 4300 397 4366 Milieie
412 4298 543 4385 Templi
574 4297 652 4367 iecit
673 4299 768 4366 finem
786 4303 818 4362 et
833 4295 1055 4364 remissionem
1071 4293 1113 4363 de
1144 4290 1293 4359 omnibus
1319 4291 1421 4360 dam-

276 4406 353 4492 pnis
372 4413 405 4473 et
420 4405 556 4489 iniuriis,
573 4425 636 4490 que
652 4405 719 4490 peti
736 4411 867 4492 possent
881 4401 1071 4470 ocecasionc
1087 4399 1198 4467 damni
1214 4397 1283 4464 dati
1312 4397 1421 4468 dictis

277 4513 518 4582 mercatoribus
550 4513 736 4580 incivitate
768 4511 898 4596 Sennis,
929 4509 1059 4595 quando
1076 4513 1172 4593 capta
1188 4511 1221 4572 et
1236 4505 1418 4574 combusta
