3150 5162
103 611 131 656 ιι
121 575 270 658 eisdem
286 585 413 684 sotaoiu
426 584 534 654 desint
548 585 735 670 liberorum,
767 591 877 653 tamen
894 584 936 654 de
952 583 1140 685 propinquis
1157 567 1226 654 suis

104 713 142 762 ex
157 693 316 766 benadoio
332 693 509 780 prinoipali
525 692 661 760 heredes
677 691 739 760 sibi
754 669 923 760 instituere
939 693 1081 787 possint
1082 697 1116 760 et
1142 695 1226 794 pari·

103 810 148 872 ter
171 819 387 876 successores
424 799 565 868 Proinde
595 799 638 868 ad
671 787 893 868 uniuersorum
925 799 1079 869 noticiam
1111 799 1225 894 barum

102 911 183 978 serie
198 910 349 978 uolumus
365 905 549 996 peruenire,
580 907 667 991 quod
683 906 789 975 tidelis
805 912 915 976 noster
929 905 1044 1002 Comes
1059 908 1157 975 Nsna
1171 884 1226 978 de

101 1015 316 1102 generaoione
333 1015 440 1083 Kalen
456 1015 500 1082 ad
531 1021 675 1083 nostram
706 1012 866 1104 aooedene
898 1014 1099 1102 presenciam
1130 999 1224 1084 nobis

100 1126 263 1194 humiliter
277 1123 489 1212 supplioauit,
508 1129 543 1192 ut
558 1144 630 1190 oum
646 1093 824 1192 liberorum
842 1119 964 1214 existat
979 1123 1100 1191 sotaoio
1125 1121 1223 1191 desti

99 1239 194 1319 tutos,
225 1232 333 1302 eidem
348 1253 389 1300 ex
405 1232 530 1318 pietate
545 1232 650 1314 Regia
665 1231 752 1298 bauo
768 1217 915 1316 grauiam
930 1207 1040 1300 sa'oere
1071 1230 1222 1323 dignare·¹

100 1361 174 1428 mur,
191 1341 278 1428 quod
293 1338 336 1406 de
352 1340 501 1410 omuibus
518 1340 779 1425 possessionibus
810 1338 882 1406 suis
912 1344 977 1404 tam
1013 1337 1222 1426 hereditarijs

100 1471 193 1535 quam
209 1448 373 1536 emptitiis
390 1448 526 1516 liberam
544 1447 738 1536 disponendi
754 1446 890 1514 haberet
908 1444 1111 1514 facultatem.
1151 1450 1221 1516 Noe

99 1557 204 1644 igitur,
219 1557 275 1641 qui
291 1555 435 1624 subditis
450 1557 571 1624 nostris
596 1557 694 1624 solita
725 1555 922 1623 occurrimus
953 1555 1085 1644 pietate,
1116 1554 1221 1643 ipsine

100 1665 228 1733 conius
244 1665 340 1732 Naue
355 1663 537 1732 calamitati
554 1663 795 1749 eompauientes
811 1661 845 1729 in
863 1663 924 1730 buo
956 1669 1073 1754 parte„
1090 1681 1221 1732 oonoes-

99 1772 204 1858 simus,
221 1779 257 1840 nt
272 1771 315 1840 de
330 1771 590 1858 possessionibus
607 1769 675 1837 suis
692 1776 758 1838 tam
773 1770 994 1860 bereditarijs,
1026 1791 1123 1864 quam
1156 1791 1219 1840 em·

99 1877 204 1966 ptioijs
219 1876 418 1946 btouasterio
443 1897 512 1961 suo,
542 1878 703 1962 cognatis,
734 1877 813 1962 tilijs
843 1896 990 1945 sororum
1005 1897 1163 1966 ¹suarum,
1186 1879 1223 1968 etv

99 1989 184 2054 sxori
200 2005 257 2054 sue
273 1985 412 2053 liberum
430 2002 488 2070 per
505 1984 614 2052 omnia
630 1983 749 2050 habeat
765 1982 933 2052 arbitrium
949 1983 1095 2073 legundi,
1111 1985 1217 2080 dispo3

98 2093 201 2180 nendi,
217 2113 275 2162 seu
290 2093 396 2159 eoiam
410 2090 613 2176 relinquendi
626 2114 634 2177 ;
658 2089 698 2159 de
714 2093 830 2176 quibus
846 2092 1020 2177 quamdam
1037 2095 1218 2178 possessio«.

99 2221 165 2269 nem
180 2200 304 2270 Samud
319 2199 532 2287 nominatam,
548 2200 739 2268 existentem
756 2203 842 2268 inter
857 2201 1011 2270 Drswam
1029 2207 1062 2268 et
1092 2201 1214 2270 Vrman

99 2309 128 2378 in
141 2309 300 2379 Oomitatu
316 2306 359 2375 de
374 2307 502 2376 Borona
518 2328 591 2375 oum
607 2307 761 2376 tredeoim
778 2307 876 2393 villis,
893 2325 956 2393 que
971 2308 1031 2375 sub
1048 2329 1113 2375 una
1129 2315 1216 2378 meto

98 2415 310 2503 inoludnntur,
327 2414 457 2482 domine
472 2415 566 2482 vxori
581 2435 649 2500 sue,
666 2415 732 2482 filie
747 2414 898 2482 vidolioet
928 2415 1020 2502 Moys
1051 2415 1215 2501 quondam

97 2523 239 2610 Palatini,
256 2530 323 2590 tum
339 2528 474 2610 propter
490 2522 706 2589 sinoeritstem
724 2523 844 2590 amoris
870 2520 985 2610 mutui,
1016 2527 1083 2590 tum
1109 2525 1218 2608 esiam,

97 2652 150 2718 pro
166 2632 241 2700 dote
257 2637 290 2700 et
304 2632 401 2700 rebus
417 2649 526 2698 seeum
542 2628 671 2716 delatis,
687 2628 778 2698 dedit
793 2637 824 2698 et
839 2631 1125 2724 eontulitpaoitiue
1145 2655 1214 2722 peu

97 2746 187 2825 petuo
203 2737 448 2826 possidendam.
472 2738 541 2804 Hoo
557 2737 695 2824 adiseto,
712 2737 798 2823 quod
814 2737 843 2805 si
863 2737 971 2807 dietus
987 2737 1103 2830 Comes
1118 2740 1215 2830 Nsnn

98 2845 240 2916 heredem
257 2847 310 2918 uel
325 2843 461 2916 heredes
486 2845 608 2914 babere
633 2847 842 2933 contingeret,
872 2845 1020 2932 prediots
1051 2841 1214 2934 possessio

96 2955 135 3022 ad
148 2975 264 3023 manus
279 2955 383 3040 ipsine
400 2952 602 3021 etheredum
619 2973 749 3022 suorum
767 2953 978 3041 deuoluetur;
1001 2955 1029 3022 si
1045 2976 1123 3024 uero
1139 2959 1212 3037 sino

97 3060 205 3130 herede
221 3061 407 3149 deoesserit,
439 3061 569 3130 domino
586 3062 680 3129 uxori
696 3083 754 3131 sue
769 3063 951 3131 remanebit
966 3069 1122 3149 perpetuo
1138 3085 1212 3151 pos·

96 3167 234 3238 ridenda.
256 3167 363 3247 Quam
387 3167 518 3253 quidem
549 3170 787 3255 possessionem
819 3190 879 3256 per
909 3161 1036 3256 fidelem
1067 3178 1212 3256 nostrum

97 3275 286 3363 Stephanum
303 3278 461 3346 Comitem
477 3277 518 3345 de
534 3277 727 3346 Chenedino
759 3277 962 3384 reambaturi
985 3276 1119 3366 sepimus
1151 3284 1211 3349 sub

96 3383 274 3452 testimonio
290 3381 436 3470 Capituli
453 3383 845 3472 QuinqueEoolesiensis,
878 3393 911 3452 et
926 3383 1013 3454 siout
1029 3385 1064 3451 in
1094 3385 1212 3456 litteris
1279 3473 1283 3482 Ι

97 3490 190 3574 ipsine
205 3489 351 3579 Onpituti
365 3491 507 3559 vidimus
524 3491 691 3579 oontineri,
723 3512 820 3578 super
837 3490 953 3560 eadem
968 3493 1077 3561 nullus
1105 3494 1211 3562 extitit

95 3599 311 3668 monadiotor.
336 3599 378 3666 m
393 3597 538 3666 eiusdem
554 3599 773 3685 possessionis
789 3609 872 3668 mete
888 3600 950 3667 hoo
966 3599 1079 3670 ordine
1094 3601 1209 3670 distin-

97 3713 203 3788 gmtm
218 3733 226 3775 :
242 3706 354 3774 Prima
368 3713 458 3774 meta
473 3707 590 3792 inoipit
606 3710 648 3774 ab
664 3707 788 3776 oriente
805 3707 848 3775 de
863 3707 997 3777 flumine
1013 3707 1100 3794 quod
1129 3711 1209 3779 dioi-

97 3818 140 3880 tur
153 3815 297 3902 Zopuroa
313 3814 406 3884 iuxta
422 3821 541 3884 terram
557 3815 614 3902 filij
632 3815 728 3903 (iulo,
762 3823 794 3884 et
810 3815 866 3882 ubi
884 3817 1050 3900 egreditur
1081 3818 1122 3886 de
1152 3821 1209 3890 flu·

95 3921 178 4007 uiue,
191 3923 239 3992 ibi
254 3929 331 3994 sunt
346 3923 480 4012 antique
496 3929 601 4008 mete;
626 3923 702 3992 iude
717 3921 809 3992 uadit
825 3923 870 3990 ad
885 3923 1058 4013 meridiem,
1075 3931 1106 3994 et
1116 3925 1208 3995 iuxta

96 4045 218 4111 paruum
234 4035 365 4117 pratum
382 4035 460 4106 sunt
474 4035 560 4098 mete
575 4029 728 4114 antique,
751 4029 827 4097 inde
843 4029 936 4098 uadit
952 4031 1115 4116 usquead
1141 4055 1208 4102 ma·

91 4149 183 4214 -ειιιιι
197 4134 284 4208 viam
301 4155 366 4221 que
381 4135 474 4207 duoit
488 4137 531 4213 ed
546 4134 629 4221 Lok‚
663 4141 695 4204 et
712 4136 805 4204 iuxta
829 4157 984 4222 maguam
1014 4137 1102 4206 viam
1133 4149 1209 4208 sunt

95 4241 217 4326 antone
232 4248 319 4312 mete
334 4263 437 4340 prope
452 4251 614 4331 stagnum,
650 4249 681 4312 et
697 4243 743 4310 ibi
759 4243 852 4312 iuxta
881 4252 1001 4313 metam
1034 4245 1135 4314 intrat
1164 4249 1208 4318 ed

94 4349 200 4419 uallem
216 4370 288 4437 que.
295 4351 414 4428 dieitur
430 4349 574 4440 maleks,
592 4358 624 4420 et
640 4349 732 4420 uadit
747 4352 783 4420 in
798 4353 857 4422 illa
872 4373 959 4438 aqua
974 4372 1088 4422 versus
1103 4355 1205 4424 orien-

95 4459 160 4544 tem,
183 4465 216 4526 et
231 4459 346 4530 oireuit
360 4459 405 4528 ad
418 4457 584 4528 meridiem
600 4461 643 4530 de
659 4468 747 4530 terra
762 4461 818 4545 filij
838 4461 930 4546 Gelu,
964 4461 1055 4529 etad
1085 4468 1206 4530 terram

89 4559 326 4654 ducentos,
349 4571 383 4640 et
407 4568 483 4636 inde
515 4569 609 4640 iuxta
640 4589 793 4656 magnam
825 4571 946 4638 siluam
976 4588 1036 4654 per
1068 4569 1204 4643 eandem

95 4687 200 4758 aquam
215 4675 304 4746 venit
320 4676 364 4746 ad
380 4679 534 4748 maiorem
551 4699 682 4766 aquam,
698 4701 760 4768 que
771 4679 887 4748 dieitur·
902 4677 1069 4766 Druuoba,
1085 4679 1117 4746 iu
1135 4681 1205 4748 looo

1030 4785 1095 4858 28*
