3150 5162
658 425 819 524 „Q

171 626 226 708 tis,
244 629 277 690 et
292 623 422 710 publice
433 622 683 708 promulgatam,
700 628 816 709 ratam,
833 623 968 706 firmam,
984 642 1101 706 equam
1112 629 1144 689 et
1154 622 1299 707 dignam,

170 739 340 816 tamqnam
358 730 401 797 ab
417 749 473 797 ore
489 737 599 798 nostro
615 731 747 818 proprio
763 731 924 815 prolatum
941 730 1113 798 habuimus
1139 736 1172 796 et
1201 729 1303 797 habe·

170 859 251 924 mus,
284 845 317 905 et
333 836 540 924 priuilegium
557 836 700 905 eiusdem
732 837 834 923 patris
867 836 966 904 nostri
997 855 1188 921 processum
1219 834 1305 904 dicte

170 966 268 1016 cause
283 951 317 1012 ct
332 944 450 1014 seriem
467 943 571 1012 tocius
586 943 714 1028 negocii
732 950 765 1010 ct
781 944 981 1012 sentenciam
998 945 1100 1010 latam
1117 942 1298 1034 continens,

171 1077 212 1122 ex
228 1061 319 1124 certa
335 1053 481 1121 sciencia
498 1059 530 1118 ct
545 1053 701 1120 mandato
727 1051 807 1120 dicti
838 1051 941 1138 patris
973 1051 1076 1119 nostri
1108 1050 1301 1140 conlectum,

169 1163 398 1249 dupplicisque
414 1161 518 1246 sigilli
534 1163 586 1228 sui
602 1160 779 1228 munimine
790 1160 987 1247 roboratum,
1003 1159 1162 1247 validum,
1176 1160 1301 1227 firmum

168 1281 201 1340 et
216 1270 411 1340 inuiolabile
428 1269 498 1336 sore
509 1268 740 1362 judicanimns,
758 1266 933 1336 habuimus
949 1273 981 1334 et
998 1268 1169 1353 habemns,
1201 1275 1303 1352 atquc

170 1365 351 1446 statuimus¹
360 1377 580 1463 perempniter
593 1375 628 1442 in
643 1395 703 1444 suo
717 1377 834 1442 robore
843 1373 1042 1462 duraturum,
1056 1375 1185 1442 Lucach
1197 1375 1301 1444 etfra·

167 1485 271 1552 tribus
289 1483 445 1567 eiusdem,
464 1491 496 1549 et
511 1482 591 1570 tilijs
606 1481 753 1569 Detricy,
778 1489 811 1548 et
826 1481 889 1568 ipsi
904 1482 1035 1550 Detrioo
1052 1482 1170 1548 Ocmiti
1185 1503 1300 1570 supra-

166 1592 265 1660 dictis
282 1611 382 1677 super
396 1595 485 1657 terra
501 1589 611 1674 Suctc,
644 1589 760 1656 Perlau
776 1593 809 1657 et
823 1589 986 1676 Lyponnk
1002 1589 1068 1656 iam
1084 1589 1213 1676 prelata
1227 1610 1299 1676 per-

166 1709 299 1788 petuum
316 1680 486 1766 silencium
502 1698 700 1784 inponendo.
733 1699 813 1766 Item
846 1717 1034 1783 processum
1066 1700 1194 1786 negocij
1227 1701 1297 1768 sinc

166 1801 240 1875 litis
250 1828 350 1895 snper
367 1813 455 1874 terra
470 1809 620 1874 Rososna
637 1811 669 1872 et
685 1805 846 1873 Sumkuth
863 1825 973 1872 coram
990 1805 1104 1874 eodem
1125 1805 1299 1874 karissimo

173 1923 268 2002 patre
284 1923 396 1984 nostm
413 1915 539 1981 diucius
554 1913 725 1981 ventillate
756 1920 788 1980 et
820 1911 931 1981 habite
962 1913 1047 1981 inter
1077 1915 1298 1982 venerabilem

165 2031 294 2111 putrem
309 2023 507 2110 Episcopum
524 2020 886 2106 Quinqueeclesiensem
903 2026 935 2088 et
950 2021 1042 2088 Zauh
1059 2021 1215 2089 Comitem
1232 2023 1296 2089 fra·

161 2139 245 2198 trem
263 2129 408 2198 ciusdem
426 2129 467 2196 de
483 2147 604 2213 genere
619 2127 712 2196 Zaah
729 2147 767 2195 ex
783 2148 848 2195 vna
863 2133 967 2214 parte,
1000 2133 1032 2195 et
1048 2127 1213 2196 Detricnm
1233 2129 1294 2196 co·

162 2239 276 2307 mitcrn
292 2239 394 2306 filium
411 2236 532 2304 hlathci
549 2257 590 2305 ex
604 2238 719 2324 altera,
737 2243 869 2322 rectum,
887 2237 1004 2303 iustum
1021 2236 1130 2304 etrite
1146 2236 1294 2306 habitum

162 2369 221 2434 per
235 2348 349 2415 omnia
365 2351 567 2430 reputantes,
594 2345 793 2412 sentenciam
818 2345 962 2412 eiusdem
993 2343 1161 2412 karissimi
1191 2347 1295 2431 patris

161 2453 264 2521 nostri
281 2473 380 2539 super
397 2453 533 2538 prefatis
549 2453 651 2520 latam
667 2472 726 2536 pro
742 2453 873 2519 domino
889 2453 1052 2540 Episcopo
1069 2464 1102 2520 et
1117 2452 1208 2521 Zaah
1238 2455 1295 2522 Oo-

160 2561 240 2629 mite
257 2560 359 2630 tratre
375 2559 520 2630 eiusdem
551 2562 618 2628 iam
649 2560 785 2647 prelatis
816 2568 849 2627 et
880 2560 1012 2647 publice
1042 2562 1294 2652 promulgatam,

160 2678 280 2756 ratam,
298 2671 435 2758 firmam,
452 2689 568 2756 equam
586 2677 618 2736 et
634 2669 777 2755 dignam,
794 2675 951 2754 tanquam
969 2673 1011 2736 ab
1027 2691 1083 2738 ora
1099 2675 1209 2739 nostro
1224 2691 1298 2756 pro-

160 2779 231 2862 prio
248 2778 414 2865 prolatam
429 2776 605 2844 habuimus
621 2782 653 2842 et
668 2777 836 2860 habemus,
861 2783 893 2844 ct
908 2778 1119 2862 priuilegium
1145 2779 1292 2847 eiusdem
1354 2791 1357 2798 '

158 2883 328 2953 karissimi
344 2887 449 2971 patris
465 2885 577 2970 nostri,
595 2903 780 2970 processum
798 2883 886 2952 dicte
896 2905 1007 2971 cause,
1022 2893 1053 2952 et
1063 2888 1180 2954 seriem
1192 2890 1296 2957 tocius

159 2995 300 3082 negocij,
318 3001 350 3062 et
366 2993 566 3060 sentenciam
584 2994 682 3060 latam
699 2994 879 3079 continens,
904 3011 944 3059 ex
967 2999 1056 3059 certa
1087 2995 1229 3062 sciencia
1262 3005 1294 3064 et

158 3103 316 3170 mandato
332 3099 411 3168 dicti
427 3101 529 3187 patris
545 3101 648 3167 nostri
666 3100 858 3186 conlectum,
874 3101 1103 3188 dupplicisquc
1120 3103 1171 3170 sni
1189 3104 1290 3168 muni·

157 3210 242 3278 mine
260 3211 459 3295 roboratum,
474 3207 632 3293 validum,
648 3209 775 3274 firmum
791 3214 824 3274 et
839 3209 1032 3276 inuiolabile
1047 3208 1118 3276 fore
1134 3209 1291 3278 indicaui·

160 3337 241 3405 mns‚
260 3315 438 3382 habuimus
453 3321 485 3381 et
501 3314 667 3398 habemus,
699 3322 797 3399 atque
813 3315 985 3384 statuimus
1000 3316 1034 3383 in
1051 3337 1144 3384 enum
1177 3319 1292 3386 robore

159 3424 372 3507 duraturnm3
395 3421 527 3490 Detrieo
545 3422 610 3488 iam
627 3421 713 3489 dicto
730 3444 827 3509 super
858 3425 933 3510 ipsa
962 3429 1049 3492 terra
1079 3425 1229 3494 Rososna
1261 3433 1293 3494 et

157 3530 320 3598 Sumlruth
336 3537 530 3615 perpetuum
547 3528 718 3597 silencium
736 3531 931 3617 inponendo.
971 3534 1010 3598 ln
1026 3534 1117 3600 cuins
1135 3535 1182 3601 rei
1199 3536 1287 3601 testi-

155 3639 300 3705 moninm
318 3642 351 3704 et
367 3643 512 3704 eternam
530 3639 720 3704 memoriam
735 3637 780 3705 ad
794 3639 914 3705 iustam
934 3647 966 3706 ct
992 3640 1124 3726 dignam
1155 3641 1288 3728 peticio·

156 3763 227 3811 nem
244 3745 327 3811 dicti
342 3743 543 3812 venerabilis
560 3745 666 3830 patris
683 3753 715 3814 et
730 3746 820 3814 Petri
837 3747 973 3816 Comitis
989 3768 1126 3833 presens
1158 3749 1290 3836 priuile-

156 3853 243 3934 gium
262 3851 414 3920 dedimus
429 3851 632 3938 inpressione
646 3855 749 3922 nostri
765 3853 867 3942 sigilli
879 3854 1042 3942 dupplicis
1053 3858 1290 3943 consignatum.

155 3957 276 4027 Datum
295 3979 354 4045 per
378 3979 495 4026 manns
526 3959 674 4044 Magistri
705 3962 875 4030 Benedicti
906 3963 1068 4050 Propositi
1100 3965 1289 4035 Orodicnsis
1395 3947 1400 3958 ⁵

156 4067 229 4134 aule
244 4071 359 4136 nostre
377 4065 453 4132 vice
469 4061 664 4152 Cancellarij
683 4067 794 4135 dilecti
812 4077 845 4135 et
861 4068 965 4138 fidelis
983 4073 1096 4160 nostri,
1123 4093 1210 4140 anno
1225 4075 1287 4141 Do-

154 4173 232 4240 mini
248 4176 302 4241 Ma
319 4173 544 4242 ducentesimo
560 4177 765 4259 sexagesimo
782 4176 936 4244 secando.

154 4370 891 4440 (RobertKtrolykirdlynah1334·kidtirsttbbl,
923 4393 940 4428 s
957 4377 1045 4430 budai
1072 4379 1126 4430 hir.
1158 4379 1288 4432 kamarai

626 4465 824 4530 leveltarban.)
