3080 5146
632 901 709 971 2⁷2.

95 1102 127 1166 A
141 1101 282 1190 mqrcti
296 1099 525 1188 ledptalarrnalr
540 1101 817 1188 dizonyrdqleoele,
831 1099 917 1187 doqy
932 1121 953 1165 o
969 1101 1122 1189 topcnkai
1136 1106 1233 1188 aptit,

96 1233 112 1272 e
134 1207 220 1275 Vult
237 1206 523 1292 Scidiezldnakfia
540 1209 572 1273 ds
586 1210 788 1293 oemcetsdqc,
804 1205 1039 1274 Broctinctao
1056 1207 1126 1276 te'cd
1151 1209 1235 1275 bizo-

141 1335 221 1399 nyos
231 1339 329 1404 peres
338 1313 492 1402 fdldekre
507 1316 601 1382 necve
618 1313 854 1402 bardtsdqocao
868 1314 1077 1401 eyyezkedtek.
1093 1313 1190 1384 1252.

99 1510 261 1576 (Ualesios,
281 1511 408 1564 Menum.
427 1511 566 1563 historica
585 1511 774 1576 Episcopatus
793 1511 993 1577 Dagrebiensis
1014 1511 1037 1562 1.
1060 1511 1120 1562 lrdt.
1145 1515 1188 1562 97.
1203 1510 1233 1575 l.)

532 1794 802 1808 m

636 2307 714 2403 ers

281 2527 460 2598 Kitctclle
483 2529 632 2598 Veterem
648 2531 681 2596 6⁸
697 2527 836 2614 Raquzo
851 2528 934 2594 lc'o‘zt.
960 2527 1059 2596 1252.

210 2723 249 2790 In
265 2723 396 2791 nomine
411 2725 475 2792 Dei
490 2725 613 2812 Etemi‚
634 2723 750 2790 Amen.
766 2721 861 2788 Anno
871 2723 914 2788 ab
930 2720 1160 2794 incarnatione
1174 2725 1238 2795 Do

112 2827 184 2893 mini
193 2830 298 2897 nostri
312 2830 392 2898 Jesu
408 2829 530 2898 Christi
545 2829 721 2898 millesimo
738 2829 958 2898 ducentesimo
969 2830 1239 2920 quinquagesimo

111 2935 255 3024 secundo,
270 2955 384 3004 mense
399 2937 520 3020 Martii,
552 2935 678 3004 decime
710 2935 908 3004 indictionis.
926 2934 1007 3002 Onm
1024 2937 1154 3008 nobiles
1170 2939 1234 3009 riri

111 3041 259 3112 Dabranc
274 3042 316 3110 de
332 3043 540 3130 Lampredio‚
571 3041 677 3111 (lerna
702 3043 744 3110 de
759 3042 890 3127 Vitare,
905 3041 1096 3112 Theodorus
1114 3044 1156 3113 de
1170 3047 1232 3115 Bo·

113 3148 206 3236 betia,
224 3159 257 3218 et
273 3150 448 3219 Goislarus
474 3149 638 3220 Theodori
669 3149 785 3236 orosii,
815 3148 922 3216 nuntii
953 3156 986 3216 ct
1015 3147 1265 3234 procuratores

116 3251 258 3326 diritatis
288 3259 434 3344 Ragnsii
467 3259 511 3326 ad
527 3259 725 3344 presentiam
741 3255 961 3325 illustrissimi
976 3254 1100 3324 domini
1115 3260 1237 3330 Marini

116 3361 307 3449 nemmem,
338 3363 400 3433 Dei
425 3365 534 3452 gratio
549 3365 771 3454 venetiarum,
787 3363 954 3432 Dalmatie
969 3369 1069 3448 etque
1084 3363 1235 3438 Chroatie

116 3467 221 3554 Ducis,
253 3472 386 3540 Domini
417 3473 543 3557 Quarto
568 3472 675 3540 Partis
692 3478 725 3539 et
740 3471 884 3538 Dimidio
914 3471 1014 3539 totius
1029 3471 1161 3559 Imperii
1176 3477 1239 3546 Ro·

118 3579 228 3666 manle,
245 3579 464 3648 accessissent
481 3581 610 3647 nomine
628 3584 660 3647 et
675 3577 747 3646 rice
764 3576 911 3646 eiusdem
927 3575 1078 3647 Civitatis
1091 3581 1240 3673 Ragnsii,

118 3689 258 3765 petentes
290 3686 497 3754 concordiam
514 3693 546 3753 et
577 3692 710 3773 pactum
742 3693 776 3753 ct
790 3684 1092 3754 reconciliationem
1109 3685 1241 3760 domino

118 3789 193 3860 Dnci
217 3800 249 3860 et
275 3792 443 3863 Communi
479 3793 702 3880 venetiarum,
741 3792 951 3862 ostendentes
971 3793 1242 3889 commissionem,

120 3915 205 3977 quem
221 3900 390 3970 habebant
404 3922 503 3991 super
519 3902 580 3970 hoc
595 3903 630 3968 in
645 3902 733 3970 hunc
749 3900 898 3970 modum:

215 4006 311 4077 Anno
341 4010 385 4077 ab
416 4008 646 4077 lncamatione
676 4008 807 4077 Domini
833 4006 1005 4076 millesimo
1021 4007 1240 4083 ducentesimo

121 4113 379 4204 quinquagesimo
409 4115 525 4204 primo,
556 4134 670 4185 mense
702 4114 893 4183 Decembris
923 4113 1167 4200 quintodecimo
1183 4118 1239 4188 die

122 4216 264 4310 intrante,
293 4223 474 4292 indictione
505 4223 642 4308 decima,
673 4223 706 4290 in
740 4220 883 4291 Divitnte
912 4222 1060 4313 Ragnsii
1091 4225 1242 4296 ordinata

124 4325 209 4400 Curia
248 4353 322 4402 cnm
368 4333 478 4401 sonitu
510 4351 676 4417 campane.
709 4331 778 4400 Nos
811 4329 943 4416 quidem
968 4331 1076 4400 Jursti
1106 4331 1241 4404 ludices

122 4435 246 4524 chusii
291 4440 461 4510 Gmbesso
493 4437 654 4522 Gundnle,
700 4437 841 4507 Michael
886 4436 1016 4508 Percne
1048 4446 1081 4509 et
1110 4441 1243 4527 Pasque

125 4539 249 4618 loannis
265 4546 308 4618 de
325 4547 463 4634 Grad03
496 4554 527 4616 et
542 4568 603 4616 nos
635 4545 822 4616 consiliarii
853 4546 894 4614 de
924 4549 1033 4616 Parvo
1065 4555 1099 4616 et
1120 4547 1243 4636 Magno

220 4653 323 4727 lom.
337 4683 421 4724 mitto.
437 4683 508 4722 ultr.
525 4693 570 4708 ····
585 4683 658 4725 DIPD·
673 4681 719 4724 XX.
1088 4658 1132 4726 25
