3164 5154
737 1694 767 1760 l.

178 1874 281 1941 Sacat
319 1875 434 1940 Iotcda
464 1875 529 1938 elad
557 1897 697 1962 mappas·
728 1871 837 1960 huelp
875 1877 907 1942 da
944 1898 982 1940 oz
1012 1879 1128 1963 wozdy
1159 1877 1319 1962 cantojo-

182 1985 250 2048 oolc
287 1982 477 2070 lepcaddja,
524 1983 604 2047 caint
628 1979 866 2067 fdfontooodpct
900 1983 1132 2068 susspecta·
1163 1983 1316 2068 okmday.

630 2085 864 2156 1000-1038.

292 2283 446 2350 Nicolaus
464 2283 650 2368 Propositus
666 2289 699 2350 et
714 2279 902 2367 Capitulum
918 2281 1066 2350 Ecclesia
1077 2282 1311 2378 strigoniensis

147 2481 153 2492 ¹
171 2391 333 2460 omnibns
348 2388 471 2482 Christi
486 2389 637 2457 fidelibus
654 2388 861 2474 presentibus
879 2394 911 2454 et
927 2387 1044 2456 tuturis
1059 2390 1214 2456 noticiam
1239 2409 1314 2476 pre·

170 2497 330 2564 sancium
344 2495 507 2564 habituris
522 2497 662 2564 salutem
674 2495 708 2560 in
718 2495 855 2562 Domino
866 2495 1110 2580 sempiternam.
1119 2496 1171 2564 Ad
1186 2497 1314 2566 uniuer-

155 2625 294 2680 ysorum
309 2605 461 2672 noticiam
476 2610 587 2672 tenore
612 2603 818 2691 presencium
843 2603 992 2670 volumus
1016 2606 1198 2693 peruenire,
1224 2607 1312 2691 quod

179 2710 342 2778 discretus
360 2709 493 2792 juuenis
519 2709 677 2794 Magister
716 2709 902 2795 Stephanus
933 2709 1088 2778 Notarius
1120 2713 1309 2800 Monasterij

180 2818 296 2888 Sancti
311 2817 441 2883 Martini
458 2816 499 2884 de
516 2816 616 2884 Sacro
632 2817 742 2884 Monte
758 2817 936 2902 Pannonie,
956 2819 1138 2903 legittimus
1162 2839 1313 2904 procura-

178 2935 234 2994 tor
260 2924 381 2992 domini
405 2923 562 3008 Vyllermi
589 2923 727 2992 Abbatis
757 2929 790 2989 et
820 2924 926 2991 tocius
958 2925 1145 2993 conuentus
1176 2925 1312 3010 predicti

178 3029 372 3114 Monasterij
390 3028 505 3096 Sancti
521 3031 653 3098 Martini
670 3030 714 3097 ad
741 3038 882 3098 nostram
908 3032 1125 3115 personaliter
1149 3033 1310 3102 veniendo

176 3139 383 3228 presenciam
399 3137 470 3203 vice
487 3143 520 3205 et
535 3137 667 3204 nomine
684 3137 845 3204 dictorum
861 3136 987 3205 domini
1012 3137 1148 3206 Abbatis
1174 3145 1206 3206 et
1230 3140 1311 3208 (lon-

174 3255 298 3313 -ucntus
314 3243 406 3311 nobis
421 3243 590 3330 proposuit
605 3243 639 3310 in
657 3243 744 3310 huuc
762 3244 892 3312 modum
910 3262 921 3307 z
937 3241 1023 3326 quod
1039 3244 1117 3327 quia
1132 3244 1255 3313 nobiles
1266 3285 1269 3290 ·
1279 3256 1311 3317 et

178 3353 351 3438 ignobiles·
360 3351 533 3420 Prouiucie
549 3357 582 3420 et
598 3351 778 3420 Comitatus
795 3339 1009 3439 symigiensis
1027 3351 1197 3418 uniuersas
1223 3347 1309 3422 deci·

177 3480 252 3530 mas
268 3458 444 3527 secundum
460 3460 703 3528 institucionem
722 3467 755 3527 et
771 3459 1011 3526 ordinacionem
1028 3477 1085 3526 seu
1095 3457 1306 3532 donacionem

178 3566 386 3636 Sanctissimi
401 3566 501 3650 Regis
515 3567 674 3653 Stephani
689 3567 786 3654 primi
800 3567 900 3651 Regis
917 3567 1144 3652 Hungarorum
1159 3569 1307 3651 predicto

176 3673 382 3747 Monasterio
398 3673 575 3742 secundum
586 3673 756 3758 justiciam
774 3679 806 3740 et
822 3673 1038 3759 approbatam
1054 3672 1159 3759 Regni
1175 3693 1306 3744 consue·

176 3783 327 3853 tudinem
342 3782 469 3848 soluere
485 3789 674 3849 recusarent
692 3781 897 3849 contumacia
914 3789 946 3847 et
971 3780 1183 3849 inobedencia
1208 3783 1306 3853 obsti-

176 3891 262 3974 nati,
278 3897 366 3956 etex
381 3889 442 3956 hoc
457 3889 622 3974 predictus
638 3887 789 3958 dominus
805 3889 995 3976 Vyllermus
1011 3887 1134 3972 Abbas,
1158 3895 1306 3976 totusque

175 3998 324 4066 eiusdem
340 3997 402 4064 loci
418 3996 604 4064 Conuentus
620 4017 774 4083 maguam
791 3999 826 4064 in
837 3995 969 4084 juribus
987 4013 1099 4062 corum
1125 3999 1307 4084 perciperet

176 4104 435 4171 diminutionem
460 4109 493 4170 et
508 4103 744 4172 detrimentum.
762 4102 841 4172 Cum
858 4103 956 4188 igitur
967 4102 1045 4187 jura
1060 4101 1207 4170 Ecclesia
1223 4104 1308 4191 ipso·

173 4231 248 4280 rum
265 4207 443 4278 defendere
458 4213 490 4276 et
514 4210 598 4278 tueri
622 4211 728 4278 velint
760 4217 792 4278 et
822 4209 997 4277 intendant
1028 4206 1206 4276 salubriter
1236 4211 1307 4280 Deo

175 4319 385 4407 propiciante
401 4323 468 4384 toto
483 4337 543 4384 suo
558 4317 632 4384 nisu
658 4325 689 4386 et
713 4319 893 4404 conamine,
918 4317 1004 4384 sicut
1040 4315 1089 4380 eis
1121 4317 1305 4386 necessario
1428 4330 1433 4341 '

169 4424 354 4511 incumbit;
379 4429 411 4494 et
426 4426 504 4508 quia
521 4423 564 4492 ad
578 4423 639 4492 hoc
655 4423 798 4510 legenda
814 4421 1020 4492 Sanctissimi
1036 4417 1137 4504 Regis
1148 4420 1305 4510 Stephani

166 4533 376 4622 anthentica,
394 4539 427 4598 et
442 4534 623 4619 approbata
640 4552 698 4617 per
724 4532 954 4602 Sanctissimae
979 4531 1145 4598 Romanos
1175 4529 1306 4602 Pontifi-

163 4663 241 4730 ces,
260 4641 465 4728 sitsumpme
482 4641 692 4710 necessaria:
718 4639 791 4710 ideo
816 4639 1010 4730 particulam
1039 4639 1142 4722 illam,
1173 4637 1208 4706 in
1237 4661 1305 4726 qua

962 4783 971 4797 ,
1106 4747 1143 4812 μ
