3208 5158
786 237 947 340 joo-

298 444 427 527 patrem
443 442 590 506 nostrum
605 437 736 522 laetum,
753 434 797 502 ad
813 433 1009 504 instanciam
1034 439 1066 503 et
1082 431 1277 522 peticionem
1293 433 1441 506 Abbatis

299 555 331 618 ot
345 546 483 614 fratrum
499 545 716 634 predictorum
733 544 925 612 auotoritate
941 545 1148 631 presencium
1175 545 1331 614 duximus
1358 567 1439 614 oon-

299 653 502 723 firmandam.
542 651 580 718 ln
598 653 690 720 ouius
706 651 754 720 rei
770 649 959 720 memoriam
977 658 1232 739 perpetuamque
1247 653 1438 723 firmitatem

298 761 480 850 prenotatis
497 759 618 828 Abbati
634 765 667 828 et
682 759 836 828 fratribus
853 767 1023 848 presentes
1049 759 1272 830 concessimus
1303 763 1437 831 litteras

300 870 443 958 dupiiois
459 869 560 954 sigilli
575 871 680 938 nostri
696 869 876 939 munimine
892 872 1075 940 roboratas.
1099 871 1221 939 Datum
1238 892 1299 959 per
1316 893 1437 940 manus

298 977 449 1062 Magistri
466 977 612 1062 Faroasij
644 978 803 1064 Propositi
834 978 987 1045 Albensis
1018 978 1180 1066 aeclesis,
1213 979 1292 1046 aule
1323 986 1438 1048 nostro

300 1085 575 1172 Vionanoellarij
593 1085 706 1152 dileoti
721 1091 754 1153 et
769 1083 880 1154 tidelis
895 1085 996 1152 nostri
1012 1067 1097 1154 anno
1124 1085 1167 1154 ob
1195 1088 1436 1156 Inoarnaoiono

299 1195 431 1262 Domini
447 1194 570 1264 M⁰CO⁰
586 1193 791 1280 sexagesimo
807 1195 957 1282 septimo,
973 1193 1079 1280 Regni
1096 1201 1204 1263 autem
1221 1195 1324 1264 nostri
1342 1215 1432 1263 anno

299 1303 465 1390 trigesimo
482 1302 592 1370 toreio.

291 1503 442 1564 'fflredetie
459 1502 642 1570 bttrhtrtyam
661 1503 781 1570 melyrbl
801 1518 818 1554 a
837 1501 933 1568 kirtly
952 1503 1048 1553 ketttls
1066 1501 1190 1569 peesttje
1203 1504 1274 1570 tiigg
1284 1519 1291 1569 ;
1313 1505 1437 1556 abnuat

300 1593 355 1648 kir.
374 1594 503 1647 kamsrei
522 1593 708 1648 levtlttrban.
728 1593 785 1644 Solr
803 1591 921 1644 bibtval
939 1593 1044 1646 biarlva
1062 1594 1193 1661 Fejerntl
1212 1595 1280 1648 (iod.
1293 1597 1370 1664 Dipl.
1384 1597 1435 1648 IV.

688 1685 747 1736 kos.
769 1689 793 1735 3.
813 1683 873 1734 ress
893 1687 954 1735 398.
974 1685 1043 1748 lap.)

730 1973 995 1988 w*

828 2529 906 2598 tot.

298 2731 356 2798 JV.
372 2731 458 2798 Belo
473 2731 652 2819 kiroipuak
667 2731 854 2819 moperioitb
872 2729 1042 2820 okmdripm
1058 2735 1142 2820 nuely
1156 2735 1273 2802 seorim
1289 2735 1385 2800 Pe'ter
1401 2737 1434 2802 es

298 2842 362 2910 Pul
377 2866 399 2908 o
414 2841 560 2909 kamoseti
575 2844 637 2908 our
646 2841 826 2930 jobbcipyoi
842 2843 998 2928 magstat
1022 2868 1045 2908 u
1069 2841 1265 2930 ayulezipeti
1294 2847 1434 2931 opticea-

590 2950 761 3017 seruarat
771 2949 1015 3038 selojduiottcilc.
1040 2953 1137 3022 1267.

407 3144 505 3235 (N)os
520 3148 677 3216 Nicotaus
694 3148 736 3216 do
754 3149 842 3217 Gara
856 3149 963 3232 Regni
995 3149 1166 3236 Hungarie
1196 3150 1367 3220 Palatinus
1400 3156 1433 3218 et

297 3257 405 3324 Jmiex
421 3257 635 3324 Romanorum
653 3258 715 3323 stb.
733 3257 820 3341 quod
836 3257 870 3324 in
888 3257 1160 3341 Congregaoiono
1177 3257 1332 3326 Generali
1363 3258 1432 3326 bla-

297 3365 406 3448 gnifioi
424 3363 547 3430 domini
562 3363 691 3430 Nieolai
709 3364 816 3432 Kontb
834 3363 922 3452 olym
941 3365 1091 3432 similiter
1107 3365 1186 3434 dieti
1211 3367 1316 3453 Regni
1341 3368 1431 3434 Hun-

296 3473 389 3558 garie
404 3472 546 3538 Palatini
566 3469 779 3538 Vniuersitati
795 3470 964 3540 Nobilium
992 3471 1176 3542 Comitatus
1203 3473 1245 3542 de
1274 3475 1431 3564 Baranya

296 3581 380 3649 teria
396 3579 549 3664 secunda,
566 3579 719 3648 videlieet
750 3579 784 3646 in
815 3579 899 3648 tosto
932 3581 1027 3649 Beati
1058 3582 1180 3650 Mathai
1212 3581 1365 3668 Apostoli
1397 3591 1430 3652 et

296 3687 518 3773 Euangeliste
534 3708 621 3754 anno
652 3689 786 3756 Domini
817 3687 965 3757 ΜΟΟΟΟ0
996 3690 1239 3776 septuagesimo
1271 3691 1429 3780 preterita

297 3815 399 3884 prope
415 3795 530 3864 villam
547 3795 693 3882 Nogsalu
710 3797 891 3884 peripsum
910 3797 1084 3886 oolebrata,
1101 3799 1245 3869 Jaoobus
1259 3799 1346 3868 filius
1371 3801 1430 3868 Ni·

297 3905 382 3973 ooiai
399 3907 440 3972 de
456 3905 600 3992 Nempty
626 3907 688 3972 stb.
721 3907 891 3993 proposuit
921 3909 984 3974 isto
1016 3905 1130 3992 modo;
1156 3909 1243 3993 quod
1272 3907 1429 3993 religioso

296 4012 426 4080 domine
442 4011 708 4082 sanotimoniales
725 4011 869 4082 Claustri
886 4016 988 4083 Beate
1004 4015 1151 4106 Virginis
1167 4017 1208 4085 de
1223 4017 1338 4086 Insula
1368 4019 1429 4085 Le·

295 4143 408 4210 porum
425 4123 591 4204 quandam
607 4123 849 4206 possessionem
866 4144 958 4191 suam
975 4125 1099 4213 Voyzlo
1124 4133 1275 4195 voertam
1306 4126 1341 4193 in
1371 4126 1428 4193 Di·

294 4230 408 4299 striotu
425 4229 609 4297 Ormaukuz
625 4230 658 4298 in
674 4229 760 4299 dioto
778 4231 941 4300 comitatu
960 4233 1155 4304 existentem
1172 4235 1279 4322 ipsum
1299 4235 1428 4324 dejure

296 4341 536 4425 contingentem
553 4341 743 4426 oooupatiue
760 4339 943 4408 detinerent
958 4343 1021 4410 stb.
1036 4341 1108 4422 Quo
1118 4350 1273 4430 pereepto
1285 4343 1426 4428 Stepha-

296 4468 359 4516 nus
376 4447 461 4515 filius
480 4447 628 4516 Ledislai
644 4449 899 4517 amministretur
916 4457 1130 4537 prouenturum
1147 4451 1302 4522 villarum
1322 4451 1427 4518 dieta·

296 4573 367 4620 rum
384 4553 586 4620 dominarum
602 4573 710 4625 eorum
725 4555 798 4643 ipso
814 4557 945 4624 domino
961 4557 1099 4630 Nicolao
1115 4559 1269 4629 Palatino
1295 4578 1426 4648 eompa-
