3150 5162
654 211 813 314 „gs-s,

163 413 225 480 stb.
247 412 368 478 Actum
384 415 417 476 et
433 408 547 476 datum
564 408 696 476 Colonia
710 427 815 477 nonus
830 406 908 472 Maii
924 425 1010 473 anno
1027 401 1160 470 Domini
1193 400 1296 469 mille-

159 519 247 588 erno
263 518 378 587 GG⁰L⁰
392 537 489 585 nono.

156 715 343 779 sffinoomblet
361 716 393 768 Τ.
412 717 448 778 J„
468 714 696 767 Urkundenbnoh
715 713 761 764 ism
775 712 820 764 die
833 709 999 765 Gesehiehto
1012 708 1059 761 der
1072 705 1297 761 Hister-Rhome

472 805 508 858 11.
528 806 586 858 rot.
605 802 772 856 Dtimeldort
791 803 869 853 utto.
889 804 949 852 261.
968 801 998 866 1.)

599 1087 867 1102 ..nn—*-

695 1627 772 1694 eal.

162 1825 361 1912 Kozjepyzoi
384 1825 529 1910 otmanp,
569 1827 652 1912 impp
676 1825 804 1892 Soldoa
835 1825 990 1891 Berisnek
1022 1822 1089 1905 fiai
1131 1809 1311 1887 Troo-bon·

152 1933 314 2019 -bizonyos
337 1935 447 1998 odrosi
470 1932 564 1997 telket
588 1955 626 1998 aa
650 1936 753 2000 ottoni
778 1930 1029 2000 kanonokoitaok
1045 1929 1181 1994 stodeat.
1201 1931 1298 1996 1259.

273 2131 311 2195 In
329 2127 450 2193 Christi
466 2127 597 2196 nomine
615 2134 729 2198 Amen.
771 2133 866 2198 Anno
882 2124 1122 2193 Inearnationis
1139 2125 1208 2189 eius
1224 2121 1295 2188 mii-

160 2237 279 2302 iesimo
297 2235 519 2302 ducentesimo
536 2237 805 2322 quinquagesimo
815 2254 911 2313 nono,
927 2231 1105 2299 indietione
1114 2231 1173 2296 111.
1185 2247 1298 2298 mense

156 2341 356 2409 'Decembris
372 2339 426 2408 die
440 2343 484 2408 X.
510 2342 662 2410 intrante.
700 2343 916 2430 Temporibus
948 2339 1071 2406 domini
1102 2337 1296 2406 Columbani

161 2446 368 2515 venerabilis
384 2449 549 2536 Episcopi,
565 2451 706 2518 Romani
721 2451 841 2518 Stooho
857 2456 890 2516 et
906 2447 1028 2530 Duymi
1045 2445 1086 2512 de
1102 2445 1190 2530 Gega
1205 2442 1296 2510 Judi-

158 2575 237 2622 eum
253 2556 404 2642 'tragurij
422 2557 483 2624 hoe
499 2565 608 2624 aetum
626 2566 685 2626 est.
708 2557 867 2626 Paeonius
883 2563 916 2622 et
930 2554 1046 2622 Helias
1062 2556 1158 2622 ambo
1168 2554 1296 2642 fratres,

156 2664 223 2748 'filij
242 2665 404 2748 quondam
419 2665 539 2750 Berisij
557 2664 694 2732 Saldani
711 2686 769 2752 per
784 2667 846 2732 hoo
877 2683 1015 2750 presens
1047 2662 1296 2730 instrumentum

162 2780 242 2840 eunt
257 2771 400 2839 confessi
417 2780 450 2839 et
467 2773 641 2858 manifesti,
658 2795 695 2840 se
708 2775 873 2858 reeepisse
889 2769 1092 2838 aGarronioir
1103 2771 1298 2855 Tragurien·

150 2880 257 2948 eibos
273 2881 498 2964 qnadraginta
512 2879 617 2948 libras
642 2882 848 2949 denariorum
879 2899 1054 2965 parvorum
1086 2877 1295 2963 Venetorum,

159 3009 223 3076 pro
240 2989 354 3072 quibus
370 2988 501 3058 nomine
516 2989 642 3073 precise
659 2996 692 3054 et
707 2985 934 3054 irreuooabilis
950 2983 1147 3052 venditionis
1172 2984 1296 3051 eisdem

161 3095 341 3164 Canonieis
359 3095 575 3162 vendiderunt
591 3095 755 3180 quandam
771 3103 890 3162 terram
906 3093 970 3160 sibi
996 3094 1067 3157 iure
1097 3089 1295 3158 hereditario

160 3203 392 3291 pertinentem,
409 3203 505 3269 sitam
522 3203 565 3269 ad
581 3205 689 3270 visum
705 3223 805 3289 super
820 3209 908 3269 terra
924 3199 1046 3266 Stanne
1062 3198 1180 3265 reliote
1190 3197 1296 3266 Rosoo

162 3318 200 3380 et
215 3313 306 3378 iuxta
320 3309 408 3376 viam
425 3317 583 3394 perpetuo
600 3309 852 3395 possidendam
876 3308 993 3376 dantes
1011 3306 1058 3373 eis
1084 3305 1216 3392 plenem
1242 3327 1296 3392 po-

154 3423 318 3488 testatem
336 3417 455 3483 diotam
472 3423 596 3483 terram
609 3415 752 3506 tenendi,
768 3414 941 3508 vendendi,
958 3413 1102 3482 donandi
1118 3421 1150 3480 et
1165 3413 1208 3481 de
1223 3414 1297 3498 ipsa

148 3546 292 3596 omnem
307 3525 508 3592 voluntatem
525 3524 678 3594 faciendi.
704 3525 808 3604 Quam
825 3535 947 3593 terram
973 3523 1189 3609 promiserunt
1215 3523 1296 3607 ipsis

162 3632 340 3702 Canoniois
356 3639 389 3698 et
405 3631 472 3699 suis
489 3631 728 3700 suecessoribus
761 3633 803 3700 ab
835 3633 922 3702 omni
952 3651 1093 3724 persona
1124 3630 1296 3698 disoalum-

160 3741 273 3831 pniari
287 3761 360 3808 eum
376 3757 506 3805 suorum
522 3740 680 3806 bonorum
697 3741 838 3806 omnium
855 3739 1055 3825 obligatione
1071 3745 1138 3805 tam
1164 3755 1296 3824 presen-

160 3852 246 3919 tium
263 3869 360 3933 quam
377 3847 575 3929 futurorum3
601 3851 832 3916 rermnoiantes
849 3848 935 3914 omni
954 3847 1140 3933 exceptioni
1157 3854 1189 3912 et
1205 3846 1295 3912 omni

150 3960 230 4047 ‘joui
246 3955 455 4042 CapitutnriS,
472 3975 530 4040 pro
547 3977 585 4022 oo
602 3955 690 4039 quod
706 3977 770 4022 non
800 3954 891 4022 faeta
916 3959 966 4022 est
990 3954 1112 4046 mentio
1143 3953 1184 4019 de
1215 3959 1296 4038 uret,

161 4065 242 4152 qnia
257 4063 331 4150 ipsu
348 4067 434 4129 terra
450 4083 510 4128 neo
526 4065 640 4148 augeri
658 4083 718 4130 nee
735 4063 838 4130 minui
863 4068 989 4150 potest3
1014 4069 1046 4129 et
1077 4083 1135 4148 pro
1168 4061 1296 4130 oombio

158 4178 355 4258 receperunt
371 4191 391 4236 a
407 4170 579 4238 eanonieis
597 4193 695 4238 unum
713 4192 845 4258 passum
862 4170 902 4238 de
919 4177 1007 4238 terra
1023 4190 1081 4254 per
1106 4171 1238 4253 longum
1263 4179 1296 4238 et

160 4282 309 4365 amplum
325 4279 412 4364 apud
429 4279 542 4345 Biatta
558 4279 599 4346 de
615 4281 773 4346 Pautano.
797 4279 912 4346 Testes
944 4285 1019 4346 sunt
1053 4275 1156 4342 (ierne
1189 4274 1295 4343 Ohna·

154 4397 254 4477 lette,
273 4387 475 4470 Sabaoioius,
493 4387 600 4454 etalii
617 4389 739 4473 plures.

271 4496 341 4579 Ego
358 4493 517 4562 Silvester
533 4495 573 4562 de
591 4493 674 4563 Urso
693 4495 896 4562 examinator
910 4513 1041 4560 manum
1059 4512 1165 4560 meam
1190 4494 1284 4561 mitto
