3078 5128
854 847 930 918 282.

332 1055 413 1126 Uros
430 1055 541 1124 Intudu
557 1053 641 1120 sueri
666 1051 777 1136 kiru'ly
809 1051 977 1138 beuuueyee
1008 1050 1041 1116 έι
1072 1048 1266 1134 burdtsdyot
1291 1044 1445 1133 soqude

701 1159 962 1245 rayuzaiauuae
980 1157 1079 1223 1243.

413 1357 450 1426 In
465 1355 595 1424 nemine
609 1356 717 1424 Patris
727 1360 759 1422 et
770 1354 846 1424 Filii
858 1361 890 1424 et
900 1354 1039 1442 Spiritus
1051 1352 1172 1422 Seueti.
1184 1352 1255 1437 Ego
1267 1350 1444 1439 Stephanus

325 1467 409 1534 Vsus
435 1465 498 1532 Dei
523 1463 632 1549 gratie
658 1465 727 1531 Rex
753 1461 853 1530 totius
879 1469 964 1530 terre
987 1459 1104 1528 Rassie
1127 1447 1163 1526 ¹et
1186 1459 1360 1547 Maritime,
1382 1462 1444 1526 iuro

323 1573 443 1642 Comiti
477 1572 613 1656 Regusii
648 1569 792 1638 Johanni
817 1568 969 1636 Michaeli
996 1575 1028 1636 et
1053 1565 1202 1635 omnibus
1227 1569 1389 1636 nubilibus
1412 1575 1440 1636 et

324 1679 500 1748 Communi
515 1678 672 1761 eiusdem,
687 1676 775 1764 qued
789 1679 832 1745 sb
851 1675 998 1746 hodiein
1017 1682 1118 1744 antee
1142 1674 1246 1744 donee
1271 1697 1329 1744 uos
1354 1682 1442 1744 siete-

326 1787 400 1856 ritis
417 1785 496 1852 mihi
513 1785 548 1852 in
573 1784 646 1871 fide,
672 1783 797 1852 iustitie
821 1791 854 1852 et
878 1805 1000 1872 umore,
1027 1795 1064 1850 ut
1087 1784 1197 1851 vivam
1222 1783 1390 1850 vobiseum
1413 1783 1442 1850 iu

327 1913 409 1980 pace
424 1899 457 1960 et
472 1911 595 1978 amore,
615 1892 700 1958 sieut
724 1890 805 1958 vixit
829 1891 978 1958 domiuus
1003 1896 1097 1977 pater
1122 1909 1212 1958 meus
1238 1911 1313 1958 eum
1337 1895 1444 1960 uestris

324 1998 586 2068 antecessoribus
615 2005 648 2066 et
671 1997 849 2066 vobiscum.
879 1999 920 2064 Et
944 1997 1046 2066 vestri
1072 2003 1269 2066 mercatores
1294 2003 1327 2066 et
1351 1998 1444 2067 vestri

225 2163 231 2178 .
321 2107 472 2176 homiues
508 2105 593 2192 seui,
626 2125 691 2172 uon
717 2105 904 2190 dissertisti,
931 2114 966 2172 ut
989 2106 1124 2172 venient
1147 2105 1250 2174 libere
1275 2107 1393 2174 stando
1416 2111 1445 2172 et

327 2215 443 2303 eundo,
461 2213 681 2300 competendo
697 2219 730 2280 et
754 2212 926 2282 vendendo
957 2233 1016 2298 per
1040 2233 1146 2281 meam
1172 2219 1304 2300 terrem,
1329 2214 1442 2281 demde

324 2321 408 2388 iilud
425 2319 511 2408 quod
527 2329 577 2389 est
592 2318 792 2388 cousuetudo
818 2319 931 2386 damdi
957 2323 1018 2389 stb.
1043 2323 1084 2388 Et
1109 2341 1201 2390 meus
1228 2321 1443 2390 Comerzarius
1526 2321 1527 2326 ’

321 2435 384 2496 stet
400 2427 434 2494 iu
451 2433 562 2498 veura
579 2425 730 2516 Ciuitate,
745 2429 829 2496 sieut
846 2430 935 2496 stetit
953 2429 1085 2496 domino
1106 2429 1193 2515 patri
1221 2449 1302 2512 meo,
1329 2439 1363 2499 et
1386 2438 1444 2499 sta·
1526 2453 1527 2462 ¹

319 2557 382 2604 nee
397 2536 440 2604 sit
455 2535 539 2602 iuter
554 2556 614 2603 uos
630 2557 651 2601 a
668 2535 787 2603 Seueto
802 2535 963 2604 Michaele
979 2557 1082 2620 usque
1108 2537 1152 2604 ad
1177 2537 1334 2606 Sanctum
1352 2540 1442 2606 Geor·

324 2643 425 2728 giem,
442 2643 527 2710 sieut
545 2642 607 2708 suit
624 2642 741 2710 diebus
756 2641 880 2740 domiui
896 2644 1002 2730 patris
1029 2643 1092 2710 mei
1119 2664 1189 2710 eum
1215 2646 1334 2712 uestris
1359 2653 1442 2713 ante·

320 2749 503 2818 eessoribus
520 2755 553 2816 et
568 2749 735 2818 vobiscum
752 2753 786 2816 in
802 2752 876 2820 loeo
906 2751 1092 2818 constituto.
1120 2753 1163 2819 Et
1187 2767 1261 2820 eum
1287 2775 1439 2822 convene·
1525 2773 1526 2832 5

318 2856 383 2924 rint
404 2857 546 2944 judiees,
574 2857 729 2927 iurabant
755 2872 879 2928 rectum
907 2857 1064 2926 iudiuium
1088 2857 1245 2946 iudicare,
1271 2861 1442 2930 seeundum
1525 2841 1526 2880 ³

319 2967 590 3034 eonsuetutiuem.
633 2965 673 3032 lu
709 2965 754 3032 ed
787 2966 851 3036 hoe
885 2967 1102 3034 iuramentum
1141 2969 1264 3036 iurauit
1297 2969 1442 3038 domiuus

319 3073 389 3140 Rex
404 3073 468 3140 stb.

424 3179 520 3247 Auno
542 3179 782 3248 Iuearnatiouis
807 3180 940 3248 Domini
964 3183 1068 3250 nostri
1094 3183 1172 3251 Jesu
1198 3181 1320 3252 Christi
1343 3186 1443 3254 milie-

317 3286 400 3354 simo
434 3285 607 3355 GGXLIII.
646 3289 767 3356 mensis
795 3288 936 3376 Augusti
965 3290 1210 3376 quartodecimo
1245 3292 1310 3382 die,
1344 3293 1441 3361 indie·

316 3393 405 3461 sione
420 3394 536 3482 prims.

372 3589 408 3654 (A
426 3591 501 3646 bessi
518 3593 638 3648 esisziri
657 3597 744 3650 iitkos
764 3597 937 3649 levelierbsn
958 3601 1052 3651 erziitt
1071 3599 1176 3652 eredeti
1195 3599 1389 3668 peldiuybel.)

744 3884 1011 3897 ——a-
