3150 5162
293 557 421 640 nartem
437 553 578 622 liliorum
593 553 707 642 Jaeou,
724 559 757 624 et
772 555 966 624 alterumue
982 554 1112 623 nomine
1127 552 1257 640 Soyneh
1282 559 1420 620 remanet

299 679 408 728 verene
439 666 550 746 parler
567 660 694 730 eomitie
720 659 886 746 Faroaeii3
910 657 1029 730 deiude
1044 668 1154 729 autam
1169 680 1230 747 por
1245 661 1321 730 illoe
1336 681 1420 728 mon·

293 771 346 834 ter
362 765 457 834 Bilelr
474 773 506 835 et
521 765 651 852 Soynoh
667 767 824 852 elevatur,
841 767 979 838 otendit
997 767 1032 834 in
1049 768 1170 836 silvam
1185 767 1242 836 nbi
1259 774 1309 836 eet
1333 767 1425 836 arbor

297 871 375 960 ilex,
406 891 504 962 super
523 892 589 958 qua
605 881 657 942 eet
672 893 763 962 orux,
782 883 814 942 et
830 879 864 944 in
880 877 942 944 illa
958 875 1042 944 eilva
1056 874 1148 942 radit
1164 893 1222 959 ner
1237 881 1342 942 melae
1358 893 1424 942 oru-

292 999 373 1048 oeae
389 985 422 1050 ot
437 979 528 1049 eadit
543 980 578 1048 in
595 980 752 1068 lapidem,
769 982 826 1066 qui
841 989 977 1050 voeatnr
992 981 1114 1067 Peoha,
1130 981 1187 1050 ubi
1202 981 1246 1048 ad
1277 981 1423 1050 oooidon·

297 1095 363 1156 tem
378 1092 620 1158 oommetaneue
636 1094 688 1157 eet
699 1088 815 1158 Oomee
829 1091 1016 1176 Faroaeiue,
1033 1088 1074 1156 de
1089 1087 1198 1158 Peolra
1212 1093 1322 1156 aulem
1337 1087 1428 1155 vadit

293 1193 341 1262 ad
370 1192 569 1285 mleridiem)
590 1229 936 1246 ------
952 1195 1008 1280 qui
1024 1201 1160 1262 vocetur
1185 1195 1315 1282 Ortruz,
1331 1213 1429 1280 super

295 1321 392 1387 quem
422 1301 628 1372 emendando
660 1301 825 1389 egreditur
850 1303 967 1370 inulto
992 1302 1084 1370 birolr
1101 1321 1214 1370 uerene
1230 1301 1427 1385 aquilonem,

297 1406 415 1478 deinde
433 1409 521 1480 eadit
535 1411 571 1480 in
585 1411 701 1482 Honor
716 1411 752 1478 in
767 1431 921 1500 eampum
937 1411 1023 1497 vila,
1040 1418 1073 1478 et
1087 1407 1128 1478 de
1146 1444 1429 1460 -----

300 1553 340 1564 -
357 1513 446 1584 ondit
476 1515 510 1583 in
534 1516 655 1604 looum,
671 1515 728 1602 qui
744 1525 880 1586 rooatur
896 1515 1005 1602 Galeh,
1024 1523 1057 1584 et
1071 1516 1117 1584 ibi
1134 1515 1177 1584 od
1192 1515 1298 1584 Galelr
1313 1515 1426 1584 adiuu-

299 1623 386 1708 gitur
415 1629 502 1692 meio
533 1624 669 1694 Comitis
702 1624 853 1692 Fareaeii
871 1625 914 1691 ab
934 1622 1114 1710 occidente,
1132 1631 1165 1692 et
1181 1623 1224 1690 ab
1240 1623 1365 1692 oriente
1382 1629 1429 1690 eet

216 1729 219 1737 '
298 1735 386 1796 terra
401 1728 538 1800 liliorum
554 1729 645 1816 lano,
655 1737 687 1799 et
698 1731 741 1800 ab
755 1731 927 1818 a(quilone
943 1729 1049 1820 terra)
1067 1729 1303 1800 Ornoilerornm
1320 1731 1428 1800 Sanoli

303 1835 485 1926 lohannie3
512 1837 632 1907 deinde
648 1847 757 1906 aulem
774 1835 866 1908 radit
883 1859 984 1925 snper
999 1859 1154 1926 magnum
1170 1837 1294 1924 Honos,
1311 1839 1366 1924 qui
1383 1845 1430 1905 eet
1556 1879 1557 1914 r

299 1963 399 2029 eupro
414 1942 597 2014 Graniferoa
614 1963 729 2014 uerene
745 1943 901 2014 orientem
918 1965 976 2034 per
992 1945 1093 2034 biroh,
1110 1952 1144 2013 et
1158 1947 1208 2013 eie
1233 1943 1342 2012 eundo
1373 1965 1428 2030 per

301 2049 393 2120 bireh
407 2073 430 2122 o
446 2049 581 2121 meridie
597 2059 648 2120 eut
664 2059 754 2121 terra
769 2051 907 2122 filiorum
932 2053 1025 2141 Jaoo,
1042 2061 1074 2122 el
1105 2053 1147 2120 ab
1178 2052 1312 2136 oqiloue
1343 2061 1430 2122 terro
1556 2045 1557 2070 ³

299 2154 547 2246 Ornoilororum‚
580 2168 613 2228 et
644 2161 692 2228 ila
717 2159 824 2230 ennrlo
839 2180 897 2248 per
912 2159 1004 2228 birolr
1021 2158 1122 2246 eadit,
1139 2167 1172 2227 et
1188 2158 1359 2228 deseendit
1376 2160 1429 2226 ite·
1556 2191 1557 2194 ¹

301 2285 407 2334 rorum
424 2269 457 2335 in
475 2266 637 2335 Cremona
652 2265 797 2355 goriolra,
808 2267 863 2334 ubi
874 2266 935 2334 luit
950 2266 1114 2352 iuohoala,
1125 2273 1158 2335 et
1169 2267 1215 2333 ibi
1234 2267 1429 2332 terminatur
1556 2297 1557 2312 ÷

301 2385 387 2442 terro
416 2373 529 2442 Sancti
553 2372 699 2458 Georgii.
716 2375 798 2444 ltem
813 2373 921 2459 prima
936 2380 1024 2442 meto
1040 2381 1127 2442 terre
1142 2373 1292 2441 Soelniza
1309 2373 1427 2460 inoipit
1556 2415 1557 2468 ,

299 2502 322 2548 a
338 2480 480 2568 (inopina
507 2483 542 2549 in
557 2480 678 2549 eieoam
694 2479 856 2565 Botioam,
873 2482 961 2549 ultra
974 2477 1152 2566 Orapinam
1168 2486 1278 2547 antem
1294 2499 1432 2547 eomme·
1556 2473 1557 2488 ¹

300 2593 417 2655 taneue
433 2586 504 2656 eiue
520 2595 569 2655 eet
584 2587 701 2657 Comen
732 2587 820 2656 Atha
836 2607 877 2656 ex
893 2593 987 2672 parte
1003 2585 1209 2672 meridinali;
1233 2586 1356 2656 deinde
1372 2606 1432 2671 per
1556 2593 1557 2598 ’

302 2697 423 2762 eieeam
440 2693 590 2762 Botinam
607 2695 699 2764 vadit
714 2713 829 2788 verene
844 2695 1041 2781 aquilonem,
1059 2695 1114 2761 nbi
1128 2701 1370 2762 commetaueue
1384 2701 1433 2760 eet

302 2803 460 2884 Peeurna,
478 2799 688 2888 filiueOnpan
707 2801 749 2868 ab
776 2801 951 2886 oooiolente,
979 2808 1012 2870 et
1031 2799 1119 2869 niuea
1135 2799 1275 2867 Boihiua
1290 2799 1382 2866 eadit
1396 2801 1430 2868 iu

303 2929 454 2994 magnam
464 2909 664 2997 Botinam,el
673 2927 731 2996 per
740 2909 892 2977 Botinem
901 2907 993 2976 radit
1001 2927 1060 2994 per
1069 2906 1434 2995 metuendaquilonem,
1556 2963 1557 2990 ,

302 3019 345 3087 de
367 3017 484 3086 Botiua
501 3024 609 3086 autom
625 3016 717 3085 radit
732 3021 764 3084 et
779 3015 846 3084 exit
861 3035 973 3084 verene
988 3014 1189 3083 occidentem
1205 3014 1249 3081 ad
1282 3018 1434 3084 arborem
1556 3077 1557 3110 ἶ

302 3125 493 3213 populeam3
528 3122 647 3192 deinde
663 3143 722 3209 per
750 3131 854 3191 metae
885 3122 973 3192 eadit
1003 3123 1038 3190 in
1069 3143 1168 3191 nuum
1200 3121 1357 3206 rivulum,
1376 3125 1433 3191 ubi

302 3239 543 3302 eommotaneue
573 3237 623 3299 eet
654 3227 814 3316 Georgius
846 3228 930 3297 filine
962 3229 1096 3316 Clonk3
1129 3227 1247 3297 deinde
1262 3229 1429 3299 transiens

194 3373 198 3382 ’
302 3339 443 3408 rivulum
458 3356 572 3408 verene
588 3335 799 3424 oeoidentem,
815 3342 849 3403 et
879 3336 968 3404 eadit
998 3339 1032 3403 in
1063 3335 1163 3403 alium
1194 3335 1337 3403 rivulum
1372 3356 1433 3424 per

306 3455 419 3533 metae,
453 3453 485 3514 ei
516 3445 562 3514 ibi
587 3451 662 3512 eunt
678 3451 765 3511 mole
780 3449 902 3528 terree;
927 3439 1046 3510 deindo
1061 3462 1121 3528 per
1136 3442 1274 3510 eundem
1290 3441 1434 3511 rivulum

302 3574 418 3622 verene
448 3552 632 3639 aquilonem
665 3572 724 3639 per
755 3557 859 3618 melae
884 3549 1125 3635 aliquantulum,
1156 3549 1251 3618 olibi
1268 3553 1436 3619 eelarbor
1556 3591 1557 3636 ,

303 3663 371 3730 ilex
386 3661 447 3729 sub
462 3679 527 3745 qua
542 3665 591 3726 eet
607 3665 697 3727 meta
712 3665 831 3746 terrea,
848 3663 881 3724 et
895 3655 941 3725 ibi
967 3663 1042 3724 euni
1072 3656 1258 3743 Stephanus
1289 3658 1436 3746 Volpoth
1556 3647 1557 3732 Ῑ

303 3777 337 3838 ei
351 3768 420 3836 eiua
437 3767 606 3852 generatio
623 3765 847 3849 oommelauei,
864 3763 904 3831 de
919 3763 996 3831 ilioe
1011 3769 1120 3832 autem
1145 3772 1329 3850 permotae
1345 3767 1437 3835 vadit
1556 3835 1557 3838 ,

306 3895 363 3960 per
378 3873 480 3960 biroh,
498 3880 530 3940 et
546 3871 635 3942 eadit
649 3873 684 3940 in
702 3873 789 3940 viam
807 3870 941 3939 otradit
956 3869 1197 3954 aliquantulum
1212 3891 1329 3940 uerene
1345 3873 1439 3960 aqui·
1556 3891 1557 3944 4

305 3985 423 4068 louem,
455 3985 489 4048 ot
519 3979 564 4046 ibi
596 3997 688 4047 seeue
719 3979 805 4048 riam
831 3979 925 4046 illam
942 3986 992 4047 eet
1007 3980 1105 4047 arbor
1126 3998 1276 4063 quereus,
1292 3980 1357 4048 sub
1374 4001 1438 4067 qua
1556 3975 1557 4068 ἐ

303 4097 356 4160 eei
371 4091 457 4154 meta
472 4094 587 4175 terrea,
618 4085 659 4153 de
686 4104 806 4170 quercu
830 4091 939 4152 autem
969 4085 1062 4154 radit
1093 4105 1153 4171 per
1183 4093 1286 4154 metae
1318 4107 1438 4156 verens

303 4197 462 4266 orientem
493 4201 526 4263 et
556 4191 705 4278 peruenit
738 4189 782 4260 ad
814 4193 965 4260 arborem
981 4191 1106 4281 lileam,
1121 4193 1181 4260 eub
1198 4213 1263 4277 qua
1280 4201 1330 4261 eet
1347 4204 1438 4264 meta
1556 4201 1557 4268 l

305 4317 430 4388 terrea3
453 4301 575 4370 deinde
589 4320 647 4387 per
662 4306 767 4369 melae
782 4301 900 4369 transit
916 4301 1024 4368 luoum
1051 4319 1167 4369 uerene
1199 4301 1370 4390 orientem,
1404 4309 1439 4369 el
1556 4269 1557 4318 ³

306 4413 353 4481 ibi
368 4419 417 4480 eet
432 4411 528 4477 arbor
543 4409 640 4497 pomi,
658 4417 692 4476 et
707 4409 747 4476 do
763 4429 861 4496 pomo
878 4406 971 4476 vadii
985 4407 1030 4474 ad
1046 4409 1193 4477 arborem
1210 4427 1359 4499 queroue,
1377 4427 1440 4494 que

305 4527 372 4588 etat
387 4521 479 4586 iuxta
489 4517 650 4603 Boiinam,
667 4515 728 4586 eub
739 4521 865 4599 quaest
879 4521 967 4584 melo
981 4519 1109 4599 terrea3
1134 4513 1255 4585 deiude
1270 4517 1443 4600 egreditur
1556 4509 1557 4538 ¹

306 4645 365 4711 per
381 4625 533 4693 Botinam
549 4623 685 4693 iuferius
702 4643 813 4694 rorone
834 4622 1012 4710 meridiem,
1027 4629 1060 4692 et
1074 4623 1129 4692 nbi
1162 4625 1287 4692 rivulus
1317 4625 1444 4692 Climin
