3078 5128
759 261 934 361 Α,

275 458 387 524 ordine
417 458 450 524 in
483 455 639 544 predialis
670 457 822 542 capitulis
852 455 1084 544 comprehenso
1101 456 1235 542 quilibet
1254 464 1411 526 nostrum

279 571 406 632 tenetur
422 567 610 652 observare,
626 565 716 632 salvo
742 566 836 634 modo
853 573 884 632 et
901 565 1015 632 ordine
1048 585 1202 650 expresso
1233 565 1267 631 in
1293 571 1417 631 nostra
1527 607 1528 620 r

279 673 496 757 conoessione,
523 673 583 738 sub
609 691 695 758 pena
711 673 798 741 mille
813 673 967 740 librarum
988 671 1218 760 Veneoialinm,
1235 677 1418 758 exeeptato
1527 707 1528 756 3

280 780 386 846 medio
403 787 570 846 romaneto
588 789 619 846 et
636 780 723 846 inlra
748 781 790 846 ab
807 781 879 865 ipsa
895 800 993 866 pena,
1008 780 1036 848 si
1052 781 1172 848 nultum
1190 781 1298 865 inerit,
1321 779 1418 864 qnod
1527 769 1528 824 ἦ

281 885 445 954 emendari
476 886 594 953 debeat
613 887 646 950 in
679 885 815 973 duplum
847 891 878 953 et
910 907 967 954 aas
1000 885 1149 953 emendet
1165 891 1197 952 et
1214 886 1328 972 solvet,
1359 888 1419 971 qni
1527 947 1528 954 ,

282 1003 394 1064 contra
409 994 558 1080 predicta
582 993 714 1080 feeerit3
748 995 788 1062 de
805 993 922 1078 quibus
948 995 1092 1062 comune
1123 1000 1270 1062 nostrum
1285 993 1418 1061 babent
1527 1009 1528 1016 ’

282 1105 384 1170 libras
401 1101 648 1188 quinquaginta,
666 1109 697 1170 et
713 1103 798 1170 alias
814 1103 915 1170 libras
925 1102 1147 1171 Veneeielinm
1158 1102 1421 1188 qninquagintas
1527 1109 1528 1128 ¹

283 1213 340 1280 ille
358 1213 421 1292 ¹vel
452 1212 512 1302 illi,
542 1213 595 1280 eui
611 1214 664 1279 vel
682 1212 799 1297 quibus
831 1210 989 1281 offensum
1006 1212 1113 1299 fuerit,
1142 1221 1174 1278 et
1200 1233 1286 1298 pona
1302 1211 1420 1280 soluta
1527 1281 1528 1284 ,

284 1319 514 1390 nichilominus
544 1321 606 1390 boo
638 1319 793 1406 seriptum
823 1319 922 1387 robur
952 1319 1098 1405 optineat
1127 1318 1297 1388 firmitatis.
1313 1317 1415 1398 Quod

284 1429 415 1513 quidem
433 1429 598 1516 seriptum,
623 1428 754 1496 domino
769 1429 853 1494 Duei
882 1427 1098 1496 Veneoiarnm
1116 1427 1235 1495 eteius
1267 1427 1416 1496 Consilio

286 1543 459 1624 ostensum,
473 1537 536 1624 ipsi
552 1537 697 1604 seriatim
730 1535 901 1604 audientes
918 1544 950 1602 et
980 1535 1204 1622 intelligentes
1234 1535 1414 1620 diligenter

285 1647 392 1732 ipsum
409 1647 644 1732 approbarunt.
672 1647 712 1711 Et
728 1653 763 1712 nt
778 1645 883 1712 mains
914 1645 1010 1712 robur
1024 1643 1187 1711 firmitatis
1204 1643 1363 1724 obtineat,
1381 1645 1418 1709 in

286 1751 477 1820 coronidem
494 1753 645 1821 dominns
655 1755 730 1821 Dux
746 1753 788 1820 de
802 1753 973 1822 voluntate
990 1755 1042 1821 sni
1052 1752 1187 1821 Consilii
1196 1753 1297 1819 volnit
1307 1753 1417 1838 ipsum

287 1861 442 1948 seriptum
475 1861 654 1948 predictum
687 1861 803 1930 muniri
835 1870 868 1930 et
898 1861 1038 1948 sigillari
1063 1881 1122 1928 sno
1152 1861 1282 1948 proprio
1300 1859 1417 1944 sigillo

285 1970 447 2059 plumbeo.
480 1969 615 2055 Signum
657 1971 948 2056 suprascriptorum
983 1968 1151 2052 lobannis,
1183 1969 1344 2038 [luidonis
1379 1973 1415 2033 et

286 2078 418 2146 Bennoi
434 2077 604 2165 Gomttum,
621 2077 676 2162 qni
693 2077 754 2144 hoe
779 2083 983 2162 rogaverunt.
1012 2079 1081 2162 Ego
1107 2077 1353 2145 Bartholomens
1372 2077 1418 2143 dn

288 2187 392 2254 Canai
407 2186 511 2254 testis.
542 2185 613 2269 Ego
628 2186 767 2253 Romeus
784 2184 936 2262 Quirinus
952 2186 1054 2252 testis.
1080 2185 1150 2270 Ego
1166 2185 1292 2252 Marnas
1319 2183 1418 2252 (leno

288 2295 393 2362 testis.
425 2295 493 2380 Ego
526 2295 640 2360 Petrus
673 2293 713 2360 ‹le
729 2293 926 2360 bonovicino
942 2292 1102 2379 presbiter
1118 2298 1151 2360 et
1167 2291 1330 2379 Notarius,
1349 2295 1420 2358 Dn-
1527 2339 1528 2354 2

290 2403 435 2482 natisque
447 2399 750 2468 nnleCauoellarins
760 2401 920 2488 eomplevi
932 2407 963 2468 et
973 2401 1134 2468 roboravi.
1145 2401 1215 2486 Ego
1226 2401 1419 2468 Dominiens

290 2508 432 2574 Fusonlo
465 2509 624 2592 presbiter
655 2507 775 2576 Sancte
790 2509 929 2593 Agnetis
945 2515 978 2576 et
993 2508 1150 2576 Notarius
1166 2509 1234 2576 vini
1251 2509 1284 2574 in
1300 2515 1418 2593 matre,

290 2625 323 2683 et
339 2616 432 2682 testis
446 2636 516 2683 snm
534 2617 567 2681 in
584 2617 662 2684 tilia.
682 2619 749 2702 Ego
765 2617 952 2684 Dominions
969 2615 1232 2684 DelfinusJudex
1249 2617 1417 2684 examina·

290 2732 340 2790 tor
371 2723 441 2789 vidi
473 2724 505 2788 in
532 2732 644 2810 matre,
675 2725 765 2791 testis
799 2745 869 2792 sum
885 2725 919 2790 in
935 2725 1011 2793 lilia
1037 2725 1108 2808 Ego
1124 2724 1272 2792 Donatus
1296 2722 1419 2790 Sanote

291 2829 393 2898 blerie
424 2831 538 2899 metris
572 2832 701 2900 Domini
733 2832 892 2918 presbiter
917 2841 949 2900 et
964 2831 1118 2900 Notarius
1149 2832 1210 2899 boa
1235 2833 1419 2920 exemplum

294 2925 480 3026 exemplavi
519 2961 603 3008 anno
635 2942 766 3008 Domini
809 2940 979 3008 millesimo
1012 2939 1223 3008 docentisimo
1254 2941 1420 3009 tricesimo

291 3049 391 3118 tereio
408 3049 528 3116 mensis
543 3050 666 3134 Marcii,
683 3049 859 3118 indietione
875 3055 978 3135 sexta,
1005 3049 1159 3132 Riroalti,
1175 3049 1277 3117 niobil
1293 3047 1420 3118 addens

293 3155 344 3226 vel
360 3157 515 3246 minuens,
531 3159 617 3242 qnod
633 3157 831 3227 sentenciam
847 3164 956 3244 mutet,
975 3159 1133 3244 complevi
1149 3165 1182 3226 et
1197 3159 1357 3226 roborari.

294 3375 428 3440 (histrian,
454 3375 638 3426 Monumenta
665 3377 822 3440 spectantia
841 3375 993 3428 historiam
1012 3375 1161 3428 slavorum
1180 3376 1420 3430 Meridionntium.

742 3467 764 3516 1.
783 3467 842 3518 tot.
863 3471 906 3518 ts.
926 3468 957 3530 1.)
1030 3484 1036 3494 ·
