3078 5128
590 951 668 1019 230.

80 1153 132 1218 W.
150 1153 222 1220 Bdlu
237 1151 347 1238 kr'rdlp
362 1154 540 1240 maperdstti
556 1175 577 1214 a
601 1151 844 1238 Froupepo'nok
859 1155 1007 1218 aadmrira
1024 1155 1087 1221 III.
1105 1153 1193 1222 Belo

79 1264 105 1326 eis
121 1263 160 1327 II.
175 1262 285 1327 Eudra
300 1258 515 1346 lirdlyokaak
531 1258 664 1324 Mosco
680 1260 712 1322 ds
736 1259 872 1326 Viaodol
886 1263 1110 1348 cdrmepydkat
1126 1269 1190 1328 ἰάν-

392 1371 493 1455 pyazo'
509 1367 727 1453 udomdapar't.
757 1367 856 1434 1242.

168 1566 247 1635 Bela
263 1565 327 1632 Dei
343 1565 455 1650 gracia
479 1563 658 1649 Hungarie,
690 1561 869 1651 Dalmacie,
901 1562 1045 1652 Groneia,
1076 1567 1187 1654 Rama,

76 1673 181 1760 Seruis,
197 1673 349 1761 Gallicis,
367 1671 561 1740 Lodomerie
578 1669 796 1753 Comanieque
811 1671 881 1737 Rex
898 1673 1045 1740 omnibus
1065 1673 1187 1742 Christi

76 1780 210 1848 fidelibus
226 1789 409 1868 presentem
426 1780 579 1866 paginam
596 1779 791 1864 inspecturis
808 1781 947 1847 salutem
965 1786 997 1847 et
1013 1801 1106 1849 omne
1130 1783 1187 1849 bo·

75 1909 146 1954 num.
169 1889 219 1955 Ad
235 1890 459 1956 uniuersorum
476 1886 630 1953 noticiam
646 1886 761 1959 barum
778 1887 861 1953 serie
893 1887 1043 1956 volumus
1075 1911 1185 1974 perua-

74 1997 140 2082 nire,
156 1995 240 2080 quod
256 1994 450 2063 accedentes
467 1993 510 2060 ad
526 2014 586 2060 nos
602 1991 715 2061 fideles
726 1994 829 2061 nostri
839 1993 898 2080 tilij
911 1995 1099 2066 Seruidouis
1112 1997 1186 2086 (Ser

73 2101 207 2191 Uidonis)
222 2103 264 2169 de
282 2103 406 2187 Wegla,
434 2101 560 2170 scilicet
577 2101 755 2186 Jobaunes,
790 2102 985 2189 Friderious,
1018 2103 1185 2172 Bartholo-

72 2229 148 2276 mens
161 2217 193 2278 et
209 2207 356 2296 Sernido,
375 2215 644 2294 presentauerunt
660 2209 801 2294 quedam
818 2211 940 2295 scripta
965 2210 1071 2298 nobis,
1095 2231 1183 2278 asse·

71 2327 162 2386 rentes
176 2320 250 2405 ipsa
265 2339 337 2386 esse
354 2317 554 2404 exemplaria
571 2317 813 2403 priuilegiorum
831 2325 1013 2386 nostrorum
1038 2327 1183 2388 anteces-

70 2448 174 2514 sornnr,
191 2427 345 2494 videlicet
360 2427 414 2494 aui
431 2426 532 2493 nostri
549 2426 626 2493 Bele
643 2427 727 2493 boue
744 2425 996 2513 recordacionis,
1029 2431 1060 2492 et
1076 2428 1181 2513 patris

70 2539 158 2603 nostri
174 2535 305 2603 Andree
321 2534 487 2618 quondam
504 2534 627 2618 Regum
644 2533 823 2620 Hungarie,
844 2553 979 2617 quornm
1007 2534 1183 2620 originalia

68 2653 185 2729 propter
201 2644 389 2711 discrimina
404 2641 541 2728 itineris,
574 2662 635 2725 que
651 2649 727 2708 tunc
743 2642 966 2726 imminebant,
998 2665 1063 2710 non
1091 2651 1181 2730 pote·

66 2759 130 2817 rant
153 2759 364 2836 apportasse3
390 2749 596 2833 postularunt
627 2748 687 2817 hec
718 2749 832 2817 eadem
863 2757 973 2818 nostro
1005 2750 1182 2836 priuilegio

67 2859 245 2944 confirmari,
261 2859 402 2926 maxime
418 2877 491 2924 cnm
507 2857 582 2943 ipsa
599 2857 738 2926 luissent
753 2857 813 2924 snb
831 2857 950 2942 sigillis
977 2861 1180 2943 quarundam

65 2967 316 3034 authenticarum
333 2985 547 3051 personarum
563 2965 696 3050 collata,
711 2965 828 3048 quibus
844 2965 924 3034 fides
944 2967 1027 3033 bens
1051 2973 1180 3051 poterat

65 3073 211 3141 adhiberi.
251 3076 319 3142 Nos
336 3078 447 3158 itaque
477 3079 621 3158 ternpore
638 3073 846 3141 necessitatis
862 3073 1076 3157 considerato,
1107 3094 1179 3142 cum

64 3203 114 3248 nos
128 3185 314 3270 persecucio
330 3183 512 3268 impelleret
528 3183 752 3264 Tartarornm,
771 3189 803 3248 et
820 3181 961 3268 ipsorum
978 3201 1041 3248 non
1052 3180 1179 3247 modico

64 3289 273 3374 indigeremus
290 3289 443 3369 seruicio,
471 3295 584 3355 tencre
599 3289 844 3373 rescriptorum,
870 3287 958 3372 quod
973 3287 1108 3354 inferius
1124 3289 1178 3354 ob·

64 3399 235 3466 seruabitur
251 3403 418 3479 annotato,
435 3395 555 3463 nostris
570 3395 691 3462 litteris
708 3404 740 3462 et
772 3397 910 3484 duplicis
942 3395 1043 3481 sigilli
1077 3397 1178 3462 nostri

63 3506 227 3573 munimina
244 3504 449 3572 decredimus
464 3503 623 3570 roborari.
635 3501 932 3592 Adicientes,qnod
948 3504 1033 3571 idem
1050 3503 1132 3590 ipsis
1143 3524 1178 3570 ss

62 3614 284 3699 obligantibus,
291 3611 378 3698 quod
390 3633 461 3680 cum
474 3632 533 3680 nos
544 3631 788 3680 successoresue
800 3613 902 3680 nostri
914 3613 948 3680 in
958 3615 1071 3702 Regno
1081 3613 1177 3680 Oroa-

63 3721 102 3788 oie
116 3721 333 3810 personaliter
348 3720 501 3788 fuerimus
518 3719 694 3805 constituti,
712 3741 753 3787 ex
769 3721 862 3807 ipsis,
877 3720 1031 3789 videlicet
1048 3719 1177 3788 Comiti-

60 3829 119 3915 bns,
135 3829 188 3896 vel
204 3827 377 3896 heredibus
393 3835 425 3895 et
440 3826 686 3914 posteritatibus
703 3848 811 3895 eornm
824 3827 995 3916 uniuersis,
1011 3849 1095 3896 vnus
1105 3847 1177 3916 per·

59 3939 212 4023 sonaliter,
244 3955 304 4022 pro
320 3955 416 4020 posse
432 3937 587 4002 decenter
612 3935 795 4022 expeditus,
827 3936 895 4004 suis
922 3936 1079 4004 duntaxat
1107 3955 1177 4022 pro-

60 4045 128 4128 prijs
145 4049 178 4113 in
196 4045 358 4132 expensis,
373 4043 497 4112 tamdiu
515 4043 673 4126 quamdiu
688 4043 809 4110 ibidem
825 4043 992 4129 fuerimus,
1009 4045 1042 4110 in
1058 4065 1177 4112 recom-

58 4155 277 4234 pensacionem
294 4152 435 4240 suscepti
452 4151 599 4236 beneflcij
617 4151 650 4216 in
668 4152 818 4238 seruicijs
835 4171 1049 4238 perseuerare
1059 4152 1178 4220 debeat

57 4265 82 4324 et
96 4268 263 4346 teneatur;
289 4261 332 4328 ad
349 4262 418 4328 alia
433 4280 511 4328 vero
527 4259 666 4327 seruicia
682 4261 718 4326 in
732 4261 916 4347 priuilegijs
933 4268 1175 4329 antecessorum

56 4377 228 4438 nostrornm
261 4375 413 4436 contenta
445 4375 478 4435 et
510 4368 657 4453 obligata
689 4368 779 4454 ipsos
811 4366 1036 4457 (iohannem),
1062 4367 1176 4436 Fride-

56 4475 156 4565 ricum,
173 4477 440 4546 Bartholomeum
458 4483 490 4544 et
507 4475 729 4566 Seruidonem,
747 4477 938 4546 coheredes
955 4483 988 4546 et
1004 4479 1174 4564 posterita-

56 4591 98 4654 tes
111 4585 290 4656 eomndem
305 4587 475 4657 uniuersos
493 4605 533 4656 es
549 4584 751 4676 plenitudine
767 4587 878 4676 gracie
894 4587 1027 4674 Regalis
1044 4595 1077 4657 et
1101 4609 1171 4679 pre·
