3208 5158
677 986 752 1056 398.

129 1179 193 1248 IV.
237 1177 384 1246 Kelemec
401 1180 497 1266 pdpo
520 1175 702 1353 meges-dfe
725 1199 747 1243 a
770 1179 872 1246 aaut
889 1179 1077 1271 perpotasp
1090 1183 1207 1274 jcqcit
1229 1186 1262 1253 es
1340 1200 1344 1208 ·

582 1287 644 1352 irlo
666 1289 712 1353 ut.
733 1285 833 1356 1266.

241 1484 392 1554 clemens
407 1481 592 1571 Episcopus
608 1501 723 1554 smnus
739 1501 906 1554 seruorum
923 1484 986 1553 Dei
1002 1488 1180 1558 venerabili
1197 1489 1260 1560 fra·

128 1596 171 1664 tri
188 1643 198 1663 .
215 1645 223 1664 .
241 1643 249 1661 .
265 1593 430 1680 Episcopo
446 1591 660 1678 Traguriensi
675 1593 811 1678 eiusque
833 1597 1073 1666 successoribus
1104 1599 1260 1668 canonice

129 1701 367 1773 substituendis
382 1702 417 1767 in
433 1706 637 1790 perpetuum,
650 1699 689 1767 In
705 1700 859 1768 eminenti
874 1701 1064 1789 Apostolice
1080 1705 1173 1777 Sedis
1190 1729 1260 1798 spe-

130 1811 220 1898 cnla,
236 1811 315 1880 licet
338 1809 502 1897 immeriti,
535 1806 729 1896 disponente
758 1809 902 1878 Domino
933 1812 1108 1902 constituti,
1140 1814 1257 1887 iratres

129 1926 260 1990 nosnos
277 1919 468 2006 Episcopus,
499 1922 568 1984 tarn
582 1915 781 2004 propinquos
797 1939 894 2003 quern
910 1919 1007 2005 longe
1031 1923 1164 2010 positos,
1195 1925 1260 1995 ira·

129 2037 227 2098 terna
241 2025 399 2096 debemus
415 2025 575 2093 charitate
590 2022 738 2110 diligere,
753 2031 785 2093 et
801 2025 960 2112 Ecclesijs
974 2027 1038 2096 sibi
1053 2050 1075 2096 a
1090 2033 1162 2100 Deo
1177 2053 1259 2101 conr-

132 2135 243 2204 missis
258 2132 420 2223 pastorali
434 2131 652 2202 sollicitudine
668 2131 848 2218 providere.
873 2133 1043 2221 Quocirca,
1061 2141 1260 2210 venerabilis

129 2245 164 2312 iu
180 2240 313 2310 Christo
329 2240 431 2310 irater
446 2239 618 2327 Episcopo,
630 2239 729 2324 justis
744 2239 1017 2327 postulationibus
1035 2244 1098 2312 tuis
1122 2247 1258 2316 clemen·

130 2359 180 2421 ter
197 2354 390 2434 annuentes,
421 2351 455 2415 et
469 2346 651 2416 Ecclesiam
667 2345 781 2416 Sancti
796 2348 963 2416 Laurentii
994 2351 1259 2450 Traguricnsem,

131 2459 184 2528 cni
200 2463 335 2530 anctore
350 2459 423 2526 Dec
439 2477 571 2544 preesse
586 2457 776 2546 dinosceris,
809 2459 870 2526 sub
885 2461 982 2528 Beati
998 2449 1085 2530 Petri
1102 2470 1134 2534 ct
1149 2476 1260 2540 nostra

130 2567 336 2660 protectione
350 2565 554 2654 suscipimus,
571 2571 604 2633 et
619 2566 778 2653 presentis
793 2566 906 2653 scripti
921 2569 1093 2658 privilegio
1119 2593 1261 2648 commu.

130 2681 262 2763 nimns3
285 2681 476 2764 statuentes,
506 2680 542 2742 nt
557 2691 777 2758 quascumque
792 2677 1028 2767 possessiones,
1060 2701 1261 2772 quecumque

131 2793 221 2858 bona
237 2782 352 2855 eadem
366 2783 514 2852 Ecclesia
529 2783 564 2850 in
579 2783 818 2870 presentiarum
829 2783 920 2870 juste
936 2791 969 2854 et
985 2790 1142 2860 canonice
1157 2795 1260 2878 possi-

132 2896 198 2986 det,
215 2895 323 2964 autin
339 2895 484 2963 fcturum
500 2892 707 2962 concessione
721 2891 920 2980 Pontificum,
946 2895 1122 2980 largitione
1135 2901 1260 2990 Regum

132 3008 186 3076 rel
202 3001 400 3090 Principum,
426 2999 592 3070 oblatione
607 2999 764 3088 ridellum,
795 3019 853 3072 seu
868 2999 944 3070 aliis
959 3000 1052 3072 iustis
1068 3005 1171 3077 modis
1187 3031 1261 3097 pre-

131 3119 243 3184 stante
259 3109 400 3178 Domino
416 3110 534 3196 poterit
549 3107 701 3196 adipisci,
725 3110 817 3178 timna
831 3107 923 3182 robis
938 3110 1120 3198 vestrisque
1135 3135 1260 3187 sncces-

132 3221 263 3294 snribus
279 3225 312 3288 et
326 3217 457 3287 illibata
472 3221 694 3305 permaneant.
732 3218 771 3286 In
788 3217 904 3302 quibus
919 3218 980 3288 bec
996 3223 1137 3310 propriis
1168 3221 1262 3294 dcxi·

132 3353 205 3402 mus
222 3325 434 3416 exprimenda
458 3323 629 3394 vocabulis
648 3325 794 3394 :Locum
822 3325 940 3416 ipsum,
972 3328 1007 3396 in
1038 3349 1100 3415 qno
1131 3333 1261 3419 prelata

131 3437 282 3507 Ecclesia
295 3437 362 3507 sita
378 3443 438 3525 cst,
456 3455 529 3505 cunr
545 3435 693 3504 omnibus
709 3435 917 3524 pertincnlijs
927 3437 994 3506 cuis
1004 3463 1012 3526 3
1023 3439 1272 3521 ,Monastcrium

132 3545 249 3614 Sancti
264 3543 406 3632 Nicolai,
422 3543 537 3612 Sancti
552 3543 724 3612 Michaelis
740 3564 781 3612 ac
797 3544 911 3614 Sancti
935 3546 1071 3634 Jacobi3
1095 3545 1262 3618 Ecclesiae

131 3651 165 3722 iu
181 3657 293 3723 castro
309 3651 350 3718 dc
374 3651 527 3720 Sibenico
558 3671 631 3720 curn
660 3651 809 3721 omnibus
840 3651 1046 3739 pertinentiis
1077 3657 1262 3743 earundem,

134 3762 280 3831 decimas
298 3765 332 3829 et
347 3755 509 3846 pnidquid
519 3757 606 3846 juris
621 3759 722 3828 habet
737 3759 858 3828 ibidem
888 3761 1036 3830 Ecclesia
1066 3763 1262 3849 Tragurien-

133 3871 198 3952 sis;
222 3867 390 3938 Ecclesias
406 3887 478 3935 curn
511 3867 659 3957 decimis,
689 3867 854 3955 parochiis
886 3875 919 3936 ct
948 3869 1152 3954 pertinentiis
1182 3871 1262 3958 suis,

132 3979 215 4048 situs
231 3973 268 4044 in
283 3975 366 4045 lucis
382 3995 446 4062 qne
462 3973 552 4063 Drid,
569 3976 735 4044 (besterna
751 3983 784 4044 et
798 3975 974 4046 Dubrorac
988 3979 1167 4065 vulgariter
1183 3999 1264 4048 nun·

134 4089 316 4171 cnpantnr;
341 4101 380 4151 ac
392 4081 655 4171 jurisdictionem
671 4083 891 4172 temporalem,
918 4103 1015 4170 quarn
1032 4085 1180 4156 Ecclesia
1194 4107 1264 4174 pre·

133 4197 204 4274 scta
219 4193 256 4259 in
271 4190 353 4260 locis
369 4190 505 4277 prelatis
521 4190 665 4260 noscitur
679 4189 840 4273 obtinere;
868 4192 1034 4262 Ecclesiae
1065 4211 1138 4264 cum
1168 4193 1264 4282 perti·

133 4297 258 4385 nsntljs
273 4297 353 4386 snis,
369 4304 486 4387 terras,
501 4296 725 4386 possessiones
741 4304 775 4364 et
790 4297 936 4367 decimas
951 4298 987 4365 in
1011 4301 1100 4370 villis
1130 4301 1172 4369 dc
1201 4303 1264 4370 Nc·

133 4412 237 4492 reste,
254 4403 430 4494 Rodosicb,
446 4405 587 4496 Gradec,
605 4404 730 4494 Ostroc,
761 4407 895 4494 Spellan
912 4414 946 4477 et
961 4408 1074 4478 Sancti
1088 4407 1177 4478 Petri
1193 4410 1264 4478 vnl-

134 4515 259 4598 gariter
273 4512 469 4602 appellatis,
493 4513 648 4604 decimus,
665 4521 698 4581 et
713 4512 870 4602 quidquid
891 4514 978 4603 jcris
1008 4515 1156 4587 Ecclesia
1184 4518 1265 4586 'lbe-

134 4620 299 4714 succuris
330 4621 457 4695 obtinet
487 4622 522 4694 in
546 4621 709 4695 Gomitstu
740 4622 891 4718 Euporia,
915 4644 988 4696 cnm
1017 4625 1122 4720 terris,
1151 4625 1264 4736 pratis,
