3078 5128
589 919 592 925 '
675 937 751 1006 ros.

136 1141 185 1206 Π.
204 1140 316 1206 Endrc
332 1137 444 1223 kiroily
459 1161 481 1202 o
496 1139 633 1223 zdlyomi
643 1138 855 1202 odoarnokolc
865 1157 945 1201 ozon
955 1137 1081 1202 lc‘o‘telcae
1090 1139 1200 1223 atropos
1211 1135 1281 1202 olr's·

136 1251 231 1329 meri,
251 1251 333 1334 impp
349 1271 387 1312 oz
404 1246 590 1332 eraterpumi
606 1246 837 1331 ltdptolonnolc
854 1243 1151 1328 tiaedctfizocsonclc.
1179 1245 1278 1310 1232.

255 1443 408 1510 Andreas
416 1441 479 1508 Dei
491 1443 604 1524 gracia
620 1443 788 1526 Hungarie
803 1443 873 1508 Rex
890 1440 1051 1507 vniuersis
1069 1439 1187 1506 Christi
1204 1439 1280 1506 lide-

145 1552 236 1620 libns
252 1559 438 1638 presentem
456 1551 611 1636 paginam
628 1550 825 1634 inspecturis
841 1550 981 1616 salutem
999 1549 1032 1614 in
1048 1551 1124 1616 lesu
1143 1547 1269 1614 Christo

141 1660 198 1727 Ad
215 1661 443 1729 uniuersorum
460 1657 613 1725 noticiam
629 1666 742 1726 tenore
758 1659 962 1744 presencium
979 1658 1129 1728 uolumus
1156 1675 1268 1742 perue-

144 1772 228 1850 nire,
245 1768 334 1853 quod
351 1787 423 1834 cum
439 1767 599 1850 quasdam
616 1766 712 1833 villas
729 1766 941 1833 castrensium
960 1767 994 1832 in
1011 1761 1276 1832 officiumvduor·

143 1877 293 1944 nieorum
311 1882 492 1943 nostrorum
510 1874 551 1940 de
567 1893 652 1940 nono
669 1874 965 1960 transtulissemus,
983 1881 1016 1940 et
1027 1870 1183 1956 quasdam
1195 1873 1279 1939 alias

153 1983 199 2049 ad
215 1983 364 2070 predium
380 1989 524 2050 nostrum
541 1981 581 2047 dc
597 1982 731 2048 Zoulum
747 1982 1026 2065 assignassemus3
1042 1981 1157 2047 fideles
1174 2001 1213 2048 ac
1231 1981 1279 2046 di-

157 2092 232 2160 lecti
248 2091 362 2176 nostri,
393 2091 536 2160 Thomas
568 2090 756 2176 Propositus
787 2091 949 2174 ceterique
979 2092 1099 2156 fratres
1130 2089 1295 2160 Ecclesie.

152 2199 394 2285 strigoniensis
410 2200 452 2265 ad
469 2207 612 2266 nostram
635 2198 827 2266 aecedentes
859 2197 1059 2285 presenciam
1093 2196 1189 2264 nobis
1220 2217 1281 2264 sua

152 2307 358 2392 querimonia
374 2315 603 2395 monstramur,
620 2307 707 2390 quod
723 2327 834 2375 omncs
860 2304 971 2392 populi
999 2304 1147 2372 villarum
1173 2303 1278 2390 predi·

152 2425 281 2482 clarum
297 2415 402 2480 iustas
419 2423 451 2480 et
468 2414 613 2498 integras
629 2415 775 2482 decimas
791 2417 833 2480 ab
844 2415 979 2498 antiquo
990 2413 1116 2480 soluere
1126 2413 1278 2478 teneban-

150 2533 216 2610 tur,
234 2544 298 2608 que
314 2522 440 2590 decime
457 2542 514 2608 pro
530 2523 670 2612 panibus
686 2543 794 2590 eorum
812 2529 889 2589 sunt
904 2523 1069 2606 deputate.
1094 2518 1187 2609 (Sed)
1204 2521 1282 2607 quia

151 2631 279 2716 singuli
295 2630 486 2717 populorum
503 2631 723 2722 predictorum
740 2631 911 2699 occasione
929 2639 1109 2698 ceterorum
1127 2627 1272 2697 uduorni-

149 2762 264 2809 corum
279 2745 463 2807 nostrorum
480 2740 630 2824 singulas
647 2740 729 2808 duas
747 2740 897 2826 capacius
924 2739 1050 2807 soluere
1076 2741 1278 2822 tenebantur,

149 2857 184 2916 et
200 2870 260 2935 per
276 2847 336 2915 hoc
353 2848 434 2932 ipsis
450 2868 602 2930 magnum
620 2847 795 2932 dampnum
811 2855 843 2914 et
859 2847 1096 2914 incommodum
1109 2865 1280 2931 generare-

152 2965 228 3040 tur;
252 2954 347 3022 nobis
363 2954 525 3022 humiliter
541 2957 775 3041 supplicarunt,
792 2963 827 3023 ut
844 2955 947 3023 dictos
963 2957 1098 3042 populos
1124 2954 1166 3020 ad
1197 2955 1281 3024 solu-

150 3065 279 3131 cionem
298 3063 498 3131 dccimarum
515 3065 723 3150 integrarum,
751 3065 834 3130 sicut
864 3070 1111 3149 consueuerant,
1143 3068 1281 3152 compel-

154 3171 243 3260 (lere
259 3169 492 3259 dignaremur).
526 3175 568 3240 Et
597 3173 677 3266 quia
707 3171 846 3240 officium
879 3173 1023 3239 debitum
1053 3173 1165 3258 exigit,
1197 3175 1282 3259 qnod

149 3280 239 3348 nulli
259 3281 293 3347 in
309 3302 370 3348 sna
386 3281 518 3348 iusticia
543 3282 659 3348 deesse
684 3273 870 3357 debeamus,
898 3283 1066 3367 potissimo
1097 3304 1174 3352 vero
1205 3285 1283 3370 qnia

149 3388 335 3455 Ecclesiam
352 3389 612 3471 Strigoniensem
629 3389 833 3474 specialioris
852 3389 1040 3456 dileccionis
1061 3429 1094 3437 --
1122 3429 1161 3440 ω-
1178 3432 1221 3443 -
1237 3433 1281 3445 -

151 3516 273 3564 cauere
296 3497 331 3562 in
357 3496 498 3574 futurum
531 3497 705 3564 statuimus
737 3497 889 3581 firmiter-3
915 3505 1069 3582 perpetua
1102 3500 1282 3568 stabilitate

154 3603 367 3691 perhenniter
383 3605 635 3693 obseruandum,
666 3607 752 3690 quod
769 3613 834 3672 tam
862 3607 910 3671 illi
935 3606 1058 3692 populi,
1089 3605 1175 3691 quod
1207 3607 1281 3695 (ad)

153 3713 247 3798 ipsos
263 3714 456 3799 rece(pirnus
474 3712 682 3800 udluomicos
699 3713 867 3802 (nostros),
885 3721 951 3780 tam
969 3715 1036 3800 aiij,
1055 3737 1135 3798 qrros
1152 3715 1196 3782 ad
1212 3738 1282 3802 pre-

155 3821 247 3886 dium
265 3829 410 3888 nostrum
427 3822 468 3888 de
494 3821 629 3891 Zoulum
662 3823 911 3908 assignnuinrns,
944 3823 1046 3890 iustas
1078 3833 1109 3890 et
1140 3828 1283 3908 integras

154 3929 301 3996 decimas
318 3930 403 3996 omni
421 3931 685 3997 contradiccionc
702 3968 743 3978 -
763 3970 804 3979 ν-
817 3973 858 3981 -
876 3970 925 4018 -,
941 3932 1026 3998 siout
1037 3942 1282 4017 consueuerant,

159 4036 348 4122 persoluere
365 4041 547 4106 teneantur.
564 4037 705 4104 Nomina
721 4046 830 4106 antem
848 4040 1009 4123 uillarum,
1026 4060 1107 4124 quas
1127 4041 1157 4106 in
1168 4041 1283 4108 uduor-

161 4145 252 4211 nicos
269 4145 505 4229 transtulimus,
522 4151 597 4210 sunt
612 4145 672 4212 lrco
689 4169 696 4211 :
713 4145 813 4212 Huthi
838 4187 882 4199 -
903 4184 939 4194 -—
962 4184 998 4194 —
1020 4189 1062 4199 -
1077 4149 1189 4237 yoley,
1223 4151 1283 4218 La-

158 4273 231 4338 pos,
258 4253 390 4341 Guesta,
418 4255 534 4338 logor,
566 4251 703 4338 Chalad,
735 4253 894 4340 Welchez,
928 4254 1082 4342 Gnynres,
1114 4257 1284 4346 Nemchez,

159 4359 439 4448 Hydradctkesci,
456 4361 579 4447 Kalaa,
603 4364 826 4432 nominauero
854 4366 1014 4450 uillarum,
1042 4387 1124 4449 quos
1156 4368 1196 4434 ad
1229 4389 1284 4434 no·

157 4479 263 4535 strum
280 4468 425 4552 predium
444 4471 483 4538 do
502 4469 634 4538 Zoulum
652 4475 840 4558 recepimus,
856 4479 931 4540 sunt
948 4475 1007 4538 lrec
1024 4498 1031 4538 :
1048 4475 1196 4561 Palnsth,
1222 4478 1285 4542 Ba-

155 4577 236 4664 dun,
252 4575 339 4667 Nek,
355 4576 472 4662 Bolug,
489 4581 610 4666 Hurov,
629 4579 761 4668 Zoiryd,
779 4582 913 4670 Warad,
931 4583 1131 4650 Kemcncha.
1150 4585 1190 4652 Vt
1207 4607 1285 4670 ergo

268 4713 371 4752 EORUM.
387 4713 470 4756 RUNG.
486 4716 556 4754 mss.
574 4729 615 4741 -·
633 4719 706 4756 ntra.
724 4719 768 4760 u.
1138 4697 1178 4764 1ss
