3080 5146
761 265 920 376 joo-

278 469 429 541 Ghroatie
447 471 592 541 inclitum
610 473 741 558 Ducem,
758 473 932 540 Dominum
950 492 1077 557 quoque
1103 474 1228 552 Quarto
1251 465 1360 541 Partis
1376 477 1408 540 et
1530 531 1532 536 .

278 582 422 649 Dimidie
452 583 552 652 totins
584 580 715 665 Imperii
733 583 901 668 Romunie,
917 589 951 649 et
967 588 1080 650 contre
1096 581 1353 650 fumosissimam
1368 586 1400 648 et
1532 601 1533 634 r

278 689 485 774 magnificam
509 689 714 756 Provinciam
743 687 962 773 Venetiarnm,
989 695 1023 756 et
1048 707 1158 756 eornm
1174 687 1408 758 incurrerimus
1516 680 1533 751 “,

279 796 534 884 indignationem
567 795 628 864 hae
660 793 700 863 de
734 813 837 864 causa
867 795 903 862 in
919 803 1056 884 tantum,
1072 797 1158 884 quod
1174 817 1196 864 a
1211 795 1409 866 victoriosis·

279 907 363 974 simo
382 905 523 975 exercitu
549 903 734 975 eorumdem
767 909 867 990 copta
897 903 1038 974 Ciuitate
1067 903 1241 975 Judretiuc
1274 905 1409 973 iubente
1532 933 1533 940 ¹

280 1013 410 1083 domino
435 1013 530 1082 eiecti
555 1021 588 1082 et
606 1013 734 1099 expulsi
754 1011 910 1082 fuerimus
928 1012 970 1080 de
990 1013 1115 1100 ecdem,
1132 1020 1166 1082 et
1181 1011 1408 1082 confusionem
1532 1041 1533 1080 1

283 1131 317 1191 et
334 1121 570 1192 desolationem
595 1121 771 1188 maximam
798 1119 888 1205 passi
913 1119 1071 1189 inurimur
1095 1119 1130 1187 in
1156 1120 1252 1188 terris
1270 1120 1411 1200 alienis;
1520 1142 1525 1155 ·

281 1237 391 1299 tomen
404 1229 481 1300 licet
497 1226 649 1298 immeriti
665 1226 778 1296 confisi
792 1228 834 1295 de
849 1227 1023 1296 clementis
1038 1227 1252 1314 benignitatis
1266 1227 1408 1316 predicti
1533 1295 1534 1300 ,

280 1337 404 1408 domini
428 1337 532 1406 nostri
541 1336 641 1406 Ducis
661 1335 776 1421 suique
795 1333 929 1404 Consilii
945 1341 977 1404 et
993 1335 1180 1406 Communis
1198 1337 1409 1405 Venetinrnm

279 1447 373 1516 missi
389 1446 510 1516 inimus
525 1465 547 1513 a
561 1441 741 1513 Judratinis
757 1441 912 1530 predictis
926 1443 969 1512 ad
984 1443 1088 1532 pedes
1105 1445 1171 1512 iam
1187 1443 1266 1513 dicti
1283 1443 1409 1512 domini

279 1550 1413 1639 nostriDucisadpetendumeiusmisericordiumcumgratiu,ettliri·

280 1657 1409 1747 tatemladrecomomnibnspertinentiissuis,etpactaetpromissio-

281 1789 339 1837 nes
356 1775 388 1835 et
412 1766 629 1851 obligationes
654 1765 837 1833 laciendum
853 1765 949 1835 dictis
966 1765 1097 1833 domino
1127 1773 1238 1836 nostro
1264 1765 1350 1834 Dnoi
1375 1775 1408 1833 et

282 1875 449 1945 Communi
461 1873 676 1959 venetiorum,
688 1879 788 1958 etque
799 1871 1017 1959 recipiendum
1030 1893 1139 1942 eorum
1156 1875 1286 1943 nomine
1302 1883 1336 1942 et
1351 1897 1408 1944 un·

282 1983 430 2052 ctoritate
447 1987 479 2052 et
489 1979 617 2049 nomine
627 1979 711 2048 dicte
722 1979 871 2048 civitatis
888 1981 988 2050 lcdre
1000 1987 1032 2048 et
1047 1979 1235 2051 Oommnnis
1252 1983 1403 2052 eiusdem

283 2102 316 2162 et
332 2092 551 2162 universorum
571 2087 814 2158 Jadretinornm
831 2087 951 2171 ubique
967 2089 1244 2176 commorantium,
1261 2099 1295 2159 et
1311 2111 1410 2177 super
1534 2135 1535 2138 =

282 2205 431 2274 omnibus
463 2207 496 2268 et
527 2199 560 2266 in
592 2197 752 2283 omnibus,
783 2217 845 2282 que
877 2196 1064 2266 duxerimus
1083 2198 1267 2266 laciendum
1284 2207 1354 2268 tum
1372 2200 1407 2267 iu

282 2314 378 2382 rebus
408 2329 506 2396 qnam
529 2307 563 2374 in
579 2305 727 2393 personis
744 2303 840 2371 liuius
858 2304 936 2372 lacti
953 2305 1126 2374 occasione
1141 2305 1186 2373 ad
1203 2307 1407 2376 voluntatem

282 2429 315 2487 et
344 2415 583 2503 beneplacitum
600 2415 664 2482 ium
691 2412 770 2480 dicti
796 2409 920 2481 domini
936 2413 1038 2481 nostri
1055 2415 1157 2482 Ducis
1174 2416 1308 2498 eiusque
1323 2415 1409 2482 Gon-

285 2529 351 2598 silii
369 2533 469 2610 atque
484 2529 638 2608 nostrum,
654 2522 738 2590 sicut
757 2521 790 2586 in
807 2519 936 2606 publico
952 2521 1168 2590 instrumento
1184 2519 1273 2590 dicte
1289 2543 1404 2608 procu·

285 2633 421 2705 ustionis
446 2639 479 2698 et
504 2627 690 2717 syndioarie
706 2648 805 2696 manu
831 2627 995 2695 Gabrielis
1011 2628 1138 2696 Paulini
1155 2629 1281 2697 Notaril
1297 2637 1330 2698 et
1345 2634 1410 2700 Dn-
1535 2699 1536 2724 ,

284 2743 366 2812 calis
381 2739 457 2809 aule
471 2735 684 2806 Vensliurnm
703 2733 900 2804 Ounoellurii
911 2734 1056 2804 conlecto
1072 2737 1201 2823 plenius
1212 2737 1406 2824 continetur,

284 2859 378 2920 tenor
408 2846 501 2914 ouius
531 2843 668 2913 inferius
684 2843 866 2912 denotatur.
885 2843 1004 2912 Verum
1020 2843 1064 2911 ad
1079 2844 1181 2930 pedes
1198 2845 1335 2929 predicti
1351 2846 1407 2914 do·
1535 2845 1536 2904 T

285 2956 363 3027 mini
394 2953 494 3022 Ducis
510 2971 568 3038 pro
584 2950 636 3018 his
666 2950 832 3018 humiliter
862 2948 1068 3036 aecedentes,
1085 2957 1118 3017 et
1133 2951 1273 3035 gratiam
1301 2959 1336 3021 et
1351 2955 1407 3022 mi-

285 3061 493 3138 sericordiam
508 3059 723 3148 postulantes,
741 3057 826 3125 idem
843 3057 1113 3126 clementissimus
1129 3058 1282 3128 dominus
1298 3071 1410 3132 noster

286 3179 361 3244 Dux
376 3192 448 3240 cum
459 3187 518 3238 suo
528 3165 670 3236 consilio
682 3165 724 3232 ad
735 3165 908 3234 Dominum
919 3173 952 3235 et
960 3165 1215 3235 misericordium
1228 3177 1410 3255 respectum

287 3282 421 3365 iubens,
432 3283 464 3345 et
479 3295 545 3342 non
561 3273 604 3343 ad
617 3273 738 3341 merite
753 3279 866 3343 nostru
883 3273 1071 3361 respiciens,
1093 3294 1153 3342 nos
1167 3293 1282 3343 omnes
1298 3277 1411 3348 Jadre·

285 3391 371 3458 linos
397 3384 443 3451 ud
467 3402 562 3452 suam
593 3381 733 3467 graiium
759 3379 925 3450 revocavit
943 3388 1042 3464 etque
1058 3383 1192 3471 recepit,
1208 3403 1249 3452 no
1266 3386 1364 3456 nobis
1380 3395 1412 3456 et

287 3495 363 3564 aliis
386 3489 567 3560 Jadrstinis
597 3488 753 3558 universis
783 3488 849 3556 inm
874 3488 969 3558 dictis
994 3489 1113 3558 dicum
1131 3489 1221 3558 dedit
1235 3489 1412 3564 Civitatem

286 3623 359 3670 cum
375 3595 582 3686 pertinentiis
598 3596 675 3684 suis,
700 3617 773 3664 cum
797 3599 904 3683 puetis
928 3604 961 3664 et
987 3597 1225 3668 conditionibus
1249 3599 1413 3670 internos

285 3706 442 3790 mactatis,
460 3703 619 3772 ordinetis
647 3711 679 3773 et
703 3702 915 3792 concordatis,
941 3711 974 3773 et
1000 3725 1021 3772 a
1045 3705 1140 3775 nobis
1165 3707 1337 3793 promissis
1356 3729 1413 3775 no·

285 3817 373 3884 mine
404 3817 438 3882 et
468 3810 540 3878 rice
571 3817 669 3896 atque
707 3812 863 3882 mandato
893 3819 924 3879 el
954 3814 1152 3883 auctoritate
1182 3813 1406 3900 predictorum

285 3923 429 3992 omnium
454 3915 695 3988 Jadretinorum
715 3925 873 4006 perpetuo
890 3920 1118 4004 observandis,
1135 3941 1198 4006 que
1213 3921 1295 3991 talia
1311 3931 1409 3992 sunt:

285 4031 404 4099 Volunt
418 4025 582 4096 Jadretini
598 4045 726 4112 semper
741 4023 1032 4114 Arelriepisoopum
1048 4027 1172 4113 eligere
1198 4028 1240 4096 de
1265 4030 1411 4100 Venetiis

286 4146 318 4206 et
333 4135 456 4203 habere
470 4154 492 4201 a
507 4130 619 4202 Gradu
636 4134 791 4204 videlicet
820 4153 923 4220 nsque
954 4135 1061 4223 tlapnt
1092 4137 1242 4224 Aggeris,
1274 4139 1411 4224 eiusque

287 4243 483 4315 electionem
515 4242 747 4327 presentabnnt
762 4243 893 4312 domino
909 4241 1099 4312 Patriarclre
1115 4245 1277 4314 Gradensi
1293 4246 1408 4314 contir-

287 4354 463 4420 mationem
495 4349 599 4435 ipsins
630 4349 800 4420 electionis
840 4351 1070 4438 postulantem
1103 4359 1135 4420 et
1165 4353 1411 4423 confirmatione

285 4461 376 4528 luctu
391 4456 500 4526 veniet
523 4457 644 4527 electus
660 4457 834 4528 adsedem
866 4458 1132 4546 Patricrehalem,
1150 4466 1183 4528 et
1212 4459 1409 4532 consecrati·

285 4587 381 4642 onem
396 4564 437 4630 de
453 4583 553 4632 manu
569 4587 628 4634 sua
644 4566 789 4654 recipiet,
816 4565 977 4654 facietque
994 4570 1023 4636 ei
1041 4567 1239 4660 fidelitatem,
1259 4589 1408 4641 reveren·
