3098 5132
342 1007 427 1075 Rota
442 1005 546 1096 ifjubb
561 1003 670 1092 kirtly
687 1008 863 1094 ouperbuitr'
887 1005 1046 1072 Motbrner
1069 1029 1165 1073 corneo
1190 1011 1363 1096 auyjrirrak
1387 1036 1476 1078 uzon
1532 987 1533 1012 i

343 1117 564 1196 intezbedtait,
580 1113 726 1200 metytprt
740 1113 950 1200 Topurlrcibun
960 1114 1030 1180 levo
1039 1117 1088 1180 Iret
1099 1114 1302 1182 birtolrrerzet
1313 1143 1353 1183 uz
1365 1123 1476 1186 ononi

611 1223 815 1313 aptitadynak
830 1225 1077 1328 adomdoyoztu.
1096 1226 1194 1290 1225.

448 1425 487 1490 Iu
519 1422 646 1492 nomine
677 1421 795 1491 Sancte
826 1421 1007 1490 Trinitatis.
1033 1421 1116 1488 Beia
1147 1423 1209 1489 Dei
1239 1425 1354 1510 grauia
1384 1425 1473 1510 Rex,

345 1533 581 1618 primogenitus
612 1531 711 1616 Regis
750 1529 927 1616 Hungarie,
970 1529 1120 1598 omnibus
1160 1531 1203 1597 ad
1244 1553 1324 1616 quos
1358 1533 1474 1600 littere
1532 1519 1533 1522 ¹

344 1645 512 1725 presentes
528 1639 735 1726 pervenerint
753 1639 892 1706 salutem
908 1639 942 1704 in
959 1637 1110 1706 Domino.
1128 1636 1207 1706 Cum
1226 1641 1384 1722 Eoolesia,
1401 1661 1471 1724 que
1532 1671 1533 1680 ¹

344 1755 447 1813 mater
479 1754 528 1814 est
545 1748 698 1836 omnium,
730 1766 789 1833 per
803 1749 926 1832 Regum
945 1767 984 1814 ao
1001 1745 1156 1814 nobilium
1183 1747 1336 1815 dotalicia
1362 1750 1474 1816 soleat
1532 1745 1533 1834 ζ

342 1855 523 1941 sublimari,
554 1855 689 1942 dignum
720 1864 770 1924 est
800 1863 835 1922 nt
865 1877 923 1924 uos
955 1863 1021 1924 tam
1047 1855 1178 1942 nostris,
1211 1858 1475 1939 quumaliornm

343 1965 437 2033 iustis
461 1964 695 2034 donaoiouibus
720 1964 810 2053 pium
836 1965 1031 2050 preberemus
1058 1966 1213 2033 favorem.
1243 1967 1295 2033 Ad
1313 1967 1472 2034 noticiam

343 2073 443 2158 igitur
467 2077 689 2142 universorum
705 2074 853 2140 uolumus
884 2075 1072 2158 pervenire:
1099 2073 1275 2159 quodcum
1292 2074 1473 2143 biotmerus
1532 2151 1533 2154 Ἴ

344 2203 404 2269 per
421 2203 557 2251 examen
567 2181 680 2248 iudieii
696 2181 729 2246 in
748 2189 903 2250 nostrast
920 2188 1100 2248 nostrorum
1118 2183 1291 2266 presencia
1304 2181 1475 2265 quandam
1532 2211 1533 2220 2

343 2299 463 2360 terrum
503 2315 606 2378 suam,
648 2311 710 2377 qne
742 2296 791 2358 est
833 2291 896 2357 sita
937 2291 1024 2358 eirea
1054 2291 1194 2376 'Poplioa
1234 2291 1477 2368 Oanoffluioornm

343 2399 622 2488 Zagrabiensium,
657 2399 691 2465 in
727 2397 836 2466 duello
862 2405 975 2464 eontra
1009 2398 1231 2466 Christianum
1248 2398 1472 2486 perdidisset;

343 2505 474 2573 tandem
506 2515 609 2576 mater
640 2506 786 2574 eiusdem
802 2501 994 2592 M(otmerii)
1026 2505 1150 2574 dietum
1184 2505 1473 2574 christianornm

343 2615 464 2682 iniuria
495 2637 534 2683 ao
563 2615 760 2682 verecundia
790 2615 855 2681 sibi
885 2613 978 2682 illata
992 2614 1139 2698 graviter
1170 2615 1355 2700 impetebat,
1384 2615 1477 2697 quod

345 2723 446 2792 esiam
456 2721 499 2789 ud
514 2721 659 2790 duellum
672 2731 721 2791 est
736 2721 968 2790 adiudicatum.
982 2723 1086 2808 Super
1101 2743 1165 2806 quo
1178 2721 1280 2787 eoiam
1296 2728 1476 2808 postquam

344 2831 482 2914 ingressi
516 2831 656 2900 fuissent
680 2833 714 2898 in
740 2837 850 2898 nostra
884 2830 1054 2917 presencia
1077 2831 1185 2898 taliter
1200 2839 1475 2916 composuerunt:
1532 2855 1533 2860 ¹

345 2947 380 3007 ut
404 2939 486 3006 duas
512 2947 623 3026 partes
649 2947 827 3006 memorate
851 2944 936 3005 terre
952 2938 1048 3004 matri
1065 2935 1257 3026 M(otmerii)
1273 2958 1331 3024 pro
1348 2938 1476 3005 iniuria

345 3049 443 3116 illata
476 3047 615 3116 restituit
647 3045 860 3114 Christianus.
891 3045 1040 3112 Tandem
1084 3065 1160 3113 vero
1193 3047 1306 3113 eadem
1339 3045 1476 3113 domina

344 3155 469 3224 seilicet
487 3165 589 3223 mater
605 3151 808 3244 (biotmerii),
826 3154 869 3220 ad
885 3175 945 3220 nos
961 3151 1128 3237 accedens,
1146 3155 1279 3241 propriu
1301 3153 1474 3222 voluntate

344 3265 560 3352 sepedictam
584 3273 703 3332 terram
720 3263 872 3348 Capitulo
892 3261 1106 3346 Zagrabiensi
1123 3281 1180 3346 pro
1196 3263 1340 3329 remedio
1357 3265 1469 3328 anime

343 3393 401 3441 sne
430 3371 623 3456 assignarit,
655 3371 716 3438 tali
748 3369 855 3438 forma
884 3369 1135 3438 interveniente:
1168 3378 1213 3456 ut,
1228 3369 1383 3454 quamdiu
1408 3371 1472 3437 sibi

344 3481 412 3546 vita
438 3499 546 3546 eomes
572 3478 734 3566 existeret,
758 3485 934 3564 proventus
950 3479 1039 3545 iliius
1067 3491 1152 3544 terre
1177 3479 1237 3544 sub
1263 3477 1474 3565 proteeeioue

343 3587 439 3655 Eoeie
452 3587 488 3653 ie
519 3585 581 3653 sibi
613 3586 759 3670 plenarie
791 3586 955 3673 oederent,
986 3591 1061 3672 post
1091 3591 1225 3652 mortem
1257 3595 1368 3654 autem
1400 3587 1473 3654 eius

343 3692 497 3760 Ecclesia
507 3692 737 3777 Zagrabiensis
747 3700 924 3780 perpetuus
936 3693 1090 3761 existeret
1100 3713 1158 3780 per
1168 3695 1277 3760 omnia
1287 3715 1473 3781 possessor5

345 3802 474 3868 anobis
490 3800 659 3868 humiliter
685 3801 864 3889 postulans,
880 3809 915 3868 ut
931 3807 1077 3874 nostrum
1103 3822 1202 3887 super
1218 3801 1281 3868 hoo
1296 3821 1470 3870 assensum
1532 3883 1533 3888 ἵ

346 3918 379 3977 et
409 3909 688 3978 confirmacionem
721 3911 938 3995 preberemus.
965 3909 1034 3978 Nos
1065 3917 1173 3978 autem
1199 3911 1309 3976 habito
1336 3911 1473 3977 oonsilio

346 4029 528 4085 nostrorum
554 4019 782 4106 Jobagiouum,
813 4025 879 4084 tam
912 4015 1115 4102 Ungarorum
1146 4039 1243 4103 quam
1275 4018 1474 4103 selavorum,

342 4131 418 4192 tuno
429 4125 582 4212 temporis
595 4127 682 4193 cirea
692 4145 751 4192 nos
767 4124 988 4209 existonoium,
999 4125 1117 4192 iustam
1128 4145 1168 4191 ae
1179 4125 1265 4211 piam
1275 4125 1470 4211 petioionem
1532 4121 1533 4124 ’

342 4234 431 4303 iliius
448 4233 580 4302 domine
596 4234 819 4322 decernentes,
830 4233 971 4318 benigne
980 4233 1180 4318 admisimus,
1196 4253 1238 4300 ne
1256 4235 1289 4299 in
1305 4241 1473 4320 posterum

343 4349 384 4414 ab
409 4345 520 4428 aliquo
545 4343 648 4430 possit
677 4343 859 4430 retraetari,
897 4343 1037 4431 presenti
1066 4343 1238 4429 privilegio
1266 4344 1472 4412 roborantes.

343 4453 442 4525 Ouios
473 4461 557 4519 terre
589 4451 697 4540 prima
726 4459 814 4519 meta
845 4452 960 4538 inoipit
992 4474 1013 4518 a
1043 4449 1156 4517 Bedna
1187 4471 1301 4519 vorsus
1327 4451 1467 4520 rivulum
