<?xml version="1.0" encoding="UTF-8"?>
<!DOCTYPE html PUBLIC "-//W3C//DTD XHTML 1.0 Transitional//EN"
    "http://www.w3.org/TR/xhtml1/DTD/xhtml1-transitional.dtd">
<html xmlns="http://www.w3.org/1999/xhtml" xml:lang="en" lang="en">
 <head>
  <title>
</title>
<meta http-equiv="Content-Type" content="text/html;charset=utf-8" />
  <meta name='ocr-system' content='tesseract 3.04.00' />
  <meta name='ocr-capabilities' content='ocr_page ocr_carea ocr_par ocr_line ocrx_word'/>
</head>
<body>
  <div class='ocr_page' id='page_1' title='image "./codexdiplomatic10wenzgoog_0500.png"; bbox 0 0 3150 5162; ppageno 0'>
   <div class='ocr_carea' id='block_1_1' title="bbox 625 293 786 394">
    <p class='ocr_par' dir='ltr' id='par_1_1' title="bbox 625 293 786 394">
     <span class='ocr_line' id='line_1_1' title="bbox 625 293 786 394; baseline -0.012 -33"><span class='ocrx_word' id='word_1_1' title='bbox 625 293 786 394; x_wconf 40' lang='lat' dir='ltr'>„geo-</span> 
     </span>
    </p>
   </div>
   <div class='ocr_carea' id='block_1_2' title="bbox 137 485 1288 4002">
    <p class='ocr_par' dir='ltr' id='par_1_2' title="bbox 137 485 1288 4002">
     <span class='ocr_line' id='line_1_2' title="bbox 137 485 1280 574; baseline 0.003 -21"><span class='ocrx_word' id='word_1_2' title='bbox 137 487 272 572; x_wconf 78' lang='lat' dir='ltr'>habere,</span> <span class='ocrx_word' id='word_1_3' title='bbox 288 486 368 572; x_wconf 87' lang='lat' dir='ltr'>quid</span> <span class='ocrx_word' id='word_1_4' title='bbox 383 506 442 572; x_wconf 93' lang='lat' dir='ltr'>pro</span> <span class='ocrx_word' id='word_1_5' title='bbox 458 485 581 555; x_wconf 90' lang='lat' dir='ltr'>meritis</span> <span class='ocrx_word' id='word_1_6' title='bbox 597 486 796 574; x_wconf 89' lang='lat' dir='ltr'>respondere</span> <span class='ocrx_word' id='word_1_7' title='bbox 811 488 921 555; x_wconf 87' lang='lat' dir='ltr'>ualeat</span> <span class='ocrx_word' id='word_1_8' title='bbox 938 490 1098 573; x_wconf 85' lang='lat' dir='ltr'>creatori;</span> <span class='ocrx_word' id='word_1_9' title='bbox 1113 493 1280 556; x_wconf 71' lang='lat' dir='ltr'>ettamen-</span> 
     </span>
     <span class='ocr_line' id='line_1_3' title="bbox 142 591 1281 680; baseline 0.001 -19"><span class='ocrx_word' id='word_1_10' title='bbox 142 593 332 677; x_wconf 79' lang='lat' dir='ltr'><strong>aliqualiter</strong></span> <span class='ocrx_word' id='word_1_11' title='bbox 347 591 546 678; x_wconf 89' lang='lat' dir='ltr'>reuereucis,</span> <span class='ocrx_word' id='word_1_12' title='bbox 577 613 674 676; x_wconf 89' lang='lat' dir='ltr'>quam</span> <span class='ocrx_word' id='word_1_13' title='bbox 691 612 771 678; x_wconf 86' lang='lat' dir='ltr'>erga</span> <span class='ocrx_word' id='word_1_14' title='bbox 796 593 903 680; x_wconf 88' lang='lat' dir='ltr'>ipsam</span> <span class='ocrx_word' id='word_1_15' title='bbox 928 601 1073 661; x_wconf 86' lang='lat' dir='ltr'>nostram</span> <span class='ocrx_word' id='word_1_16' title='bbox 1105 593 1281 662; x_wconf 78' lang='lat' dir='ltr'>dominam·-</span> 
     </span>
     <span class='ocr_line' id='line_1_4' title="bbox 139 697 1272 787; baseline 0.002 -21"><span class='ocrx_word' id='word_1_17' title='bbox 139 700 310 785; x_wconf 87' lang='lat' dir='ltr'>Virginem</span> <span class='ocrx_word' id='word_1_18' title='bbox 326 698 469 783; x_wconf 77' lang='lat' dir='ltr'>gerimus</span> <span class='ocrx_word' id='word_1_19' title='bbox 486 697 683 786; x_wconf 82' lang='lat' dir='ltr'>Gloriosam,</span> <span class='ocrx_word' id='word_1_20' title='bbox 710 699 925 768; x_wconf 89' lang='lat' dir='ltr'>exhibeamus</span> <span class='ocrx_word' id='word_1_21' title='bbox 957 700 1143 787; x_wconf 87' lang='lat' dir='ltr'>expressius</span> <span class='ocrx_word' id='word_1_22' title='bbox 1174 720 1272 786; x_wconf 87' lang='lat' dir='ltr'>argu-</span> 
     </span>
     <span class='ocr_line' id='line_1_5' title="bbox 142 803 1270 892; baseline 0.001 -20"><span class='ocrx_word' id='word_1_23' title='bbox 142 814 307 890; x_wconf 89' lang='lat' dir='ltr'>mentum;</span> <span class='ocrx_word' id='word_1_24' title='bbox 331 804 430 871; x_wconf 87' lang='lat' dir='ltr'>tiliam</span> <span class='ocrx_word' id='word_1_25' title='bbox 447 811 592 873; x_wconf 90' lang='lat' dir='ltr'>nostram</span> <span class='ocrx_word' id='word_1_26' title='bbox 608 803 820 874; x_wconf 79' lang='lat' dir='ltr'><strong>karissimam</strong></span> <span class='ocrx_word' id='word_1_27' title='bbox 850 805 1017 877; x_wconf 89' lang='lat' dir='ltr'>dominam</span> <span class='ocrx_word' id='word_1_28' title='bbox 1047 807 1270 892; x_wconf 87' lang='lat' dir='ltr'>Margaretam</span> 
     </span>
     <span class='ocr_line' id='line_1_6' title="bbox 141 911 1269 1000; baseline 0.003 -21"><span class='ocrx_word' id='word_1_29' title='bbox 141 915 228 980; x_wconf 88' lang='lat' dir='ltr'>inter</span> <span class='ocrx_word' id='word_1_30' title='bbox 243 931 372 980; x_wconf 89' lang='lat' dir='ltr'>sorores</span> <span class='ocrx_word' id='word_1_31' title='bbox 387 912 420 979; x_wconf 93' lang='lat' dir='ltr'>iu</span> <span class='ocrx_word' id='word_1_32' title='bbox 437 913 509 998; x_wconf 91' lang='lat' dir='ltr'>ipso</span> <span class='ocrx_word' id='word_1_33' title='bbox 525 911 724 982; x_wconf 84' lang='lat' dir='ltr'>Monasterio</span> <span class='ocrx_word' id='word_1_34' title='bbox 740 915 801 981; x_wconf 90' lang='lat' dir='ltr'>sub</span> <span class='ocrx_word' id='word_1_35' title='bbox 832 913 979 1000; x_wconf 83' lang='lat' dir='ltr'>religiosi</span> <span class='ocrx_word' id='word_1_36' title='bbox 1009 913 1140 982; x_wconf 89' lang='lat' dir='ltr'>habitus</span> <span class='ocrx_word' id='word_1_37' title='bbox 1171 915 1269 982; x_wconf 87' lang='lat' dir='ltr'>hone·</span> 
     </span>
     <span class='ocr_line' id='line_1_7' title="bbox 145 1017 1285 1108; baseline 0.003 -21"><span class='ocrx_word' id='word_1_38' title='bbox 145 1025 231 1088; x_wconf 87' lang='lat' dir='ltr'>state</span> <span class='ocrx_word' id='word_1_39' title='bbox 247 1019 381 1087; x_wconf 88' lang='lat' dir='ltr'>Domini</span> <span class='ocrx_word' id='word_1_40' title='bbox 396 1021 498 1087; x_wconf 77' lang='lat' dir='ltr'>nostri</span> <span class='ocrx_word' id='word_1_41' title='bbox 514 1024 547 1086; x_wconf 88' lang='lat' dir='ltr'>ct</span> <span class='ocrx_word' id='word_1_42' title='bbox 572 1017 748 1088; x_wconf 82' lang='lat' dir='ltr'>(ienitrieis</span> <span class='ocrx_word' id='word_1_43' title='bbox 779 1019 935 1108; x_wconf 91' lang='lat' dir='ltr'>eiusdem,</span> <span class='ocrx_word' id='word_1_44' title='bbox 965 1019 1092 1104; x_wconf 85' lang='lat' dir='ltr'>Regius</span> <span class='ocrx_word' id='word_1_45' title='bbox 1123 1019 1285 1108; x_wconf 80' lang='lat' dir='ltr'>Gelestis„</span> 
     </span>
     <span class='ocr_line' id='line_1_8' title="bbox 143 1124 1271 1214; baseline 0.003 -22"><span class='ocrx_word' id='word_1_46' title='bbox 143 1124 327 1194; x_wconf 91' lang='lat' dir='ltr'>studuimus</span> <span class='ocrx_word' id='word_1_47' title='bbox 343 1126 508 1214; x_wconf 87' lang='lat' dir='ltr'>obsequijs</span> <span class='ocrx_word' id='word_1_48' title='bbox 525 1126 694 1214; x_wconf 89' lang='lat' dir='ltr'>deputare,</span> <span class='ocrx_word' id='word_1_49' title='bbox 726 1133 762 1194; x_wconf 86' lang='lat' dir='ltr'>vt</span> <span class='ocrx_word' id='word_1_50' title='bbox 777 1127 917 1212; x_wconf 85' lang='lat' dir='ltr'>uirginis</span> <span class='ocrx_word' id='word_1_51' title='bbox 933 1127 1024 1195; x_wconf 88' lang='lat' dir='ltr'>vocis</span> <span class='ocrx_word' id='word_1_52' title='bbox 1049 1145 1172 1212; x_wconf 81' lang='lat' dir='ltr'>organo</span> <span class='ocrx_word' id='word_1_53' title='bbox 1203 1129 1271 1196; x_wconf 89' lang='lat' dir='ltr'>lau-</span> 
     </span>
     <span class='ocr_line' id='line_1_9' title="bbox 146 1231 1269 1318; baseline 0.004 -21"><span class='ocrx_word' id='word_1_54' title='bbox 146 1232 202 1300; x_wconf 93' lang='lat' dir='ltr'>det</span> <span class='ocrx_word' id='word_1_55' title='bbox 226 1233 400 1318; x_wconf 90' lang='lat' dir='ltr'>uirginem,</span> <span class='ocrx_word' id='word_1_56' title='bbox 426 1240 459 1300; x_wconf 89' lang='lat' dir='ltr'>et</span> <span class='ocrx_word' id='word_1_57' title='bbox 473 1252 494 1299; x_wconf 86' lang='lat' dir='ltr'>a</span> <span class='ocrx_word' id='word_1_58' title='bbox 509 1239 613 1301; x_wconf 89' lang='lat' dir='ltr'>matre</span> <span class='ocrx_word' id='word_1_59' title='bbox 628 1231 851 1302; x_wconf 85' lang='lat' dir='ltr'>misericordie</span> <span class='ocrx_word' id='word_1_60' title='bbox 868 1231 1122 1303; x_wconf 88' lang='lat' dir='ltr'>misericordiam</span> <span class='ocrx_word' id='word_1_61' title='bbox 1137 1240 1269 1318; x_wconf 77' lang='lat' dir='ltr'>satagat</span> 
     </span>
     <span class='ocr_line' id='line_1_10' title="bbox 145 1338 1285 1427; baseline -0.002 -23"><span class='ocrx_word' id='word_1_62' title='bbox 145 1338 333 1424; x_wconf 88' lang='lat' dir='ltr'>implorare.</span> <span class='ocrx_word' id='word_1_63' title='bbox 356 1338 476 1407; x_wconf 88' lang='lat' dir='ltr'>Verum</span> <span class='ocrx_word' id='word_1_64' title='bbox 492 1341 571 1426; x_wconf 87' lang='lat' dir='ltr'>quia</span> <span class='ocrx_word' id='word_1_65' title='bbox 586 1339 774 1426; x_wconf 77' lang='lat' dir='ltr'>religiosam</span> <span class='ocrx_word' id='word_1_66' title='bbox 790 1340 892 1408; x_wconf 84' lang='lat' dir='ltr'>uitam</span> <span class='ocrx_word' id='word_1_67' title='bbox 909 1339 1102 1409; x_wconf 86' lang='lat' dir='ltr'>ducentibus</span> <span class='ocrx_word' id='word_1_68' title='bbox 1128 1344 1285 1427; x_wconf 86' lang='lat' dir='ltr'>congrua.</span> 
     </span>
     <span class='ocr_line' id='line_1_11' title="bbox 144 1444 1286 1535; baseline 0.004 -23"><span class='ocrx_word' id='word_1_69' title='bbox 144 1446 301 1515; x_wconf 89' lang='lat' dir='ltr'>debemus</span> <span class='ocrx_word' id='word_1_70' title='bbox 317 1444 582 1516; x_wconf 78' lang='lat' dir='ltr'>consideracione</span> <span class='ocrx_word' id='word_1_71' title='bbox 596 1447 795 1535; x_wconf 86' lang='lat' dir='ltr'>prospicere,</span> <span class='ocrx_word' id='word_1_72' title='bbox 811 1466 854 1514; x_wconf 91' lang='lat' dir='ltr'>ne</span> <span class='ocrx_word' id='word_1_73' title='bbox 870 1445 1044 1514; x_wconf 87' lang='lat' dir='ltr'>cuiuslibet</span> <span class='ocrx_word' id='word_1_74' title='bbox 1067 1446 1286 1518; x_wconf 80' lang='lat' dir='ltr'>necessitatis</span> 
     </span>
     <span class='ocr_line' id='line_1_12' title="bbox 145 1550 1271 1641; baseline -0.002 -20"><span class='ocrx_word' id='word_1_75' title='bbox 145 1554 277 1621; x_wconf 86' lang='lat' dir='ltr'>occasio</span> <span class='ocrx_word' id='word_1_76' title='bbox 292 1573 352 1638; x_wconf 91' lang='lat' dir='ltr'>pro</span> <span class='ocrx_word' id='word_1_77' title='bbox 369 1550 500 1622; x_wconf 85' lang='lat' dir='ltr'>deicolo</span> <span class='ocrx_word' id='word_1_78' title='bbox 516 1552 755 1639; x_wconf 85' lang='lat' dir='ltr'>temporalium,</span> <span class='ocrx_word' id='word_1_79' title='bbox 785 1552 858 1622; x_wconf 90' lang='lat' dir='ltr'>sins</span> <span class='ocrx_word' id='word_1_80' title='bbox 874 1552 991 1638; x_wconf 91' lang='lat' dir='ltr'>quibus</span> <span class='ocrx_word' id='word_1_81' title='bbox 1022 1552 1208 1641; x_wconf 87' lang='lat' dir='ltr'>spiritualia</span> <span class='ocrx_word' id='word_1_82' title='bbox 1237 1555 1271 1622; x_wconf 92' lang='lat' dir='ltr'>in</span> 
     </span>
     <span class='ocr_line' id='line_1_13' title="bbox 144 1659 1273 1750; baseline 0.004 -24"><span class='ocrx_word' id='word_1_83' title='bbox 144 1660 206 1727; x_wconf 90' lang='lat' dir='ltr'>hoc</span> <span class='ocrx_word' id='word_1_84' title='bbox 221 1659 351 1727; x_wconf 88' lang='lat' dir='ltr'>mortali</span> <span class='ocrx_word' id='word_1_85' title='bbox 367 1680 501 1748; x_wconf 86' lang='lat' dir='ltr'>corpore</span> <span class='ocrx_word' id='word_1_86' title='bbox 516 1682 581 1730; x_wconf 94' lang='lat' dir='ltr'>uon</span> <span class='ocrx_word' id='word_1_87' title='bbox 598 1661 790 1750; x_wconf 88' lang='lat' dir='ltr'>subsistunt,</span> <span class='ocrx_word' id='word_1_88' title='bbox 820 1664 919 1730; x_wconf 90' lang='lat' dir='ltr'>robur</span> <span class='ocrx_word' id='word_1_89' title='bbox 935 1668 1051 1732; x_wconf 88' lang='lat' dir='ltr'>sancte</span> <span class='ocrx_word' id='word_1_90' title='bbox 1066 1663 1100 1730; x_wconf 93' lang='lat' dir='ltr'>in</span> <span class='ocrx_word' id='word_1_91' title='bbox 1126 1663 1174 1731; x_wconf 89' lang='lat' dir='ltr'>eis</span> <span class='ocrx_word' id='word_1_92' title='bbox 1199 1682 1273 1732; x_wconf 90' lang='lat' dir='ltr'>eon·</span> 
     </span>
     <span class='ocr_line' id='line_1_14' title="bbox 146 1767 1287 1856; baseline 0.006 -25"><span class='ocrx_word' id='word_1_93' title='bbox 146 1767 377 1854; x_wconf 76' lang='lat' dir='ltr'>temptationis</span> <span class='ocrx_word' id='word_1_94' title='bbox 392 1767 573 1854; x_wconf 73' lang='lat' dir='ltr'>dissoluat,</span> <span class='ocrx_word' id='word_1_95' title='bbox 596 1769 803 1856; x_wconf 92' lang='lat' dir='ltr'>contulimus,</span> <span class='ocrx_word' id='word_1_96' title='bbox 835 1767 984 1838; x_wconf 87' lang='lat' dir='ltr'>dedimus</span> <span class='ocrx_word' id='word_1_97' title='bbox 1015 1775 1049 1840; x_wconf 91' lang='lat' dir='ltr'>et</span> <span class='ocrx_word' id='word_1_98' title='bbox 1081 1771 1287 1838; x_wconf 87' lang='lat' dir='ltr'>donauimus·</span> 
     </span>
     <span class='ocr_line' id='line_1_15' title="bbox 144 1873 1274 1964; baseline 0.002 -22"><span class='ocrx_word' id='word_1_99' title='bbox 144 1874 250 1942; x_wconf 89' lang='lat' dir='ltr'>cidem</span> <span class='ocrx_word' id='word_1_100' title='bbox 266 1874 462 1944; x_wconf 84' lang='lat' dir='ltr'>lionasterio</span> <span class='ocrx_word' id='word_1_101' title='bbox 478 1875 591 1943; x_wconf 86' lang='lat' dir='ltr'>listris</span> <span class='ocrx_word' id='word_1_102' title='bbox 606 1873 732 1961; x_wconf 83' lang='lat' dir='ltr'>Regius</span> <span class='ocrx_word' id='word_1_103' title='bbox 747 1874 885 1944; x_wconf 80' lang='lat' dir='ltr'>celestis</span> <span class='ocrx_word' id='word_1_104' title='bbox 900 1875 934 1943; x_wconf 93' lang='lat' dir='ltr'>in</span> <span class='ocrx_word' id='word_1_105' title='bbox 950 1883 1141 1964; x_wconf 89' lang='lat' dir='ltr'>perpetuam</span> <span class='ocrx_word' id='word_1_106' title='bbox 1157 1877 1274 1946; x_wconf 90' lang='lat' dir='ltr'>elemo-</span> 
     </span>
     <span class='ocr_line' id='line_1_16' title="bbox 147 1981 1273 2071; baseline -0.001 -20"><span class='ocrx_word' id='word_1_107' title='bbox 147 1983 255 2051; x_wconf 89' lang='lat' dir='ltr'>sinarn</span> <span class='ocrx_word' id='word_1_108' title='bbox 270 1981 382 2071; x_wconf 82' lang='lat' dir='ltr'>villas,</span> <span class='ocrx_word' id='word_1_109' title='bbox 399 2002 537 2069; x_wconf 90' lang='lat' dir='ltr'>quarum</span> <span class='ocrx_word' id='word_1_110' title='bbox 553 1982 685 2051; x_wconf 90' lang='lat' dir='ltr'>nomina</span> <span class='ocrx_word' id='word_1_111' title='bbox 700 1981 778 2050; x_wconf 87' lang='lat' dir='ltr'>ilico</span> <span class='ocrx_word' id='word_1_112' title='bbox 795 1981 1020 2052; x_wconf 88' lang='lat' dir='ltr'>subiicientur.</span> <span class='ocrx_word' id='word_1_113' title='bbox 1057 1983 1216 2052; x_wconf 90' lang='lat' dir='ltr'>Dedimus</span> <span class='ocrx_word' id='word_1_114' title='bbox 1232 1985 1273 2052; x_wconf 94' lang='lat' dir='ltr'>si·</span> 
     </span>
     <span class='ocr_line' id='line_1_17' title="bbox 145 2089 1287 2176; baseline -0.001 -18"><span class='ocrx_word' id='word_1_115' title='bbox 145 2089 279 2175; x_wconf 85' lang='lat' dir='ltr'>quidem</span> <span class='ocrx_word' id='word_1_116' title='bbox 294 2096 397 2158; x_wconf 88' lang='lat' dir='ltr'>terras</span> <span class='ocrx_word' id='word_1_117' title='bbox 413 2091 510 2158; x_wconf 85' lang='lat' dir='ltr'>Vular</span> <span class='ocrx_word' id='word_1_118' title='bbox 526 2098 559 2158; x_wconf 89' lang='lat' dir='ltr'>et</span> <span class='ocrx_word' id='word_1_119' title='bbox 583 2089 642 2158; x_wconf 86' lang='lat' dir='ltr'>Sul</span> <span class='ocrx_word' id='word_1_120' title='bbox 672 2095 806 2159; x_wconf 86' lang='lat' dir='ltr'>vocatas</span> <span class='ocrx_word' id='word_1_121' title='bbox 839 2091 925 2159; x_wconf 85' lang='lat' dir='ltr'>ultra</span> <span class='ocrx_word' id='word_1_122' title='bbox 955 2091 1142 2160; x_wconf 87' lang='lat' dir='ltr'>Danubium</span> <span class='ocrx_word' id='word_1_123' title='bbox 1172 2107 1287 2176; x_wconf 91' lang='lat' dir='ltr'>prope·</span> 
     </span>
     <span class='ocr_line' id='line_1_18' title="bbox 145 2195 1287 2283; baseline -0.002 -17"><span class='ocrx_word' id='word_1_124' title='bbox 145 2199 260 2266; x_wconf 86' lang='lat' dir='ltr'>uillam</span> <span class='ocrx_word' id='word_1_125' title='bbox 276 2195 405 2266; x_wconf 84' lang='lat' dir='ltr'>Ueteris</span> <span class='ocrx_word' id='word_1_126' title='bbox 420 2195 497 2265; x_wconf 91' lang='lat' dir='ltr'>Pest</span> <span class='ocrx_word' id='word_1_127' title='bbox 513 2196 708 2282; x_wconf 63' lang='lat' dir='ltr'>existentem</span> <span class='ocrx_word' id='word_1_128' title='bbox 732 2196 810 2265; x_wconf 89' lang='lat' dir='ltr'>item</span> <span class='ocrx_word' id='word_1_129' title='bbox 826 2203 930 2266; x_wconf 86' lang='lat' dir='ltr'>terras</span> <span class='ocrx_word' id='word_1_130' title='bbox 945 2197 1120 2283; x_wconf 78' lang='lat' dir='ltr'>Scpngsta,</span> <span class='ocrx_word' id='word_1_131' title='bbox 1151 2197 1287 2265; x_wconf 85' lang='lat' dir='ltr'>Nemus-</span> 
     </span>
     <span class='ocr_line' id='line_1_19' title="bbox 146 2303 1276 2392; baseline -0.004 -18"><span class='ocrx_word' id='word_1_132' title='bbox 146 2315 178 2376; x_wconf 89' lang='lat' dir='ltr'>et</span> <span class='ocrx_word' id='word_1_133' title='bbox 192 2307 310 2392; x_wconf 80' lang='lat' dir='ltr'>liogus</span> <span class='ocrx_word' id='word_1_134' title='bbox 326 2310 458 2374; x_wconf 62' lang='lat' dir='ltr'>vocans</span> <span class='ocrx_word' id='word_1_135' title='bbox 473 2303 565 2372; x_wconf 90' lang='lat' dir='ltr'>iuxta</span> <span class='ocrx_word' id='word_1_136' title='bbox 580 2305 709 2390; x_wconf 87' lang='lat' dir='ltr'>Raeus;</span> <span class='ocrx_word' id='word_1_137' title='bbox 734 2310 855 2373; x_wconf 88' lang='lat' dir='ltr'>terram</span> <span class='ocrx_word' id='word_1_138' title='bbox 870 2305 1004 2392; x_wconf 88' lang='lat' dir='ltr'>insuper</span> <span class='ocrx_word' id='word_1_139' title='bbox 1034 2303 1149 2373; x_wconf 88' lang='lat' dir='ltr'>Vkurd</span> <span class='ocrx_word' id='word_1_140' title='bbox 1180 2322 1276 2371; x_wconf 89' lang='lat' dir='ltr'>uoca-</span> 
     </span>
     <span class='ocr_line' id='line_1_20' title="bbox 145 2409 1276 2482; baseline -0.005 0"><span class='ocrx_word' id='word_1_141' title='bbox 145 2423 212 2482; x_wconf 85' lang='lat' dir='ltr'>tam</span> <span class='ocrx_word' id='word_1_142' title='bbox 227 2414 323 2480; x_wconf 83' lang='lat' dir='ltr'>iuxta</span> <span class='ocrx_word' id='word_1_143' title='bbox 339 2409 512 2480; x_wconf 84' lang='lat' dir='ltr'>Akusnere</span> <span class='ocrx_word' id='word_1_144' title='bbox 528 2412 721 2480; x_wconf 85' lang='lat' dir='ltr'>existentem</span> <span class='ocrx_word' id='word_1_145' title='bbox 737 2410 887 2481; x_wconf 88' lang='lat' dir='ltr'>dedimus</span> <span class='ocrx_word' id='word_1_146' title='bbox 897 2409 1276 2482; x_wconf 81' lang='lat' dir='ltr'>llonasteriosutedieto.</span> 
     </span>
     <span class='ocr_line' id='line_1_21' title="bbox 148 2517 1281 2608; baseline -0.003 -19"><span class='ocrx_word' id='word_1_147' title='bbox 148 2522 189 2589; x_wconf 74' lang='lat' dir='ltr'>lit</span> <span class='ocrx_word' id='word_1_148' title='bbox 204 2520 283 2605; x_wconf 85' lang='lat' dir='ltr'>quis</span> <span class='ocrx_word' id='word_1_149' title='bbox 298 2517 457 2588; x_wconf 81' lang='lat' dir='ltr'>beneficia</span> <span class='ocrx_word' id='word_1_150' title='bbox 472 2518 609 2608; x_wconf 82' lang='lat' dir='ltr'>Regum,</span> <span class='ocrx_word' id='word_1_151' title='bbox 623 2517 795 2606; x_wconf 85' lang='lat' dir='ltr'>presertim</span> <span class='ocrx_word' id='word_1_152' title='bbox 812 2539 875 2605; x_wconf 83' lang='lat' dir='ltr'>que</span> <span class='ocrx_word' id='word_1_153' title='bbox 891 2520 1051 2607; x_wconf 82' lang='lat' dir='ltr'>Ecclesijs</span> <span class='ocrx_word' id='word_1_154' title='bbox 1068 2527 1100 2589; x_wconf 90' lang='lat' dir='ltr'>et</span> <span class='ocrx_word' id='word_1_155' title='bbox 1115 2519 1193 2606; x_wconf 88' lang='lat' dir='ltr'>alijs</span> <span class='ocrx_word' id='word_1_156' title='bbox 1208 2519 1281 2607; x_wconf 90' lang='lat' dir='ltr'>pijs</span> 
     </span>
     <span class='ocr_line' id='line_1_22' title="bbox 149 2623 1278 2714; baseline -0.003 -17"><span class='ocrx_word' id='word_1_157' title='bbox 149 2629 230 2698; x_wconf 90' lang='lat' dir='ltr'>locis</span> <span class='ocrx_word' id='word_1_158' title='bbox 247 2623 475 2714; x_wconf 87' lang='lat' dir='ltr'>inpenduntur,</span> <span class='ocrx_word' id='word_1_159' title='bbox 507 2624 627 2695; x_wconf 89' lang='lat' dir='ltr'>debent</span> <span class='ocrx_word' id='word_1_160' title='bbox 642 2625 757 2695; x_wconf 85' lang='lat' dir='ltr'>fauore</span> <span class='ocrx_word' id='word_1_161' title='bbox 771 2624 928 2694; x_wconf 91' lang='lat' dir='ltr'>beniuolo</span> <span class='ocrx_word' id='word_1_162' title='bbox 944 2627 1077 2695; x_wconf 88' lang='lat' dir='ltr'>extendi</span> <span class='ocrx_word' id='word_1_163' title='bbox 1107 2627 1212 2698; x_wconf 87' lang='lat' dir='ltr'>lacius</span> <span class='ocrx_word' id='word_1_164' title='bbox 1243 2633 1278 2696; x_wconf 91' lang='lat' dir='ltr'>et</span> 
     </span>
     <span class='ocr_line' id='line_1_23' title="bbox 149 2733 1275 2820; baseline -0.004 -13"><span class='ocrx_word' id='word_1_165' title='bbox 149 2738 294 2820; x_wconf 81' lang='lat' dir='ltr'>firmari3</span> <span class='ocrx_word' id='word_1_166' title='bbox 319 2754 430 2804; x_wconf 91' lang='lat' dir='ltr'>omnes</span> <span class='ocrx_word' id='word_1_167' title='bbox 444 2735 623 2820; x_wconf 91' lang='lat' dir='ltr'>premissas</span> <span class='ocrx_word' id='word_1_168' title='bbox 654 2741 757 2804; x_wconf 85' lang='lat' dir='ltr'>terras</span> <span class='ocrx_word' id='word_1_169' title='bbox 789 2734 988 2804; x_wconf 86' lang='lat' dir='ltr'>contulimus</span> <span class='ocrx_word' id='word_1_170' title='bbox 1019 2755 1093 2804; x_wconf 84' lang='lat' dir='ltr'>curn</span> <span class='ocrx_word' id='word_1_171' title='bbox 1125 2733 1275 2806; x_wconf 92' lang='lat' dir='ltr'>omnibus</span> 
     </span>
     <span class='ocr_line' id='line_1_24' title="bbox 149 2841 1288 2930; baseline -0.004 -16"><span class='ocrx_word' id='word_1_172' title='bbox 149 2844 346 2914; x_wconf 86' lang='lat' dir='ltr'>utilitatibus</span> <span class='ocrx_word' id='word_1_173' title='bbox 363 2849 396 2910; x_wconf 89' lang='lat' dir='ltr'>et</span> <span class='ocrx_word' id='word_1_174' title='bbox 412 2843 635 2930; x_wconf 77' lang='lat' dir='ltr'>pertinenciis,</span> <span class='ocrx_word' id='word_1_175' title='bbox 650 2841 710 2910; x_wconf 89' lang='lat' dir='ltr'>sub</span> <span class='ocrx_word' id='word_1_176' title='bbox 727 2841 850 2910; x_wconf 90' lang='lat' dir='ltr'>eisdem</span> <span class='ocrx_word' id='word_1_177' title='bbox 867 2841 963 2911; x_wconf 89' lang='lat' dir='ltr'>metis</span> <span class='ocrx_word' id='word_1_178' title='bbox 981 2841 1288 2911; x_wconf 88' lang='lat' dir='ltr'>etlimitaeionibus-</span> 
     </span>
     <span class='ocr_line' id='line_1_25' title="bbox 149 2947 1276 3041; baseline -0.004 -21"><span class='ocrx_word' id='word_1_179' title='bbox 149 2955 213 3041; x_wconf 92' lang='lat' dir='ltr'>ipsi</span> <span class='ocrx_word' id='word_1_180' title='bbox 228 2949 427 3020; x_wconf 83' lang='lat' dir='ltr'>Monasterio</span> <span class='ocrx_word' id='word_1_181' title='bbox 441 2956 601 3038; x_wconf 88' lang='lat' dir='ltr'>perpetuo</span> <span class='ocrx_word' id='word_1_182' title='bbox 616 2948 756 3017; x_wconf 87' lang='lat' dir='ltr'>ualiture</span> <span class='ocrx_word' id='word_1_183' title='bbox 773 2947 964 3018; x_wconf 86' lang='lat' dir='ltr'>donacionis</span> <span class='ocrx_word' id='word_1_184' title='bbox 979 2949 1074 3018; x_wconf 90' lang='lat' dir='ltr'>titulo</span> <span class='ocrx_word' id='word_1_185' title='bbox 1090 2949 1180 3036; x_wconf 92' lang='lat' dir='ltr'>apud</span> <span class='ocrx_word' id='word_1_186' title='bbox 1189 2947 1276 3016; x_wconf 91' lang='lat' dir='ltr'>idem</span> 
     </span>
     <span class='ocr_line' id='line_1_26' title="bbox 150 3053 1276 3142; baseline -0.004 -15"><span class='ocrx_word' id='word_1_187' title='bbox 150 3057 386 3130; x_wconf 83' lang='lat' dir='ltr'>inuiolabiliter</span> <span class='ocrx_word' id='word_1_188' title='bbox 401 3057 585 3125; x_wconf 82' lang='lat' dir='ltr'>duraturas.</span> <span class='ocrx_word' id='word_1_189' title='bbox 609 3057 661 3124; x_wconf 86' lang='lat' dir='ltr'>Ne</span> <span class='ocrx_word' id='word_1_190' title='bbox 675 3053 776 3141; x_wconf 83' lang='lat' dir='ltr'>igitur</span> <span class='ocrx_word' id='word_1_191' title='bbox 790 3054 1021 3142; x_wconf 87' lang='lat' dir='ltr'>premissorum</span> <span class='ocrx_word' id='word_1_192' title='bbox 1036 3053 1138 3124; x_wconf 90' lang='lat' dir='ltr'>series</span> <span class='ocrx_word' id='word_1_193' title='bbox 1147 3073 1276 3124; x_wconf 88' lang='lat' dir='ltr'>sucees-</span> 
     </span>
     <span class='ocr_line' id='line_1_27' title="bbox 152 3160 1276 3250; baseline -0.009 -13"><span class='ocrx_word' id='word_1_194' title='bbox 152 3168 295 3237; x_wconf 87' lang='lat' dir='ltr'>sinorom</span> <span class='ocrx_word' id='word_1_195' title='bbox 311 3164 494 3234; x_wconf 87' lang='lat' dir='ltr'>mutacione</span> <span class='ocrx_word' id='word_1_196' title='bbox 509 3169 691 3250; x_wconf 88' lang='lat' dir='ltr'>temporum</span> <span class='ocrx_word' id='word_1_197' title='bbox 706 3163 869 3232; x_wconf 81' lang='lat' dir='ltr'>obfuscari</span> <span class='ocrx_word' id='word_1_198' title='bbox 884 3163 996 3232; x_wconf 84' lang='lat' dir='ltr'>ualeat</span> <span class='ocrx_word' id='word_1_199' title='bbox 1010 3163 1064 3230; x_wconf 82' lang='lat' dir='ltr'>vel</span> <span class='ocrx_word' id='word_1_200' title='bbox 1079 3162 1114 3229; x_wconf 93' lang='lat' dir='ltr'>in</span> <span class='ocrx_word' id='word_1_201' title='bbox 1139 3160 1276 3229; x_wconf 90' lang='lat' dir='ltr'>dubium</span> 
     </span>
     <span class='ocr_line' id='line_1_28' title="bbox 151 3266 1277 3364; baseline -0.007 -23"><span class='ocrx_word' id='word_1_202' title='bbox 151 3273 310 3364; x_wconf 88' lang='lat' dir='ltr'>reuocari,</span> <span class='ocrx_word' id='word_1_203' title='bbox 340 3292 423 3342; x_wconf 88' lang='lat' dir='ltr'>neue</span> <span class='ocrx_word' id='word_1_204' title='bbox 437 3292 496 3359; x_wconf 90' lang='lat' dir='ltr'>per</span> <span class='ocrx_word' id='word_1_205' title='bbox 511 3269 696 3357; x_wconf 88' lang='lat' dir='ltr'>quempiam</span> <span class='ocrx_word' id='word_1_206' title='bbox 730 3269 763 3336; x_wconf 94' lang='lat' dir='ltr'>in</span> <span class='ocrx_word' id='word_1_207' title='bbox 794 3270 921 3355; x_wconf 81' lang='lat' dir='ltr'>Regina</span> <span class='ocrx_word' id='word_1_208' title='bbox 953 3267 1090 3338; x_wconf 80' lang='lat' dir='ltr'>Gelestis</span> <span class='ocrx_word' id='word_1_209' title='bbox 1115 3266 1277 3354; x_wconf 90' lang='lat' dir='ltr'>iniuriam,</span> 
     </span>
     <span class='ocr_line' id='line_1_29' title="bbox 152 3372 1277 3472; baseline -0.005 -24"><span class='ocrx_word' id='word_1_210' title='bbox 152 3403 209 3469; x_wconf 92' lang='lat' dir='ltr'>pro</span> <span class='ocrx_word' id='word_1_211' title='bbox 226 3381 321 3450; x_wconf 90' lang='lat' dir='ltr'>cuius</span> <span class='ocrx_word' id='word_1_212' title='bbox 336 3378 457 3447; x_wconf 87' lang='lat' dir='ltr'>honore</span> <span class='ocrx_word' id='word_1_213' title='bbox 471 3377 631 3464; x_wconf 88' lang='lat' dir='ltr'>premissa</span> <span class='ocrx_word' id='word_1_214' title='bbox 647 3381 724 3444; x_wconf 89' lang='lat' dir='ltr'>sunt</span> <span class='ocrx_word' id='word_1_215' title='bbox 740 3373 872 3472; x_wconf 83' lang='lat' dir='ltr'>donata,</span> <span class='ocrx_word' id='word_1_216' title='bbox 888 3383 954 3443; x_wconf 89' lang='lat' dir='ltr'>tam</span> <span class='ocrx_word' id='word_1_217' title='bbox 970 3375 1027 3462; x_wconf 89' lang='lat' dir='ltr'>pia</span> <span class='ocrx_word' id='word_1_218' title='bbox 1044 3373 1084 3443; x_wconf 90' lang='lat' dir='ltr'>de</span> <span class='ocrx_word' id='word_1_219' title='bbox 1094 3373 1176 3460; x_wconf 90' lang='lat' dir='ltr'>ipsis</span> <span class='ocrx_word' id='word_1_220' title='bbox 1186 3372 1277 3442; x_wconf 85' lang='lat' dir='ltr'>sacta</span> 
     </span>
     <span class='ocr_line' id='line_1_30' title="bbox 151 3481 1278 3576; baseline -0.008 -19"><span class='ocrx_word' id='word_1_221' title='bbox 151 3489 253 3576; x_wconf 90' lang='lat' dir='ltr'>possit</span> <span class='ocrx_word' id='word_1_222' title='bbox 269 3484 436 3555; x_wconf 88' lang='lat' dir='ltr'>ordinacio</span> <span class='ocrx_word' id='word_1_223' title='bbox 451 3483 640 3571; x_wconf 63' lang='lat' dir='ltr'>retractam</span> <span class='ocrx_word' id='word_1_224' title='bbox 663 3488 831 3570; x_wconf 89' lang='lat' dir='ltr'>presentes</span> <span class='ocrx_word' id='word_1_225' title='bbox 865 3481 908 3549; x_wconf 94' lang='lat' dir='ltr'>ad</span> <span class='ocrx_word' id='word_1_226' title='bbox 938 3488 1129 3569; x_wconf 90' lang='lat' dir='ltr'>perpetuam</span> <span class='ocrx_word' id='word_1_227' title='bbox 1159 3499 1278 3548; x_wconf 81' lang='lat' dir='ltr'>memo</span> 
     </span>
     <span class='ocr_line' id='line_1_31' title="bbox 150 3585 1277 3676; baseline -0.006 -15"><span class='ocrx_word' id='word_1_228' title='bbox 150 3595 231 3665; x_wconf 88' lang='lat' dir='ltr'>riam</span> <span class='ocrx_word' id='word_1_229' title='bbox 248 3593 469 3664; x_wconf 85' lang='lat' dir='ltr'>concessimus</span> <span class='ocrx_word' id='word_1_230' title='bbox 484 3591 612 3660; x_wconf 89' lang='lat' dir='ltr'>litteras</span> <span class='ocrx_word' id='word_1_231' title='bbox 636 3587 799 3676; x_wconf 89' lang='lat' dir='ltr'>dupplieis</span> <span class='ocrx_word' id='word_1_232' title='bbox 830 3587 934 3674; x_wconf 79' lang='lat' dir='ltr'>sigilli</span> <span class='ocrx_word' id='word_1_233' title='bbox 964 3587 1067 3657; x_wconf 89' lang='lat' dir='ltr'>nostri</span> <span class='ocrx_word' id='word_1_234' title='bbox 1096 3585 1277 3656; x_wconf 90' lang='lat' dir='ltr'>munimine</span> 
     </span>
     <span class='ocr_line' id='line_1_32' title="bbox 151 3694 1287 3786; baseline -0.011 -14"><span class='ocrx_word' id='word_1_235' title='bbox 151 3705 331 3774; x_wconf 87' lang='lat' dir='ltr'>roboratas.</span> <span class='ocrx_word' id='word_1_236' title='bbox 354 3703 476 3770; x_wconf 88' lang='lat' dir='ltr'>Datum</span> <span class='ocrx_word' id='word_1_237' title='bbox 491 3717 551 3786; x_wconf 92' lang='lat' dir='ltr'>per</span> <span class='ocrx_word' id='word_1_238' title='bbox 566 3715 681 3766; x_wconf 90' lang='lat' dir='ltr'>manus</span> <span class='ocrx_word' id='word_1_239' title='bbox 698 3694 847 3782; x_wconf 81' lang='lat' dir='ltr'>Magistri</span> <span class='ocrx_word' id='word_1_240' title='bbox 862 3695 957 3764; x_wconf 89' lang='lat' dir='ltr'>Pauli</span> <span class='ocrx_word' id='word_1_241' title='bbox 981 3695 1086 3765; x_wconf 83' lang='lat' dir='ltr'>Electi</span> <span class='ocrx_word' id='word_1_242' title='bbox 1112 3695 1287 3780; x_wconf 81' lang='lat' dir='ltr'>Albensis,</span> 
     </span>
     <span class='ocr_line' id='line_1_33' title="bbox 152 3803 1275 3893; baseline -0.012 -13"><span class='ocrx_word' id='word_1_243' title='bbox 152 3813 225 3880; x_wconf 89' lang='lat' dir='ltr'>aule</span> <span class='ocrx_word' id='word_1_244' title='bbox 241 3815 352 3879; x_wconf 89' lang='lat' dir='ltr'>nostre</span> <span class='ocrx_word' id='word_1_245' title='bbox 383 3805 670 3893; x_wconf 79' lang='lat' dir='ltr'>Vicecaucellarij,</span> <span class='ocrx_word' id='word_1_246' title='bbox 702 3803 813 3872; x_wconf 88' lang='lat' dir='ltr'>dilecti</span> <span class='ocrx_word' id='word_1_247' title='bbox 845 3809 876 3871; x_wconf 89' lang='lat' dir='ltr'>st</span> <span class='ocrx_word' id='word_1_248' title='bbox 906 3803 1012 3872; x_wconf 88' lang='lat' dir='ltr'>tidelis</span> <span class='ocrx_word' id='word_1_249' title='bbox 1044 3803 1166 3890; x_wconf 73' lang='lat' dir='ltr'>nostri,</span> <span class='ocrx_word' id='word_1_250' title='bbox 1189 3821 1275 3868; x_wconf 86' lang='lat' dir='ltr'>anno</span> 
     </span>
     <span class='ocr_line' id='line_1_34' title="bbox 152 3909 1285 4002; baseline -0.009 -16"><span class='ocrx_word' id='word_1_251' title='bbox 152 3917 282 3986; x_wconf 93' lang='lat' dir='ltr'>Domini</span> <span class='ocrx_word' id='word_1_252' title='bbox 297 3915 461 3985; x_wconf 54' lang='grc' dir='ltr'>ΜΟΟΟθΙιο</span> <span class='ocrx_word' id='word_1_253' title='bbox 477 3934 572 4002; x_wconf 93' lang='lat' dir='ltr'>nono,</span> <span class='ocrx_word' id='word_1_254' title='bbox 597 3912 703 4000; x_wconf 87' lang='lat' dir='ltr'>Regni</span> <span class='ocrx_word' id='word_1_255' title='bbox 733 3917 842 3979; x_wconf 89' lang='lat' dir='ltr'>autem</span> <span class='ocrx_word' id='word_1_256' title='bbox 873 3912 975 3979; x_wconf 87' lang='lat' dir='ltr'>nostri</span> <span class='ocrx_word' id='word_1_257' title='bbox 1005 3931 1091 3980; x_wconf 91' lang='lat' dir='ltr'>anno</span> <span class='ocrx_word' id='word_1_258' title='bbox 1122 3909 1285 3978; x_wconf 77' lang='lat' dir='ltr'>vicesimo</span> 
     </span>
    </p>
   </div>
   <div class='ocr_carea' id='block_1_3' title="bbox 152 4032 277 4112">
    <p class='ocr_par' dir='ltr' id='par_1_3' title="bbox 152 4032 277 4112">
     <span class='ocr_line' id='line_1_35' title="bbox 152 4032 277 4112; baseline 0 -18"><span class='ocrx_word' id='word_1_259' title='bbox 152 4032 277 4112; x_wconf 88' lang='lat' dir='ltr'>quarto.</span> 
     </span>
    </p>
   </div>
   <div class='ocr_carea' id='block_1_4' title="bbox 153 4213 1290 4372">
    <p class='ocr_par' dir='ltr' id='par_1_4' title="bbox 153 4213 1290 4372">
     <span class='ocr_line' id='line_1_36' title="bbox 153 4213 1290 4288; baseline -0.011 -11"><span class='ocrx_word' id='word_1_260' title='bbox 153 4223 296 4285; x_wconf 62' lang='lat' dir='ltr'>&lt;firmetis</span> <span class='ocrx_word' id='word_1_261' title='bbox 315 4219 500 4288; x_wconf 72' lang='lat' dir='ltr'>perstrepas,</span> <span class='ocrx_word' id='word_1_262' title='bbox 520 4219 642 4286; x_wconf 80' lang='lat' dir='ltr'>melyrol</span> <span class='ocrx_word' id='word_1_263' title='bbox 660 4217 786 4284; x_wconf 79' lang='lat' dir='ltr'>specstt</span> <span class='ocrx_word' id='word_1_264' title='bbox 804 4217 945 4280; x_wconf 87' lang='lat' dir='ltr'>elveszett,</span> <span class='ocrx_word' id='word_1_265' title='bbox 965 4231 983 4267; x_wconf 89' lang='lat' dir='ltr'>a</span> <span class='ocrx_word' id='word_1_266' title='bbox 1001 4215 1088 4267; x_wconf 84' lang='lat' dir='ltr'>budai</span> <span class='ocrx_word' id='word_1_267' title='bbox 1106 4215 1160 4266; x_wconf 81' lang='lat' dir='ltr'>kir.</span> <span class='ocrx_word' id='word_1_268' title='bbox 1184 4213 1290 4265; x_wconf 78' lang='lat' dir='ltr'>lama·-</span> 
     </span>
     <span class='ocr_line' id='line_1_37' title="bbox 580 4307 847 4372; baseline 0 -12"><span class='ocrx_word' id='word_1_269' title='bbox 580 4309 624 4360; x_wconf 86' lang='lat' dir='ltr'>rsi</span> <span class='ocrx_word' id='word_1_270' title='bbox 650 4307 847 4372; x_wconf 76' lang='lat' dir='ltr'>levelttrban.)</span> 
     </span>
    </p>
   </div>
   <div class='ocr_carea' id='block_1_5' title="bbox 584 4523 850 4536">
    <p class='ocr_par' dir='ltr' id='par_1_5' title="bbox 584 4523 850 4536">
     <span class='ocr_line' id='line_1_38' title="bbox 584 4523 850 4536; baseline -0.015 0"><span class='ocrx_word' id='word_1_271' title='bbox 584 4523 850 4536; x_wconf 57' lang='grc'>*-</span> 
     </span>
    </p>
   </div>
   <div class='ocr_carea' id='block_1_6' title="bbox 0 0 1588 5162">
    <p class='ocr_par' dir='ltr' id='par_1_6' title="bbox 0 0 1588 5162">
     <span class='ocr_line' id='line_1_39' title="bbox 0 0 1588 5162; baseline 0 0"><span class='ocrx_word' id='word_1_272' title='bbox 0 0 1588 5162; x_wconf 95' lang='lat' dir='ltr'> </span> 
     </span>
    </p>
   </div>
  </div>
 </body>
</html>
