3164 5154
914 297 1073 396 *te-

404 519 421 548 ,⁴
430 489 567 558 diuersis
584 489 679 558 annis
695 489 918 560 tantummodo
934 497 1109 558 renonstes
1125 488 1282 574 extitisse,
1298 490 1414 576 sieque
1445 508 1536 574 preno-

429 597 571 666 minatus
589 597 666 665 ollm
683 598 833 666 dominus
850 598 962 686 Geyss
978 599 1048 664 Rex
1065 618 1129 666 non
1146 597 1310 682 tributum,
1326 615 1400 665 eum
1416 597 1458 664 ab
1480 596 1536 680 ipss

334 697 338 704 ’
429 705 594 774 solucione
610 705 719 774 tributi
736 725 757 772 e
772 712 917 792 tempore
933 707 1045 774 Seneti
1072 705 1172 791 Regis
1203 703 1363 792 Stephani
1393 704 1533 774 Ciuitate

430 815 501 898 ipse
516 813 583 882 sint
598 819 756 900 exempte,
772 814 830 880 sed
846 813 1072 882 tantummodo
1089 832 1221 880 oensum
1237 811 1465 898 Danubislem,
1488 810 1533 880 boe

430 929 481 990 est
496 921 629 988 neutum
646 920 681 986 in
696 919 897 1006 Sytbwstew
912 921 973 992 stb.
989 920 1052 1006 ipsi
1070 920 1216 989 Eoelesie
1232 919 1390 991 Nitriensi
1406 917 1533 987 conterre

430 1027 576 1097 valuisse
592 1027 658 1095 stb.
676 1025 1003 1116 (bebizonylitstutn)
1019 1027 1212 1097 Rationibus
1228 1028 1328 1114 igitur
1347 1049 1389 1096 ex
1404 1025 1535 1114 predictis

429 1133 529 1220 ijdem
545 1136 633 1202 eines
650 1139 682 1200 et
696 1135 843 1220 hospites
861 1154 899 1202 ee
914 1133 1021 1202 incole
1038 1135 1214 1203 ciuitatum
1231 1135 1396 1219 Aliensis,
1428 1132 1534 1201 Buden-

427 1243 485 1328 sis,
503 1240 702 1310 Pestbiensis
720 1249 753 1307 et
777 1240 1014 1326 strigoniensis
1045 1241 1274 1327 predister'nm,
1306 1261 1346 1308 oo
1378 1241 1533 1311 eorundem

429 1348 568 1416 heredes
586 1357 619 1415 et
636 1349 846 1434 posteritates
863 1348 1016 1437 uniuersi,
1032 1348 1115 1416 sieut
1131 1349 1320 1435 prefuerunt
1335 1351 1380 1417 sb
1407 1351 1533 1435 antiquo,

429 1456 476 1525 sie
492 1475 577 1525 nune
592 1463 626 1524 et
641 1455 675 1521 in
692 1461 855 1540 posterum
872 1455 1068 1524 suecessiuis
1084 1475 1212 1540 semper
1237 1457 1446 1546 temporibus,
1475 1477 1532 1523 eun

430 1565 553 1632 cunetis
569 1571 601 1632 et
618 1562 779 1631 vniuersis
796 1564 892 1630 rebus
909 1561 1021 1631 eorum
1036 1569 1068 1630 et
1084 1564 1241 1649 personis,
1258 1566 1301 1632 ab
1317 1563 1406 1632 omni
1421 1573 1452 1634 et
1471 1585 1536 1648 qus·

428 1671 558 1754 liounqe
576 1669 740 1738 soluoione
755 1669 947 1738 tributorum
958 1690 1232 1755 quorumcumque
1243 1673 1276 1736 in
1287 1671 1456 1757 quibusuis
1470 1671 1533 1738 loeis

428 1779 513 1846 intre
529 1777 686 1845 ambitum
701 1777 796 1844 huius
822 1776 926 1860 Regni
958 1777 1093 1845 ubilibet
1125 1777 1318 1863 habitorum,
1352 1781 1486 1865 exempti
1511 1788 1535 1842 et

427 1885 520 1954 liberi
536 1905 616 1971 esse,
634 1883 676 1950 nd
692 1885 884 1968 nullamque
910 1885 1113 1952 tributariam
1138 1885 1338 1953 solucionem
1371 1906 1429 1972 per
1457 1905 1535 1971 quos-

427 2012 551 2076 eunque
566 1990 686 2060 aretari
701 1997 733 2058 et
748 1991 897 2076 compelli
912 1991 1042 2077 debere,
1061 1991 1175 2074 Nobis,
1194 2011 1232 2058 so
1257 1993 1534 2064 Reuereudissimis

428 2109 459 2168 et
476 2099 675 2169 Reuerendis
692 2099 726 2164 in
742 2098 869 2166 Christo
895 2099 1053 2184 patribus,
1080 2099 1221 2165 dominis
1252 2099 1351 2166 Petro
1385 2102 1536 2188 Ambiepi·

426 2228 525 2294 scopo
541 2209 731 2288 Colloeensi,
748 2207 870 2274 'Pteme
887 2207 997 2274 Eleeto
1014 2212 1046 2271 et
1062 2205 1226 2292 postulato
1252 2207 1430 2293 Agriensis,
1458 2209 1535 2275 Sun-

426 2339 477 2383 mo
494 2337 532 2385 ue
549 2315 732 2383 Secretsrio
749 2313 949 2381 (lancellario
966 2313 1067 2396 Regio
1083 2312 1275 2398 Maiestatis,
1302 2312 1457 2384 Oswsldo
1486 2317 1534 2382 Zu-

427 2423 619 2508 grebiensis,
637 2421 805 2488 Dominico
822 2419 1058 2507 Warsdiensis,
1077 2419 1232 2487 Ladislse
1257 2418 1368 2488 Gereb
1398 2423 1534 2492 Albensis

427 2531 652 2610 Transiluene,
682 2526 888 2612 sigismundo
904 2525 1274 2624 Quinqoeeeolesiensis,
1290 2529 1427 2597 Nieoleo
1443 2531 1535 2597 Weoi-

427 2640 526 2725 ensis,
542 2644 574 2702 et
600 2635 688 2702 Luce
720 2635 956 2702 Che-nebiensis
988 2635 1208 2704 Eeolesieruns
1239 2636 1434 2725 Episcopis3
1471 2641 1533 2706 iton

428 2742 606 2828 Magnifiois
624 2742 762 2808 dominis
780 2743 896 2808 comiti
921 2741 1018 2809 Petro
1050 2741 1157 2808 Gereb
1190 2742 1231 2807 de
1264 2743 1415 2829 Wingert
1445 2747 1535 2816 Judioi

320 2921 322 2924 ,
367 2895 371 2900 ·
427 2847 1145 2933 eurienegte,esrth010meobragnyde
1178 2850 1350 2917 Belthesvk
1380 2852 1537 2941 Weyuotle

426 2957 644 3024 Treusiluene
660 2963 691 3023 et
708 2953 824 3021 Comiti
852 2953 1044 3038 Siculorum,
1063 2955 1217 3022 Ledislso
1233 2955 1274 3024 de
1290 2957 1439 3028 Losoneh
1465 2962 1535 3030 Tha·

426 3067 629 3132 uernieorum
645 3063 825 3146 Regalium,
844 3063 979 3128 Nieoleo
996 3063 1117 3149 Benffy
1134 3061 1175 3128 de
1189 3065 1340 3150 Lyndws
1366 3069 1536 3136 ianitorum

376 3195 377 3198 ’
423 3172 592 3257 Regelium
610 3170 788 3257 liegistris,
804 3169 934 3238 Andree
950 3171 991 3237 de
1009 3169 1132 3236 Bethor
1149 3209 1192 3220 -
1210 3209 1247 3220 -
1270 3209 1309 3222 -
1330 3211 1385 3261 —,
1411 3187 1444 3244 et
1471 3179 1537 3245 Jose
1579 3249 1580 3256 ἵ

423 3283 464 3349 de
480 3281 554 3350 Som
573 3279 690 3347 comiti
708 3275 929 3344 Themesiensi
945 3297 984 3343 ao
1016 3279 1149 3346 Summe
1181 3277 1364 3364 Cepitsneo
1396 3285 1538 3352 Pereiun
1579 3283 1580 3308 ³

424 3391 626 3473 Interiorum,
644 3385 871 3468 Magistrisque
887 3383 1156 3471 ProtbonotsuiJ‘s,
1175 3406 1214 3453 ee
1229 3389 1350 3455 esteris
1361 3391 1466 3476 Regni
1484 3392 1538 3459 No·

424 3496 568 3562 bililibus
583 3491 678 3560 Sedis
694 3492 813 3558 Nostro
830 3490 1059 3559 Assessoribns
1075 3492 1245 3579 perspicue
1271 3498 1466 3566 oernebatnr
1488 3499 1541 3566 stb.

423 3602 603 3690 sepedictos
637 3600 736 3684 ciues,
768 3598 912 3682 hospites
944 3607 975 3664 et
1005 3599 1132 3666 insoles
1164 3599 1342 3669 Oiuitutum
1376 3605 1540 3690 Rudente,

423 3709 630 3788 Pestbiensis,
647 3693 796 3773 Aliensis
814 3711 846 3770 et
862 3705 1104 3794 Strigoniensis,
1122 3728 1162 3776 ne
1177 3709 1355 3792 eorundem
1371 3711 1506 3782 heredes
1515 3723 1542 3779 et
1578 3761 1579 3786 ,

423 3822 570 3904 posteros
586 3813 760 3897 uniuersos,
777 3833 847 3880 eum
865 3817 988 3880 eunetis
1004 3813 1205 3899 singulisque
1221 3836 1259 3883 ee
1276 3817 1441 3888 uniuersis
1459 3822 1543 3889 bonis

424 3929 457 3990 et
472 3924 566 3990 rebus
584 3919 801 4003 euiuseunque
818 3924 986 4010 meneriei,
1003 3923 1061 3990 sed
1079 3929 1112 3988 et
1127 3924 1292 4010 personis,
1324 3927 1367 3992 eb
1393 3929 1483 3994 omni
1499 3929 1543 3993 tri-

423 4027 739 4112 butariasolueione,
755 4028 787 4092 in
820 4029 900 4096 loeis
932 4049 1198 4114 quorumeunque
1231 4030 1431 4100 tributorum
1464 4035 1545 4101 intre

422 4139 575 4206 ambitum
594 4135 688 4202 buius
705 4135 809 4219 Regni
826 4135 931 4203 ubiuis
964 4137 1149 4204 habitorum
1182 4146 1214 4204 et
1246 4139 1336 4224 erigi
1368 4142 1544 4226 solitorum,
1577 4209 1578 4222 2

423 4257 489 4313 tum
506 4242 661 4311 ineundo
678 4261 774 4324 quem
791 4241 824 4308 in
841 4243 1014 4329 redeundo,
1034 4252 1199 4330 exemptos
1232 4255 1265 4312 et
1295 4249 1419 4334 selues,
1454 4259 1545 4333 atque
1577 4227 1578 4296 l

419 4354 539 4423 liberos
555 4358 586 4418 et
604 4355 822 4434 supportetos,
838 4369 899 4417 neo
915 4371 980 4418 non
996 4350 1029 4417 in
1047 4350 1235 4421 huiusmodi
1253 4373 1364 4422 eorum
1390 4356 1547 4426 libertati·
1577 4297 1578 4391 1

419 4467 478 4529 bus
496 4468 527 4527 et
542 4456 757 4545 prerogatiuis
776 4457 808 4523 iu
826 4461 1057 4544 sempiternum
1073 4481 1303 4547 permansuros
1330 4463 1403 4531 foro
1438 4465 1547 4534 dener·

419 4577 530 4637 nentes
545 4561 830 4651 pronuneisnimus
846 4565 1034 4652 reliquimus
1050 4577 1083 4638 et
1099 4571 1328 4660 commisimus,
1356 4567 1459 4643 immo
1480 4596 1550 4661 pro·
1576 4649 1577 4670 χ
