3150 5162
814 297 974 408 jot-

334 505 366 570 et
396 497 551 568 bonorum
583 499 749 570 bominum
772 504 916 588 ipsorum
934 502 1150 570 comitatuum
1166 501 1295 587 integre
1310 513 1340 572 et
1354 501 1454 573 invio-

332 607 476 675 labiliter
506 608 683 676 observare
713 611 774 677 sub
790 629 878 696 pena
892 609 1049 678 librarum
1066 611 1155 678 mille
1173 612 1364 678 Venetorum
1384 633 1455 697 par·

330 737 454 804 vorum,
486 737 548 802 que
579 737 663 803 pena
678 718 833 786 devenire
849 718 967 786 debeat
983 718 1018 784 in
1034 727 1136 807 parte,
1152 740 1217 804 que
1232 721 1453 787 observaverit

333 822 490 912 predicta,
521 824 568 890 ita
598 824 686 909 quod
717 824 867 892 dominus
893 828 969 893 Dux
1001 835 1033 892 et
1050 827 1225 893 Commune
1241 827 1455 893 Veuouiarum

331 933 418 1018 parti
435 932 621 998 observanti
637 931 717 998 dare
733 933 873 1000 debeant
889 932 1044 1000 auxilium
1062 939 1094 1000 et
1112 931 1256 1001 favorem
1272 935 1316 1001 ad
1332 933 1452 1001 dietam

330 1059 449 1124 ponam
481 1038 714 1107 exouoientlem
745 1046 858 1107 eontra
888 1049 1023 1128 partem,
1052 1061 1117 1126 que
1147 1062 1212 1108 non
1232 1041 1452 1108 observaverit

331 1146 487 1234 predicta.
504 1147 546 1212 tut
569 1149 629 1214 hoo
659 1147 908 1214 instrumentum
939 1149 1169 1216 nichilominus
1202 1169 1332 1233 semper
1347 1149 1380 1216 in
1397 1169 1456 1216 sua

331 1263 521 1342 permaneat
551 1255 714 1342 firmitate,
738 1255 839 1324 satvts
870 1255 973 1324 eciam
1004 1256 1121 1323 bannis
1152 1255 1300 1343 superius
1315 1275 1458 1342 eompre-

333 1363 454 1432 hensis.
484 1361 555 1441 Que
585 1361 713 1446 quidem
745 1364 855 1432 omnia
893 1364 1038 1450 predicta
1077 1371 1109 1430 et
1147 1365 1278 1448 singula
1316 1362 1458 1430 Comites

333 1473 398 1558 ipsi
430 1471 625 1554 iuraverunt,
658 1471 743 1538 siout
774 1471 862 1538 diota
893 1479 979 1557 sunt,
1012 1469 1218 1538 inviolabiter
1234 1473 1412 1540 observare
1428 1477 1460 1536 et

331 1579 513 1665 attendere,
545 1578 649 1644 donee
680 1577 787 1645 dietus
818 1577 937 1647 nobilis
968 1577 1128 1647 lobannis
1154 1579 1300 1664 'leupolo
1318 1576 1455 1644 vinxerit

332 1695 365 1751 et
404 1687 530 1754 steterit
571 1693 603 1752 et
635 1685 794 1754 Gomittuu
826 1687 987 1775 prediolo,
1026 1693 1058 1753 et
1089 1693 1213 1754 tantum
1245 1687 1320 1773 plus
1354 1705 1458 1769 quan-

332 1803 400 1861 tum
416 1813 620 1860 suooessores
636 1794 715 1880 eius,
733 1795 789 1878 qui
805 1801 879 1881 post
899 1815 970 1862 eum
987 1793 1108 1861 luerint
1124 1795 1158 1860 iu
1174 1791 1337 1860 Comitatu
1354 1793 1455 1859 Abse-

332 1902 430 1987 rensi,
447 1900 555 1967 iurar'e
572 1900 732 1966 voluerint
748 1901 924 1968 observare
938 1899 1096 1986 predicte,
1127 1901 1175 1968 ita
1204 1897 1288 1985 quod
1321 1899 1454 1984 quilibet

332 2009 402 2075 eius
419 2025 594 2094 sueoessot,
616 2007 670 2092 qui
685 2007 780 2074 fuerit
797 2007 830 2073 in
849 2007 1011 2074 Comitutu
1027 2007 1186 2074 Absoriet
1202 2007 1326 2092 (therei,
1345 2009 1453 2072 iurare

333 2116 453 2184 debeat
476 2113 563 2182 iufra
582 2114 724 2182 medium
740 2135 861 2181 annum
877 2121 1046 2202 postquam
1063 2115 1106 2182 ad
1123 2115 1243 2180 dietum
1261 2114 1457 2181 Comitatum

335 2225 431 2292 iverit
462 2225 511 2291 vel
545 2223 691 2309 vioxorit,
725 2223 873 2307 prediola
904 2227 1012 2290 omnia
1029 2223 1198 2290 attendere
1214 2229 1247 2288 et
1263 2223 1456 2300 observare;

333 2332 464 2416 quodsi
485 2351 551 2398 non
574 2330 696 2419 feeerit,
728 2341 759 2400 et
791 2332 879 2398 inira
910 2331 1054 2417 spacium
1087 2328 1185 2396 medii
1216 2330 1293 2395 anni
1328 2327 1459 2412 aliquod
1565 2339 1566 2346 ’

334 2439 453 2506 lactum
484 2440 546 2506 erit
562 2445 674 2506 eontra
689 2439 846 2524 prediola,
864 2457 928 2504 non
945 2443 1117 2504 teneantur
1133 2437 1183 2502 illi
1200 2436 1240 2503 tle
1265 2434 1371 2518 Vegle
1402 2433 1457 2500 ali·
1565 2417 1566 2432 ¹

334 2547 420 2630 quod
442 2545 567 2615 solvere
599 2547 639 2614 do
671 2569 757 2634 pena
787 2545 934 2633 prodieta
965 2547 1053 2612 millo
1085 2546 1251 2612 librarum.
1268 2545 1308 2610 tlt
1325 2544 1457 2629 insuper

334 2653 481 2738 predicta
512 2655 621 2721 omnia
653 2675 764 2722 omnes
796 2654 944 2721 homines
972 2653 1134 2720 diotarum
1152 2653 1333 2720 losularum
1349 2653 1456 2716 iurare

334 2761 475 2828 debeant
490 2763 599 2829 omnia
614 2765 787 2830 observare
804 2771 836 2828 et
847 2783 910 2829 non
927 2762 1163 2846 eontravenire,
1181 2767 1214 2826 et
1229 2759 1316 2845 quod
1334 2757 1455 2826 furtum

334 2891 399 2938 non
415 2869 547 2952 laoient,
572 2873 826 2939 neutraotabunt
842 2869 1130 2938 neeoonsiliabuut
1145 2867 1224 2934 lieri.
1250 2867 1319 2952 Ego
1331 2868 1457 2954 Rayue-
1564 2897 1565 2960 ;

334 2979 400 3045 rius
417 2977 509 3047 Genu
524 2977 585 3046 Dei
603 2978 708 3063 gretia
724 2979 798 3044 Dux
814 2997 912 3044 manu
925 2995 999 3044 mea
1014 2975 1203 3060 subsoripsi.
1564 2969 1565 2972 ’

335 3175 470 3242 (Irjnbios,
495 3177 678 3231 monumenta
703 3177 862 3243 spectantia
887 3175 1037 3228 historiam
1056 3175 1203 3227 slavorum
1227 3172 1458 3226 Meridionalium

795 3266 819 3316 I.
831 3265 890 3316 not.
911 3269 952 3317 93.
967 3265 999 3326 l.)
