3120 5148
876 253 938 318 134

341 461 419 519 tuor
432 452 520 520 uillis
538 451 642 520 eidem
658 449 773 538 predio
790 447 1039 535 pertinentibus,
1067 465 1202 531 quarum
1230 452 1365 516 nomina
1396 453 1480 516 sunt
1543 433 1544 516 ἦ

341 562 402 627 bec
420 584 428 624 :
446 557 570 642 ebeno,
587 559 682 641 Joan,
699 557 868 624 castellan
886 563 917 622 et
947 555 1121 639 Ybrehart‚
1149 556 1212 623 sibi
1244 561 1278 621 ct
1308 575 1367 640 per
1399 572 1474 622 eunt
1543 549 1544 618 ἶ

346 666 519 735 heredibus
536 668 602 734 suis
620 663 988 750 perpetuo-contulimus
1014 660 1245 748 possidendam
1272 661 1371 751 (tgy).
1409 663 1476 728 'l's-
1543 671 1544 704 ³

341 774 405 840 lem
422 773 581 858 siqnidem
599 774 688 840 dicto
703 771 818 858 predio
834 789 906 840 cum
924 769 1014 838 uillis
1028 768 1092 837 sibi
1102 769 1340 856 pertinentibus
1351 769 1478 835 donan-
1543 753 1544 806 1

347 887 397 949 tes
413 881 606 966 libertatem,
625 879 712 965 qnod
728 899 826 966 super
840 879 998 966 populum
1014 880 1049 944 in
1065 877 1131 945 illis
1141 884 1393 946 commorantem
1404 878 1476 942 unl-

349 987 401 1055 lus
417 988 623 1056 collectorum
650 985 830 1072 ponderum
856 985 926 1052 siue
951 985 1124 1052 liberorum
1157 983 1362 1051 denariorum
1394 1005 1475 1070 pon-

345 1093 500 1164 derasen
518 1097 640 1163 liberos
656 1093 809 1161 denarios
834 1092 876 1160 de
906 1100 1015 1160 cetero
1046 1097 1210 1177 presumat
1240 1093 1382 1178 exigere,
1412 1111 1477 1158 uec

349 1205 453 1272 eciam
470 1204 514 1270 ad
529 1204 695 1291 parandas
709 1201 883 1288 indagines
900 1202 951 1267 uel
968 1202 1106 1286 fossatu,
1123 1221 1181 1268 seu
1207 1200 1309 1266 eciam
1340 1199 1384 1266 ad
1416 1198 1478 1266 ali·

351 1313 436 1396 quod
453 1310 621 1397 negocium
638 1310 736 1377 castri
752 1309 800 1376 irc
816 1309 1092 1392 constringantur.
1120 1303 1348 1375 concessimus
1363 1314 1477 1374 antem

343 1419 471 1505 prefato
487 1421 519 1487 S.
536 1420 625 1486 iidcli
642 1425 760 1500 nostro,
777 1424 812 1484 ut
827 1416 859 1483 in
877 1414 1065 1502 supradicto
1081 1413 1193 1502 predio
1209 1414 1474 1498 Sengurgsorum
1543 1437 1544 1446 ¹

344 1529 388 1594 ab
406 1527 493 1595 omui
510 1527 681 1594 exaccione
698 1524 810 1592 tributi
828 1526 966 1591 liberum
983 1523 1171 1610 possideet;
1197 1525 1245 1589 ita
1262 1525 1348 1607 quod
1364 1523 1476 1589 nullus

348 1634 537 1702 tributarius
555 1633 784 1700 conuenientes
801 1631 843 1698 ad
860 1631 925 1698 iam
942 1631 1062 1698 dictum
1079 1631 1286 1718 forumsuper
1298 1633 1477 1698 exaccione

346 1740 458 1809 tributi
476 1746 641 1826 presumat
658 1739 801 1806 indebite
825 1740 1006 1805 molestare.
1046 1738 1167 1806 Uerum
1201 1738 1278 1823 quia
1309 1738 1474 1823 presentie
1543 1825 1544 1830 ἵ

344 1849 508 1936 priuilegij
526 1848 630 1915 series
646 1848 763 1932 prioris
779 1847 879 1930 sigilli
897 1847 1000 1914 nostri
1017 1846 1202 1933 munimine,
1235 1847 1320 1929 qnod
1337 1847 1370 1911 in
1387 1847 1475 1912 oeci·

344 1959 436 2027 sione
451 1959 575 2042 Regino
592 1956 763 2023 Gertrudis
780 1961 890 2024 nostre
907 1953 1119 2021 dilectissime
1145 1955 1291 2040 coniugis
1323 1956 1387 2023 fuit
1419 1955 1475 2020 de-

345 2066 516 2153 perditum,
533 2067 727 2148 consignata
743 2061 857 2148 luerat,
876 2071 1058 2146 presentem
1075 2064 1230 2148 pagiuam
1248 2063 1472 2131 renouandam

342 2179 413 2244 iore
430 2175 565 2258 dignum
584 2172 744 2256 duximus,
762 2177 794 2237 et
810 2169 878 2237 alio
894 2171 1012 2258 sigillo,
1030 2171 1116 2254 quod
1133 2180 1247 2239 eontra
1262 2173 1345 2238 salse
1370 2172 1473 2239 cauil-

344 2282 480 2350 laoionis
497 2280 696 2355 dolositates,
712 2297 774 2361 que
790 2285 922 2363 possent
938 2277 1093 2360 accidere,
1126 2283 1232 2363 parari
1258 2279 1405 2364 fecimus,
1437 2288 1474 2346 ut
1543 2339 1544 2342 ,

344 2390 434 2456 iacta
450 2409 509 2472 pcr
524 2407 583 2453 nos
600 2387 738 2471 predicti
755 2384 859 2472 predij
892 2385 1039 2471 Sengnrg
1071 2385 1208 2454 donacio
1239 2394 1305 2454 tarn
1337 2389 1474 2474 uostris,

347 2517 443 2580 qnam
460 2501 640 2562 nostrorum
658 2513 880 2560 successorum
897 2493 1098 2579 temporibus
1114 2493 1208 2560 firma
1223 2513 1351 2580 semper
1366 2501 1398 2561 et
1426 2497 1473 2561 in·
1543 2497 1544 2512 ¹

345 2601 562 2670 retractabilis
578 2607 792 2687 permaneret,
809 2602 843 2668 in
860 2609 1050 2688 perpetuum
1067 2601 1299 2670 roboranimus.
1321 2605 1475 2670 Renoua·
1543 2645 1544 2650 κ

343 2715 410 2776 tum
428 2729 617 2795 permanes
634 2709 756 2774 Thome
771 2709 921 2777 Albensis
937 2711 1101 2796 Propositi
1120 2717 1151 2777 et
1167 2711 1241 2778 aule
1257 2710 1359 2794 Regis
1383 2709 1472 2776 Oan-

340 2817 466 2902 cellarij
483 2837 570 2883 auno
586 2817 629 2882 ab
645 2815 880 2883 Incaruaoioue
904 2820 1036 2886 Domini
1061 2820 1164 2886 M⁶OO
1172 2817 1261 2884 ⁰le
1269 2831 1288 2884 ⁰.
1327 2819 1474 2886 Venera-

343 2924 402 2990 bili
441 2922 591 2990 Johauue
630 2921 864 3008 strigoniensi,
895 2925 1085 2992 Reuerendo
1116 2927 1269 2993 Bertoldc
1296 2925 1481 2995 colocensi,

339 3031 601 3118 Archi-episcopis
618 3031 849 3116 existentibus3
874 3032 998 3098 edane
1024 3033 1376 3120 Quinqueecclesionsi,
1408 3033 1475 3100 Ca-

268 3131 275 3135 ’
343 3141 487 3226 thapauo
504 3139 666 3225 Agricnsi,
683 3139 854 3206 Desiderio
872 3138 1078 3226 Oenadiensi,
1092 3141 1233 3226 Symone
1248 3141 1473 3228 Waradiensi,

340 3248 510 3315 Willermo
525 3247 754 3330 Vltrasiluauo,
786 3249 883 3316 Petro
901 3247 1081 3336 caunensi,
1113 3250 1253 3317 lieberto
1277 3248 1473 3335 Wcsprimi-
1543 3235 1544 3238 ¹

342 3357 422 3441 ensi,
440 3363 473 3423 et
487 3355 564 3422 aliis
580 3355 753 3441 Episcopis
769 3356 936 3424 Ecclesias
953 3357 1093 3424 feliciter
1109 3355 1374 3442 gubernantibus.
1390 3355 1475 3423 Jvla
1543 3407 1544 3410 ,

342 3464 505 3551 Palatino,
538 3464 644 3530 Pensa
660 3465 765 3550 Bane,
795 3464 955 3550 Dyonisio
972 3464 1127 3548 Magistro
1146 3463 1414 3532 Tanamicorom
1442 3471 1477 3532 et
1543 3515 1544 3524 ,

339 3571 465 3638 (inmite
478 3569 700 3652 Nouicasrrt,
717 3571 827 3640 Ochus
845 3571 965 3638 Ouriali
982 3572 1106 3641 Gemite
1122 3571 1347 3658 existentibus,
1362 3573 1479 3658 Regni

335 3680 440 3746 nostri
455 3697 539 3745 anno
554 3675 647 3743 xnv.
1543 3671 1544 3674 ’

341 3875 481 3938 (Eredetie
499 3877 684 3942 berhttrtydn,
704 3881 827 3944 melyrol
844 3893 862 3932 a
879 3882 973 3944 penset
991 3880 1123 3932 mreetke
1142 3879 1322 3945 voret-strga
1350 3879 1480 3944 setyem»
1543 3875 1544 3880 '

499 3969 631 4020 zsiubron
650 3969 727 4035 sugg,
753 3970 872 4022 abudai
890 3973 944 4022 kir.
964 3972 1092 4024 kamarai
1110 3969 1304 4032 levtlttrban.)
