3120 5148
811 281 971 380 -Q-

323 477 463 564 septimo
480 475 615 542 decimo.
655 475 844 548 Venerabili
862 475 1012 543 lobanne
1036 457 1265 561 Strigoniensi,
1296 477 1473 544 Reueren·
1548 473 1549 526 ἶ

324 583 366 650 do
397 583 549 651 Bertoldo
581 583 749 652 Colocensl
776 581 1038 670 Arobiepisoopis
1067 583 1302 669 existentibus3
1334 583 1468 652 (balano
1548 609 1549 674 ᾗ

324 688 696 775 Quinque-Ecclesiensi,
714 687 886 756 Desiderio
903 687 1134 772 (immeliensi,
1168 689 1336 757 willermo
1354 691 1468 758 Tran·
1548 771 1549 784 ,

325 797 465 881 siluano,
498 798 639 864 Roberto
664 795 926 881 Wesprimiensi,
956 796 1085 862 Simone
1110 796 1329 876 Waradiensi,
1358 798 1465 866 Petro

326 901 509 992 (lennensi,
536 905 660 972 Jacobo
677 903 852 990 Waoiensi,
886 903 1052 990 Stephano
1068 901 1299 991 Zagrabiensi,
1329 904 1465 972 Thoma

324 1013 478 1100 Agriensi
496 1013 606 1079 illecto
623 1010 794 1096 Episcopis
811 1011 975 1078 Ecclesiae
991 1011 1055 1078 Dei
1084 1009 1221 1078 feliciter
1248 1009 1464 1094 gubernanti·

325 1124 407 1204 bus;
441 1121 519 1188 Jula
549 1117 713 1206 Palatino,
746 1117 892 1186 Dionisio
922 1120 1083 1206 Magistro
1114 1119 1393 1186 Thauarnicorum
1432 1127 1466 1184 et

326 1229 450 1298 Gemite
482 1229 568 1294 Noui
609 1225 729 1309 Casiri,
762 1226 912 1292 Banoone
943 1227 1045 1305 Bono,
1078 1227 1239 1314 Rophoyn
1272 1225 1463 1312 Woyoada,

324 1335 435 1404 Ochuz
452 1333 575 1402 Ouriali
588 1333 722 1419 Oomite,
740 1334 918 1417 ceterisque
928 1333 1143 1402 comitatibus
1154 1331 1334 1400 Oomitatus
1344 1337 1465 1400 tenen·

326 1447 422 1530 tibus,
440 1443 545 1526 Regni
562 1441 663 1507 nostri
681 1460 766 1506 anno
782 1439 1024 1508 terciodecimo.

328 1641 471 1704 (Eredetie
489 1639 683 1704 borhtrtytm
712 1639 846 1703 melynelr
865 1638 988 1688 hatthoz
1008 1652 1026 1690 a
1044 1637 1196 1700 kirtlynslr
1214 1651 1289 1703 nagy
1309 1637 1396 1688 alaku
1415 1652 1464 1702 pe·
1548 1679 1549 1682 ,

325 1733 403 1784 caete
421 1733 505 1782 vitriis
523 1729 772 1795 selyemzsinorral
801 1743 857 1779 nan
885 1728 1057 1795 suggesztve,
1089 1742 1106 1778 a
1134 1727 1221 1778 budai
1252 1728 1306 1778 kir.
1330 1728 1466 1778 kamaraci

793 1817 988 1881 leveltarban.)

861 2655 917 2722 92.

324 2853 371 2920 ΙΙ.
389 2853 502 2919 Eadre
519 2854 632 2940 kirtly
647 2853 761 2940 Epyed
776 2861 856 2920 aaut
872 2853 1004 2917 biotaelc
1020 2853 1092 2938 repi
1116 2849 1336 2937 erabodeclpdt
1362 2849 1463 2916 bizas
1548 2843 1549 2846 ¹

778 2963 868 3046 sc'tja.
901 2960 1000 3025 1217.

432 3155 470 3221 In
509 3155 638 3221 nomine
678 3155 799 3221 Sancte
827 3152 998 3219 Trinitatis
1029 3159 1061 3217 et
1093 3149 1264 3218 Individue
1295 3149 1461 3220 Unitatis.

324 3266 473 3334 Andreas
498 3265 560 3332 Dei
595 3265 706 3350 gracie
732 3263 912 3347 Hungarie,
951 3261 1125 3346 Dalmatie,
1153 3259 1314 3345 Orobatis,
1337 3261 1464 3347 Reme,

323 3373 445 3459 Servis,
462 3371 606 3456 Gallitie,
623 3369 860 3453 Lodomerique
870 3370 939 3436 Rex
949 3368 983 3434 in
994 3375 1196 3454 perpetuum.
1209 3366 1299 3434 Sicut
1313 3369 1459 3434 mortale

323 3499 425 3566 genus
461 3477 627 3546 bominum
659 3497 717 3544 sue
756 3476 920 3544 libertatis
960 3474 1124 3562 dignitati,
1156 3495 1254 3559 quam
1285 3495 1306 3541 a
1336 3476 1464 3560 primis

323 3587 554 3673 generantibus
590 3587 716 3654 cunetis
753 3586 902 3669 equalem
939 3584 1108 3668 habuerat,
1142 3582 1308 3650 abutendo
1334 3583 1464 3652 tradita
1548 3581 1549 3660 ἶ

323 3693 386 3760 sibi
418 3700 591 3780 potestate,
632 3693 749 3760 meruit
789 3691 945 3778 spoliari:
982 3692 1030 3758 sic
1069 3691 1214 3758 eiusdem
1256 3693 1461 3777 posteritatis

323 3799 495 3886 successio,
522 3800 549 3868 si
575 3799 668 3867 bonis
693 3809 844 3884 resurgat
868 3799 1030 3886 operibus,
1057 3799 1092 3866 in
1117 3799 1262 3883 quolibet
1287 3797 1462 3867 hominnm

324 3905 459 3990 pristine
485 3907 679 3974 conditionis
715 3908 858 3976 remedio
894 3915 1033 3974 meretur
1067 3907 1247 3974 reformari.
1273 3905 1358 3972 Hinc
1389 3915 1461 3998 est,

323 4013 411 4098 quod
428 4034 488 4082 nos
505 4015 679 4084 salubriter
706 4016 884 4104 ammoniti,
912 4016 1112 4102 presentium
1138 4021 1236 4100 atque
1251 4023 1462 4100 posterorum

322 4121 442 4190 noticie
460 4123 638 4191 clarescere
654 4125 825 4191 volumus:
842 4123 927 4206 quod
944 4123 987 4188 ad
1003 4123 1158 4190 honestas
1175 4141 1288 4207 preces
1302 4122 1463 4192 fidelium
1548 4145 1549 4148 ’

319 4235 522 4298 nostrorum:
551 4229 757 4297 Venerabilis
792 4229 943 4298 videlieet
977 4227 1170 4318 D(esiderii)
1206 4229 1459 4302 Chonadiensis

323 4335 488 4424 Episcopi,
506 4345 537 4405 et
549 4335 668 4404 Cirisoi
685 4337 916 4422 Zagrabiensis
929 4336 1090 4422 Propositi
1106 4337 1271 4420 quendam
1291 4336 1461 4407 bominem
1548 4419 1549 4424 ἵ

321 4442 452 4510 nomine
485 4443 647 4528 Egidium,
679 4445 734 4529 qui
765 4466 786 4512 a
819 4443 1114 4530 primogentoribus
1147 4441 1215 4509 suis
1246 4441 1291 4508 ad
1305 4445 1466 4517 Banmus
1548 4441 1549 4444 '

321 4549 513 4637 (lignitatem
539 4552 676 4620 servicio
703 4553 896 4641 pertinebat,
912 4573 983 4618 cum
1002 4553 1150 4619 omnibus
1166 4553 1235 4618 suis
1268 4553 1467 4646 heredibus,
1548 4631 1549 4638 χ
