3120 5148
848 317 892 410 ot

786 431 941 446 *nna-

305 539 461 609 meterius
479 539 604 608 Orisan.
620 538 752 609 'l'rooeil
767 537 868 608 irater
883 537 1001 624 prelati
1018 534 1209 626 V(r·utiulei)
1226 537 1363 606 Comitis
1378 514 1431 606 ira·

304 652 360 718 bet
373 669 432 736 per
447 669 482 716 se
498 647 645 735 predium
662 647 792 716 nomine
808 645 981 730 Oreoboug
995 646 1089 712 iusto
1113 644 1257 714 stam.
1297 646 1432 733 Stepha-

304 777 365 824 nus
380 757 479 825 otiam
496 755 596 823 hebet
613 753 761 842 predium
777 756 909 822 nomine
923 753 1074 840 Poiatna,
1102 753 1194 821 ouius
1221 753 1327 839 predii
1359 759 1432 822 sunt

303 865 433 933 meterii
450 865 552 932 Vreso
568 884 608 932 ex
624 886 690 932 une
705 871 808 952 parte,
826 884 867 931 ex
883 863 988 932 alteru
1004 862 1165 951 Berizlou,
1184 883 1224 930 ex
1241 863 1345 930 tercie
1356 883 1432 930 vero

303 973 430 1040 Posdis.
454 971 607 1040 Strizmer
623 970 782 1055 siquidem
799 971 898 1039 babet
914 969 1064 1056 predium
1081 971 1214 1038 nomine
1229 971 1365 1058 Lipouz,
1382 989 1433 1036 ou·

304 1081 354 1147 ius
370 1080 525 1146 meterius
541 1085 591 1145 est
606 1077 764 1145 Martinus
782 1098 822 1145 ex
837 1097 904 1144 una
919 1083 1023 1163 parte,
1041 1097 1083 1144 ex
1099 1079 1205 1146 alters
1220 1083 1316 1164 purte
1328 1077 1433 1144 Beris·

303 1185 370 1274 lou,
387 1206 427 1252 er
443 1184 543 1252 tercie
558 1191 653 1270 perte
670 1185 808 1271 Dresey.
847 1183 891 1251 Ut
907 1190 1016 1251 autem
1032 1183 1093 1250 heo
1110 1203 1130 1250 u
1162 1185 1257 1252 nobis
1291 1185 1436 1251 omnium

302 1293 559 1380 supradictorum
575 1300 642 1358 turn
674 1293 857 1378 prediorum
889 1313 985 1376 quam
1017 1292 1157 1360 aliarum
1189 1293 1433 1379 possessionum

303 1401 463 1490 sepedicti
477 1399 664 1490 V(ratinlai)
682 1399 816 1467 Comitis
832 1405 863 1466 et
878 1399 1014 1466 fratrum
1030 1400 1102 1466 eius
1117 1399 1206 1466 saeta
1222 1401 1432 1468 confirmacio

302 1508 402 1576 nullis
419 1529 562 1594 unquam
578 1507 778 1596 temporibus
793 1509 906 1576 valeat
920 1509 1101 1596 retraetari,
1118 1513 1150 1574 et
1166 1527 1208 1574 ne
1225 1507 1298 1591 quis
1313 1507 1435 1575 vieino

303 1638 416 1684 norum
434 1618 514 1704 eius,
531 1617 600 1684 sive
617 1615 788 1685 cuiuslibet
804 1615 1004 1684 eondioionis
1020 1615 1118 1702 elius,
1130 1615 1237 1702 ipsum
1248 1616 1303 1683 rel
1314 1615 1433 1683 fratres

301 1725 371 1792 eius
388 1725 428 1792 rie
444 1724 567 1811 prediis
583 1732 616 1791 et
631 1723 891 1810 possessionibus
907 1724 1085 1810 sepedietis
1094 1731 1262 1810 presumat
1272 1723 1314 1791 de
1326 1729 1434 1790 cetero

303 1833 489 1915 molestare,
506 1834 650 1918 presenti
666 1853 737 1900 eam
754 1831 878 1920 pagina
894 1833 928 1898 in
954 1832 1109 1900 noticiam
1134 1831 1251 1902 dednoi
1283 1839 1429 1920 postero·

301 1961 371 2006 rum
390 1947 422 2008 et
436 1940 538 2025 Regio
555 1940 757 2009 auctoritatis
774 1940 882 2024 sigillo
907 1939 1059 2008 iussimus
1086 1939 1248 2024 insigniri.
1289 1940 1325 2006 Si
1356 1941 1430 2024 quis

300 2068 376 2117 vero
393 2047 470 2116 huie
484 2057 596 2116 nostre
613 2047 853 2116 confirmacioni
869 2047 1016 2115 obriutor
1047 2047 1239 2114 temerarius
1271 2049 1429 2132 extiterit

299 2154 434 2241 Regium
449 2157 595 2242 graviter
609 2155 869 2240 indignationem
884 2175 922 2222 se
937 2155 1063 2222 noverit
1079 2155 1294 2243 incursurum,
1327 2161 1361 2224 et
1374 2175 1430 2242 pe·

301 2285 377 2330 nam
393 2265 499 2350 Regni
516 2270 715 2352 consuetam,
732 2263 886 2330 videlieet
910 2263 943 2329 X
973 2283 1099 2330 mareas
1130 2263 1203 2330 euri
1234 2285 1293 2351 pro
1326 2266 1432 2350 regul!

300 2371 418 2438 iudieio
433 2371 623 2438 soluturum.
662 2371 783 2438 Datum
799 2391 857 2458 per
873 2390 988 2438 manus
1004 2370 1153 2456 Magistri
1186 2371 1310 2439 'Phorne
1342 2373 1429 2438 Aule

299 2477 398 2562 Regie
414 2477 690 2566 Vioeosnoellsrii,
715 2501 800 2546 anuo
826 2481 869 2547 ab
886 2479 1116 2548 Inoarnutione
1132 2479 1265 2547 Domini
1281 2476 1433 2550 mcclx:

301 2585 489 2652 Venerabili
505 2585 655 2653 Jobanns
686 2587 903 2672 strigoniensi
934 2586 1199 2674 Arebiepiseopo,
1230 2589 1426 2656 Reverendo

300 2692 474 2760 Bertboldo
491 2693 661 2762 Colouensi
676 2695 787 2764 Eleeto
804 2695 1026 2784 existentibus,
1043 2694 1165 2763 Caleno
1176 2695 1431 2780 Quinqueeoole·

299 2800 410 2884 mensi,
428 2801 578 2870 Boleulao
593 2803 772 2890 Waeiensi,
790 2804 959 2888 Colopene
975 2803 1136 2892 rigriensi,
1154 2803 1297 2890 Symoue
1315 2803 1430 2870 Wart-

299 2907 415 2992 diensi,
432 2908 585 2977 Kolenda
599 2909 845 2995 Vesprimiensi,
863 2909 1031 2978 Gotburdo
1046 2910 1269 2996 Zagrebiensi,
1287 2909 1426 2978 Desido

298 3017 346 3082 rio
362 3015 597 3102 Chenodiensi3
621 3014 827 3104 W(ilhelmo)
843 3014 1075 3102 Transilusno,
1107 3019 1204 3086 Petro
1237 3017 1425 3104 Gueriensi,

298 3121 459 3191 Ecclesias
475 3124 615 3192 feliciter
630 3123 894 3209 gubernantibus.
906 3124 989 3193 Poth
999 3125 1149 3194 Palatino
1166 3131 1198 3192 et
1213 3124 1427 3213 Musuniensi‚

300 3229 396 3298 Bunk
412 3232 503 3300 Buno
519 3229 711 3320 michaele)
728 3233 921 3302 Woiuwodu
937 3235 1161 3320 existentibus,
1192 3234 1349 3301 Marcello
1365 3235 1428 3302 Bu-

297 3335 432 3423 obiensi,
449 3339 528 3407 Jule
542 3339 782 3428 Budriguiensi,
798 3341 911 3408 Moohe
927 3343 1126 3430 Posoniensi,
1144 3341 1303 3409 Nieholeo
1314 3339 1429 3410 Bioho-

297 3443 404 3529 riensi,
419 3447 559 3513 Martino
574 3448 770 3534 Keweiensi‚
803 3447 986 3518 Alexandro
1004 3449 1203 3537 simigiensi,
1236 3448 1348 3517 Oebuz
1365 3451 1428 3518 Su-

297 3553 474 3640 proniensi,
489 3553 582 3640 Moys
597 3555 706 3625 Ferrei
734 3557 842 3626 Casiri
874 3558 1050 3628 Comitatus
1081 3559 1278 3628 tenentibus.
1319 3559 1429 3646 Regni

298 3661 398 3730 nostri
414 3682 499 3730 anuo
516 3661 553 3732 V.

351 3857 510 3934 (Phoimios,
529 3860 654 3917 Monum.
673 3863 809 3920 bistonios
828 3867 919 3934 Epise.
939 3867 1132 3936 Zugrsbiensis
1151 3867 1175 3922 1.
1194 3869 1255 3920 lubt.
1279 3871 1320 3924 17.
1341 3869 1373 3940 l.)

726 4155 992 4168 Ἣ
