3080 5146
299 511 432 606 specoio
470 506 594 601 Regum
642 509 781 602 provida
832 516 1003 601 condignis
1051 515 1181 602 premiis
1227 513 1294 582 sibi
1342 515 1436 582 obse·

299 624 472 712 quentibus
518 625 566 692 sie
604 622 699 694 decet
736 643 915 708 occurrere,
963 629 999 691 ut
1035 623 1093 691 alii
1132 641 1242 692 eorum
1280 625 1437 712 exemplo

298 732 439 821 inritati,
472 731 517 801 ad
554 731 695 802 servicia
732 739 765 802 et
796 730 968 819 probitatis
1006 731 1115 799 studia
1155 730 1276 799 iareim
1317 751 1437 800 accen·

298 841 430 911 dantur.
453 839 526 910 Hac
541 839 641 926 igitur
664 839 932 909 consideracione
961 836 1097 928 inducti,
1128 837 1173 907 ad
1203 839 1436 908 universorum

298 947 507 1037 presencium
531 953 798 1036 posterorumque
822 945 978 1016 noticiam
1008 945 1125 1014 harum
1154 947 1242 1016 serie
1275 947 1436 1016 volumus

299 1057 471 1145 pervenire
488 1081 496 1124 ι
513 1053 689 1144 quodcum
705 1055 814 1124 tidelis
830 1062 951 1144 noster,
983 1055 1098 1124 Comes
1112 1053 1259 1144 Hudina,
1289 1075 1313 1124 a
1331 1056 1437 1124 multo

297 1175 446 1252 tempore
462 1171 559 1251 grata
574 1165 669 1234 nobis
684 1153 853 1234 fidelitatis
869 1165 1025 1252 obsequia
1051 1162 1275 1252 impendisset,
1307 1164 1369 1231 sed
1401 1171 1437 1232 et

298 1291 373 1362 aaa,
388 1271 515 1358 absque
530 1269 749 1342 diminucione
764 1271 889 1364 aliqua,
905 1271 949 1340 ad
965 1277 1077 1341 noema
1093 1271 1302 1358 beneplacita
1319 1271 1437 1340 volun-

298 1381 376 1450 tatis
392 1379 596 1468 exponendo,
628 1380 714 1450 idam
730 1379 803 1466 ipse
818 1379 860 1448 de
874 1379 994 1450 rimata
1021 1382 1055 1448 in
1080 1380 1235 1450 virtutem
1260 1379 1436 1468 gradiens,

301 1509 341 1559 ao
357 1491 501 1558 maxime
515 1491 672 1578 tempore,
703 1509 767 1574 quo
783 1487 894 1560 subita
909 1489 1118 1556 Tartarorum
1144 1487 1297 1575 irrupeio,
1329 1509 1436 1574 grave

301 1595 507 1684 dispendium
523 1597 636 1682 Regno
653 1601 765 1666 nostro
790 1596 936 1686 ingessit,
967 1597 1061 1665 nobis
1092 1595 1214 1682 pariter
1245 1602 1279 1663 et
1308 1599 1437 1664 nostris

300 1703 387 1772 ultra
401 1705 553 1773 Drarram
571 1703 738 1792 protectis,
771 1725 830 1790 pro
846 1725 904 1773 suo
920 1725 1027 1789 posse,
1059 1725 1117 1789 per
1148 1723 1243 1772 omne
1274 1705 1436 1791 temporis

302 1809 460 1898 spacium,
493 1830 556 1894 quo
576 1831 698 1878 moram
716 1811 838 1880 ibidem
855 1812 1022 1896 traximus,
1055 1813 1146 1880 iuxta
1162 1812 1265 1880 nostri
1297 1811 1437 1880 honoris

302 1917 504 2004 decenciam,
536 1918 677 1987 fideliter
693 1919 787 1986 affuit
803 1926 836 1988 et
852 1919 977 2008 devote,
1009 1921 1178 1987 laboribus
1209 1927 1244 1987 et
1274 1922 1435 2005 expensis

303 2045 409 2094 rernm
426 2045 568 2112 suarum,
600 2045 681 2108 quos
697 2035 729 2094 et
744 2045 827 2112 quas
843 2026 904 2094 snb
920 2027 1051 2096 obtentu
1068 2027 1178 2110 gracie
1203 2035 1321 2111 nostre,
1347 2049 1387 2096 se
1406 2039 1440 2097 et

303 2153 380 2216 suos
397 2133 507 2204 subire
522 2135 675 2221 oportuit,
708 2134 854 2218 pensatis
871 2135 1001 2202 minime
1027 2136 1080 2202 rel
1112 2135 1242 2202 curatis.
1283 2135 1438 2204 Tandem

305 2243 399 2308 nobis
415 2261 529 2311 versus
545 2241 707 2309 maritima
722 2242 899 2328 progessis,
930 2243 995 2308 iam
1013 2242 1119 2310 dictos
1152 2243 1267 2310 (lomes
1299 2243 1440 2313 Hudina

223 2365 225 2371 ·
305 2367 363 2434 pro
379 2351 499 2417 honore
515 2350 643 2416 Corone
658 2349 768 2433 Regia,
786 2351 819 2415 in
836 2351 950 2433 Regno
966 2359 1077 2418 nostro
1088 2349 1241 2439 existens,
1257 2371 1439 2438 personam

306 2477 401 2524 auam
416 2456 489 2526 suis
502 2455 624 2523 viribus
640 2463 754 2523 contra
769 2457 924 2524 'l'artaros
941 2457 1123 2525 antedictos
1149 2477 1227 2544 sepe
1252 2479 1293 2526 ac
1322 2463 1441 2547 sepius

307 2583 470 2648 exponere
487 2583 551 2629 non
569 2564 712 2647 expavit,
729 2563 939 2632 laudabiliter
955 2565 1137 2650 predando,
1154 2565 1208 2634 ubi
1226 2567 1330 2634 eciam
1348 2570 1437 2636 inito

307 2669 458 2736 conflictu
490 2689 563 2736 cum
587 2669 722 2756 eisdem,
748 2680 822 2756 post
852 2673 1026 2740 maltorum
1057 2681 1270 2756 cognatorum
1301 2696 1439 2745 suorum
1538 2759 1539 2762 Ἴ

307 2796 420 2843 necem
435 2783 556 2864 etpost
571 2777 786 2863 multiplicem
802 2780 926 2848 cruoris
942 2781 992 2846 sui
1010 2779 1211 2868 effusionem,
1228 2789 1324 2865 prout
1340 2785 1440 2852 nobis

308 2885 466 2953 veraciter
482 2885 637 2971 constitit,
668 2889 843 2954 maximam
860 2896 1042 2957 nostrornm
1058 2887 1296 2955 multitudinem
1312 2891 1357 2956 ab
1382 2891 1442 2958 lro-

309 2993 376 3060 stili
392 2997 514 3079 impetu
531 2995 726 3064 defensavit.
766 2998 865 3066 Porro
882 3019 953 3065 cum
969 2997 1010 3064 de
1041 2995 1214 3063 maritimis
1245 2997 1440 3084 rediremus,
1537 3061 1538 3088 ,

310 3102 392 3170 dura
409 3099 548 3188 Christo,
578 3113 830 3188 prememoratus
847 3107 961 3174 Comes
986 3104 1120 3171 Hndina
1150 3125 1210 3172 nos
1242 3111 1274 3172 et
1305 3115 1439 3176 nostros

309 3209 478 3277 honestate
495 3207 606 3277 debita
622 3216 805 3298 receptans,
839 3211 954 3279 effudit
980 3211 1112 3296 largiter
1137 3212 1298 3296 quidquid
1328 3212 1441 3282 fuerat

313 3325 517 3404 oportunum.
557 3317 630 3384 liiis
646 3317 757 3404 itaque
772 3325 805 3385 et
820 3338 918 3403 quarn
934 3320 1080 3406 pluribus
1097 3319 1280 3387 huiusmodi
1297 3321 1440 3390 fidelita-

310 3425 352 3491 tis
368 3425 527 3508 operibas‚
555 3426 609 3510 pie
624 3427 713 3493 circa
728 3428 836 3511 ipsum
852 3426 984 3515 inducti,
1012 3427 1149 3495 eundem
1166 3428 1320 3495 Comitem
1336 3430 1442 3497 Hudi-

312 3553 398 3621 nam,
415 3551 487 3599 cum
503 3541 642 3616 quatuor
657 3533 909 3617 consanguineis
925 3538 1004 3623 suis,
1021 3537 1117 3604 Petro
1135 3534 1297 3620 videlicet,
1314 3537 1438 3622 Garine,

314 3639 473 3726 Bogdano
490 3649 523 3707 et
539 3639 718 3709 Potoehino
735 3644 768 3709 in
784 3644 908 3710 aulicos
924 3652 957 3711 et
971 3643 1148 3710 servientes
1165 3651 1293 3711 nostros
1317 3648 1442 3731 recepi·

312 3767 384 3814 mna
398 3747 570 3835 speciales,
600 3749 652 3816 cui
668 3749 771 3818 eciam
788 3751 821 3816 in
839 3751 1177 3837 recompensacionem
1193 3757 1261 3818 tam
1293 3753 1440 3820 eminen-

311 3857 396 3924 cium
412 3855 622 3924 seruieiorum
639 3877 780 3946 suoram,
794 3865 826 3927 at
841 3867 877 3926 ut
889 3860 1000 3944 aptior
1016 3860 1060 3926 ad
1085 3859 1245 3943 obsequia
1275 3857 1439 3928 habeatnr

312 3968 347 4031 in
363 3962 515 4051 futurum,
541 3965 707 4048 quandam
724 3975 843 4034 terram
875 3965 1006 4037 Wiscas
1035 3967 1205 4050 vocabulo,
1238 3967 1327 4033 ultra
1358 3967 1441 4036 Dra-

313 4091 411 4155 wam,
435 4071 469 4138 in
486 4071 649 4140 comitatu
666 4073 875 4160 Simiguiensi
892 4075 1094 4156 existentem,
1120 4073 1162 4142 de
1178 4074 1282 4160 Regia
1298 4075 1443 4144 liberali-

313 4187 382 4248 tate
398 4178 550 4249 duximus
566 4181 803 4269 conterendam,
821 4188 853 4250 et
870 4203 927 4270 per
953 4204 1025 4251 oum
1055 4181 1124 4250 suis
1148 4179 1321 4250 heredibus
1351 4181 1443 4250 bere·
1533 4169 1534 4178 ἶ

313 4289 453 4373 dumque
469 4287 711 4361 successoribus
728 4289 797 4358 iure
813 4296 969 4376 perpetuo
995 4289 1236 4376 possidendam.
1275 4289 1314 4354 ln
1345 4291 1441 4358 cuins

314 4393 504 4463 collusionis
520 4396 719 4482 corporalem
736 4398 976 4482 possessionem
1003 4399 1109 4484 ipsum
1135 4384 1194 4482 per
1223 4394 1352 4464 fidelem
1386 4419 1442 4464 no·
1532 4385 1533 4453 l

313 4506 414 4568 atrurn
432 4500 621 4570 Ladialaum
638 4503 821 4572 Palatinum
847 4513 880 4574 et
895 4505 1050 4572 Comitem
1068 4503 1319 4587 Simigniensem
1332 4511 1445 4573 aucto·

204 4633 209 4638 ·
313 4609 410 4680 ritate
426 4608 529 4694 Regia
546 4611 678 4680 lecimus
696 4613 870 4682 introduci.
911 4615 1009 4683 Ocius
1025 4621 1113 4681 terre
1137 4618 1232 4692 mete,
1264 4611 1351 4680 sicut
1383 4633 1444 4702 per
