3208 5158
333 467 472 530 restrum
490 457 726 544 constituendo,
755 465 790 524 ut
807 457 939 542 possitis
956 458 1110 524 adversus
1136 475 1328 542 quemquam
1358 459 1457 542 possi-

334 572 463 636 dentem
480 588 521 634 ex
537 565 634 633 dictis
648 567 743 634 rebus
760 571 792 632 et
806 565 1065 650 possessionibus
1082 565 1232 652 experiri,
1262 585 1373 649 agere,
1404 586 1457 650 pe-

338 685 414 760 tere,
431 675 580 759 exigere3
606 681 639 740 et
654 673 764 740 omnin
780 680 812 739 et
827 673 958 756 singule
974 693 1099 758 queque
1115 672 1239 759 facere,
1269 691 1333 757 que
1349 691 1459 740 neces·

332 784 423 850 serie
440 788 472 846 et
488 781 639 868 expedire
655 781 859 868 videbuntur,
894 780 999 858 Quam
1016 781 1147 863 quidem
1164 777 1395 867 venditionem,
1428 789 1459 847 et

334 889 444 956 omnis
460 897 492 956 et
506 890 637 975 singula
652 889 874 975 suprascripta
890 889 1107 974 promittimus
1123 910 1180 975 per
1196 909 1254 955 nos
1267 897 1461 971 nostrosque

335 1017 538 1066 successores
554 997 684 1066 nomine
700 996 858 1065 dictorum
885 994 1065 1064 Gusrdiani
1097 1003 1130 1064 et
1161 996 1299 1063 fratrum
1330 1007 1364 1062 et
1397 995 1460 1062 loci
1592 1033 1593 1084 3

331 1105 412 1171 dicti
427 1111 584 1192 perpetuo
600 1111 673 1172 rats
688 1105 809 1172 bebere
834 1111 866 1170 et
896 1105 1083 1187 obseruare,
1115 1125 1176 1171 nec
1207 1103 1316 1170 venire
1348 1110 1460 1171 contra
1592 1085 1593 1170 i

333 1210 446 1296 alique
461 1212 587 1280 ratione
602 1212 655 1280 vel
671 1213 852 1296 occasione,
868 1232 928 1280 nec
943 1211 1088 1297 ipsorum
1104 1215 1275 1280 occasione
1291 1211 1383 1278 litem
1399 1211 1459 1276 sli-

331 1339 427 1404 quam
444 1321 497 1386 vel
514 1321 695 1388 molesiism
712 1321 806 1388 vobis
822 1339 964 1402 mouere,
998 1341 1058 1388 nec
1075 1320 1169 1388 altori
1184 1340 1242 1406 pro
1274 1319 1376 1407 vobis,
1408 1318 1459 1386 vei

330 1426 450 1511 iacere,
467 1425 508 1495 de
524 1428 618 1498 dictis
635 1428 785 1496 omnibns
801 1429 908 1516 rebus,
925 1449 1032 1513 neque
1048 1429 1089 1496 de
1105 1427 1216 1514 eliqua
1227 1448 1349 1512 carum,
1365 1428 1459 1496 robis

332 1535 430 1606 dictis
446 1537 644 1623 emptoribus
660 1559 718 1626 pro
744 1540 837 1606 robis
868 1537 1046 1624 vestrisque
1078 1537 1188 1605 liberis
1220 1544 1253 1604 et
1283 1533 1458 1603 heredibus

330 1643 561 1730 recipientibus
577 1647 803 1732 promittendo.
842 1647 929 1714 Etsi
946 1647 1114 1733 quidplus
1146 1645 1235 1712 dicto
1267 1645 1378 1728 precio
1406 1662 1460 1710 rcs

334 1753 424 1820 dicte
439 1755 550 1820 velent
566 1754 619 1821 vel
636 1757 744 1824 velere
762 1763 905 1842 possent,
922 1755 1016 1822 vobis
1031 1755 1114 1821 inter
1130 1755 1224 1820 riuos
1241 1761 1274 1819 et
1290 1756 1457 1818 inreuoca-

332 1859 442 1928 biliter
457 1861 663 1930 concedimus
679 1871 711 1930 et
727 1863 895 1950 donemus,
926 1864 1016 1930 facts
1042 1861 1231 1930 subsstione
1246 1881 1305 1946 per
1335 1859 1458 1926 Civita-

268 2016 271 2022 ·
332 1977 472 2054 temper
488 1989 658 2056 preconem
676 1972 860 2038 Communis
876 1970 916 2035 de
932 1970 1028 2038 dictis
1044 1971 1139 2037 bonis
1156 1977 1188 2036 et
1198 1965 1460 2055 possessionibus

331 2077 411 2146 dicti
427 2078 513 2144 Dese
530 2078 719 2146 vendendis.
742 2080 971 2146 Verumtamen
1003 2084 1110 2145 actum
1141 2085 1191 2144 est
1221 2078 1305 2143 inter
1335 2076 1458 2142 dictum

332 2184 496 2253 dominum
513 2185 713 2270 Episcopum
731 2191 763 2252 et
778 2184 883 2251 dictos
900 2193 1074 2270 emptores,
1095 2190 1128 2249 et
1141 2183 1303 2250 adiectum
1319 2189 1369 2249 est
1385 2181 1458 2249 bnic

336 2291 514 2362 venditioni
528 2292 569 2358 de
586 2294 745 2360 communi
773 2294 916 2359 omnium
943 2299 1122 2376 emptorum
1153 2290 1319 2358 voluntate
1350 2309 1459 2356 coram

334 2422 385 2468 me
403 2397 539 2468 Notario
560 2407 592 2466 ct
607 2401 755 2489 testibus,
787 2401 841 2484 qni
858 2401 986 2486 quidem
1003 2401 1149 2468 dominus
1180 2399 1372 2485 Episcopus,
1402 2405 1460 2466 aut

332 2506 447 2591 aliquis
466 2529 523 2594 pro
553 2507 648 2574 dictis
680 2506 868 2576 Gusrdisno
900 2517 931 2575 et
962 2509 1128 2594 fratribus,
1161 2509 1233 2576 siue
1264 2509 1363 2574 etism
1394 2505 1460 2592 ipsi

332 2612 540 2682 Guerdicnus
557 2623 588 2682 et
604 2615 728 2702 frenes,
746 2616 876 2683 minime
891 2623 1075 2703 teneantur,
1107 2637 1168 2683 nec
1184 2617 1324 2682 debeant
1340 2616 1374 2681 in
1401 2615 1460 2681 nli-
1592 2621 1593 2640 ¹

331 2741 394 2806 quo
409 2721 490 2805 ipsis
507 2723 707 2808 emptoribus
723 2723 830 2791 dictus
846 2744 899 2793 res
915 2729 947 2789 et
963 2724 1187 2809 possessiones
1201 2724 1244 2789 ab
1261 2724 1373 2807 aliquo
1399 2722 1459 2789 de·

330 2829 462 2896 tendere
479 2832 529 2897 vel
545 2829 832 2917 discnlumpnieri5
859 2831 957 2898 immo
984 2832 1070 2898 dicto
1086 2840 1244 2920 emptores
1260 2831 1461 2897 remiserunt

331 2937 392 3022 ipsi
410 2936 540 3004 domino
555 2937 715 3024 Episcopo
734 2959 828 3006 omne
839 2941 897 3028 jus
914 2945 1102 3025 competens
1119 2939 1165 3006 cis
1182 2939 1215 3005 in
1232 2939 1321 3004 dicta
1337 2944 1371 3004 et
1396 2957 1457 3022 pro

329 3045 417 3112 dictu
432 3043 592 3113 evictione
608 3066 664 3113 seu
679 3045 877 3114 defensione.
910 3049 1026 3113 Actum
1044 3047 1198 3131 Tragurii
1215 3049 1248 3112 in
1264 3045 1359 3112 domo
1376 3045 1458 3111 dicti

327 3153 501 3238 Episcopi;
526 3153 729 3238 presentibus
747 3153 797 3219 bis
814 3153 951 3220 testibus
969 3152 1012 3220 ud
1035 3154 1115 3239 hec;
1140 3153 1293 3221 videlicet
1326 3153 1457 3222 domino

328 3259 453 3327 Jacobs
471 3259 718 3346 Archidioccno,
752 3261 882 3328 domino
898 3261 1059 3330 Gervasio
1074 3261 1262 3329 Primioerio
1292 3263 1459 3349 magum,

331 3367 461 3434 domino
477 3367 640 3433 annicbe
657 3365 812 3454 Oasiocti,
838 3367 968 3434 domino
984 3369 1102 3454 Dujmo
1119 3367 1161 3434 de
1177 3369 1298 3454 Gegba‚
1326 3370 1458 3436 Donato

332 3473 492 3560 Saludini,
508 3473 625 3540 Nicclu
640 3475 765 3560 Jacobi,
782 3481 814 3544 ct
830 3475 993 3543 Bertnnno
1009 3475 1133 3541 Marini.

438 3581 508 3666 Ego
524 3583 682 3649 Siluester
698 3583 737 3650 de
755 3581 838 3651 Urso
854 3586 1057 3654 examinator
1073 3605 1204 3651 manum
1220 3604 1326 3651 meam
1351 3582 1457 3652 mitto.

437 3691 479 3757 Et
495 3709 557 3775 ego
576 3691 805 3760 bonaventura
820 3693 909 3759 Petri
935 3693 1016 3760 cinis
1049 3693 1286 3777 Anconitsnns,
1317 3695 1445 3760 auctori

334 3805 402 3866 tate
420 3796 540 3864 domini
556 3798 646 3885 Pspe
662 3797 827 3883 Notarius,
855 3807 886 3867 et
901 3821 987 3868 nunc
1003 3802 1157 3868 Notarius
1171 3800 1360 3868 Communis
1377 3799 1459 3866 Tra-

332 3905 427 3992 gurii,
445 3904 494 3972 his
511 3907 661 3973 omnibus
676 3907 818 3994 interfui,
836 3915 868 3974 et
885 3915 1019 3992 rogetus
1046 3930 1066 3975 a
1098 3909 1184 3976 dicto
1215 3907 1348 3975 domino
1381 3907 1460 3993 Epi·

332 4033 441 4102 scopo,
458 4018 491 4080 et
506 4033 527 4079 n
542 4015 636 4082 dictis
652 4014 840 4084 Gnardinno
857 4023 890 4082 et
906 4017 1167 4102 procuratoribus
1184 4016 1301 4102 scripsi
1311 4017 1460 4101 etpubii·

332 4119 405 4186 csui
422 4127 482 4188 etc.

565 4317 683 4380 (Parieti
702 4319 848 4386 Illyricum
871 4320 988 4374 sucrum
1001 4319 1050 4375 Π.
1063 4323 1122 4375 ket.
1136 4323 1196 4371 34⁷.
1210 4321 1241 4384 l.)
