3208 5158
660 268 820 371 „211-

167 466 330 538 litteratus
361 466 493 536 easdem
509 473 614 535 metas
631 465 731 534 dietis
760 466 886 535 duabus
902 467 1165 553 possessionibus
1183 469 1308 537 Torna-

169 577 227 663 lya
244 582 276 644 et
292 577 378 646 Korn
394 575 517 644 voeatis
544 575 636 643 iuxta
668 575 907 644 continenciam
939 576 1110 662 presoripti
1141 577 1304 664 priuilegij

172 691 364 771 separantes
396 683 465 752 lore
496 683 699 751 astruxisset.
723 683 761 748 In
793 703 929 768 quorum
954 683 1150 752 eontrarium
1164 683 1305 771 predicti

173 793 352 861 Ladislaus
369 799 401 862 et
416 792 564 880 Benkus,
580 811 622 860 ao
638 791 760 860 Paulus
775 791 867 859 tilius
897 791 1026 860 Nioolai
1057 794 1254 878 allegassent
1270 793 1305 861 in

173 901 261 968 huno
291 889 432 981 modum,
465 899 553 983 quod
585 901 765 986 prescripto
797 899 859 967 due
875 908 960 970 mete
975 922 1041 970 non
1057 900 1218 987 prefatam
1234 922 1307 988 pos·

175 1008 354 1078 sessionem
394 1006 480 1074 Kwn
519 1007 612 1075 iuxta
653 1006 890 1075 eontinenoiam
932 1009 1011 1076 dioti
1042 1009 1218 1095 priuilegij,
1249 1007 1307 1075 sed

177 1115 322 1201 ipsorum
364 1113 598 1183 hereditariam
641 1134 663 1181 a
701 1117 908 1201 possessione
950 1115 1095 1186 eiusdem
1144 1116 1307 1186 iohannis

176 1221 326 1290 Litterati
352 1221 500 1291 similiter
531 1221 729 1290 hereditaria
760 1225 930 1311 Tornalya
960 1231 1076 1293 voeata
1108 1231 1308 1312 separarent.

176 1329 219 1395 Et
251 1328 368 1396 dehine
399 1333 432 1396 iu
448 1329 657 1416 sumpmitate
688 1334 807 1398 montis
838 1330 982 1399 eiusdem
999 1331 1181 1418 Angaliohe
1196 1351 1307 1417 prooe-

177 1435 270 1504 deret
287 1435 442 1504 adunam
458 1443 588 1522 metam,
612 1436 668 1505 vbi
699 1436 786 1505 idern
819 1439 987 1508 Johannes
1019 1439 1194 1508 Litteratus
1227 1439 1305 1507 olim

176 1545 259 1613 duas
274 1551 379 1613 metas
395 1543 498 1612 fuisse
514 1544 718 1630 asseruisset,
735 1546 795 1613 sed
810 1565 868 1631 per
884 1546 1015 1614 eosdem
1031 1547 1116 1615 filios
1142 1547 1302 1616 Johannis

178 1674 217 1722 ao
232 1653 373 1721 Paulum
388 1651 490 1720 lilium
507 1651 635 1719 Nioolai
661 1653 879 1742 annichilatas
903 1661 935 1722 et
950 1655 1133 1724 destructas
1165 1656 1305 1739 allegas·

176 1769 244 1840 set;
268 1761 346 1828 inde
378 1757 604 1826 desoendendo
635 1761 670 1827 in
687 1761 789 1828 latere
822 1761 967 1831 eiusdem
995 1763 1112 1831 montis
1128 1761 1306 1830 reflectere-

175 1875 227 1939 tur
241 1887 418 1955 parumper
433 1866 475 1934 ad
493 1873 619 1952 partem
636 1867 881 1957 oooidentalem,
905 1877 936 1938 et
947 1869 1131 1956 perueniret
1147 1869 1190 1936 ad
1206 1891 1303 1938 ruam

176 1983 305 2064 metam,
338 1993 401 2059 que
426 1995 484 2059 pro
500 1982 588 2044 meta
602 1995 680 2043 vera
697 1976 913 2065 apparuisset,
931 1978 1023 2046 iuxta
1038 1997 1137 2062 quam
1153 1977 1300 2064 prefatus

176 2083 343 2154 Johannes
358 2082 533 2150 Litteratns
549 2084 679 2168 signum
695 2103 794 2153 unum
815 2105 874 2172 pro
894 2086 960 2154 alia
976 2091 1062 2154 meta
1095 2083 1301 2174 ostendisset,

177 2193 236 2262 sed
267 2191 331 2278 ipsi
348 2190 533 2258 discernere
564 2191 812 2276 nequiuissent;
834 2192 912 2260 inde
943 2191 1132 2280 procederet
1148 2191 1190 2260 ad
1205 2213 1304 2261 roam

177 2300 309 2388 vallem,
347 2299 404 2367 ubi
435 2298 600 2384 prediatus
633 2299 803 2370 Johannes
844 2300 1021 2370 Litteratus
1061 2303 1147 2387 olym
1177 2307 1305 2388 pratum

174 2409 274 2476 fuisse
305 2405 508 2482 asseruisset,
541 2406 599 2474 sed
624 2427 709 2474 nuno
736 2427 794 2492 per
810 2415 936 2493 partem
958 2409 1131 2477 aduersam
1147 2408 1182 2475 in
1198 2415 1301 2476 terras

177 2517 320 2586 arabiles
346 2535 539 2583 oonuersum
571 2514 639 2582 fore
670 2516 867 2602 allegasset3
892 2517 970 2584 inde
1001 2516 1147 2604 tenderet
1177 2516 1210 2584 in
1242 2535 1307 2583 rna

176 2627 231 2694 uia
262 2645 328 2691 non
359 2622 484 2690 modios
516 2621 561 2690 ad
577 2621 781 2690 oooidentem
813 2621 897 2690 inter
928 2631 1033 2692 terras
1065 2623 1217 2711 arabiles,
1250 2623 1306 2692 vbi

174 2730 323 2819 prefatus
353 2731 516 2798 Johannes
548 2730 726 2800 Litteratus
759 2731 840 2798 duas
872 2739 978 2800 metas
1010 2731 1123 2819 fuisse,
1156 2732 1215 2800 sed
1247 2751 1305 2817 per

174 2847 301 2930 partem
332 2837 502 2906 aduersam
534 2846 701 2924 peraratas
718 2845 751 2906 et
769 2839 986 2908 annichilatas
1013 2839 1219 2926 asseruisset,
1250 2840 1304 2905 vbi

174 2949 241 3038 ipsi
257 2949 350 3016 nulla
365 2947 506 3031 uestigia
521 2954 679 3014 metarum
704 2947 919 3033 reperissent;
944 2946 1018 3015 inde
1035 2945 1097 3013 iret
1128 2945 1172 3014 ad
1204 2967 1303 3013 vnum

175 3063 291 3142 looum,
323 3053 378 3140 qui
409 3062 458 3122 est
489 3056 524 3121 in
554 3057 646 3123 ouria
673 3057 863 3141 jobagionis
880 3055 1098 3142 predictorum
1115 3054 1148 3120 in
1167 3073 1299 3122 oausam

174 3169 396 3250 attraotorum,
412 3163 467 3230 ubi
484 3182 562 3247 sepe
579 3162 667 3232 satus
684 3163 850 3232 Johannes
875 3165 1049 3232 Litteratus
1080 3162 1171 3229 iuxta
1201 3159 1301 3228 eonti-

173 3272 323 3342 nenoiam
342 3268 482 3354 predicti
501 3269 666 3357 priuilegij
691 3271 773 3338 duas
786 3277 890 3340 metas
906 3279 1029 3340 terreas
1046 3269 1080 3336 in
1097 3268 1202 3353 eapite
1218 3265 1301 3333 Saar

174 3401 245 3448 esse
263 3376 411 3461 dixisset,
438 3395 534 3461 quern
552 3379 656 3445 loeum
673 3378 744 3462 ipse
761 3399 820 3463 pro
838 3378 945 3464 eapite
961 3375 1064 3462 ipsius
1090 3376 1173 3443 Saar
1203 3373 1302 3440 nomi·

174 3491 297 3572 nasset,
329 3505 424 3569 quem
456 3485 518 3570 ipsi
536 3485 610 3552 visu
626 3485 865 3553 considerando
880 3493 1026 3570 tempore
1041 3483 1181 3570 pluuiali
1196 3485 1302 3550 looum

175 3594 315 3660 lutosum
333 3611 405 3658 esse
421 3591 643 3678 agnouissent,
662 3591 721 3660 sed
737 3602 814 3660 tune
831 3592 1028 3662 desiooatum
1044 3592 1111 3658 fore
1121 3593 1283 3661 uidissent
1297 3615 1306 3679 3

176 3707 319 3766 attamen
351 3696 384 3762 in
415 3704 484 3765 orto
517 3697 661 3766 eiusdem
687 3699 878 3784 jobagionis
910 3702 1073 3767 communi
1106 3699 1149 3766 ad
1180 3701 1302 3767 laetum

173 3809 269 3874 unius
284 3806 394 3875 basuli
410 3807 516 3874 loourn
533 3809 677 3874 lutosum
695 3829 734 3875 ao
749 3809 896 3894 fluuium,
912 3827 1006 3892 quem
1022 3807 1110 3875 idem
1136 3807 1303 3876 Johannes

173 3915 350 3992 Litteratus
380 3913 472 3979 iuxta
503 3913 740 3983 eontinenoiam
766 3915 844 3980 dieti
861 3915 1025 4005 priuilegij
1044 3912 1184 3980 Rednulr
1201 3914 1303 3981 nomi·

174 4031 296 4110 nasset,
312 4022 346 4088 in
362 4021 484 4089 dietum
498 4021 631 4091 fluuium
650 4025 760 4108 Sayou
778 4021 935 4110 egredere
959 4021 1137 4110 uidissent;
1164 4028 1196 4089 et
1227 4021 1303 4089 inde

172 4131 206 4196 in
222 4130 309 4197 dioto
340 4129 439 4198 fluuio
456 4131 567 4215 Sayou
597 4130 745 4198 tenderet
762 4130 804 4198 ad
820 4133 959 4218 priorem
984 4137 1113 4218 metam,
1130 4137 1163 4198 et
1179 4130 1225 4196 ibi
1242 4137 1304 4198 ter·

175 4237 360 4308 minaretur.
378 4239 458 4306 Item
475 4243 560 4308 mete
580 4240 665 4307 dioto
696 4247 783 4308 terre
813 4239 958 4325 litigiose
989 4239 1166 4308 seeundum
1197 4244 1302 4305 osten·

171 4344 296 4413 sionem
328 4344 487 4414 dictorum
518 4347 665 4416 Ladislai
698 4355 729 4414 et
746 4347 879 4416 Benlrus
910 4347 1047 4417 liliorum
1074 4347 1246 4432 Johannis,
1261 4365 1302 4414 ao
1385 4403 1391 4414 .

174 4453 266 4521 Pauli
282 4451 341 4540 filij
374 4455 511 4538 Nicolai,
544 4455 607 4524 hoe
639 4457 751 4524 ordine
783 4455 1036 4544 distingerentur
1051 4482 1059 4522 :
1077 4456 1186 4524 Prima
1217 4461 1304 4524 meta

169 4568 259 4629 esset
289 4561 406 4631 fluuius
437 4563 520 4631 Saar
535 4585 556 4632 a
571 4571 664 4650 parte
690 4565 895 4652 oooidentali,
913 4566 969 4650 qui
984 4567 1120 4635 oriretur
1135 4565 1176 4633 ds
1193 4565 1303 4652 Sayou
