3098 5132
146 1217 182 1284 ‚A
197 1219 349 1284 ceteuczcc'
366 1220 584 1306 idztdrsuadp
600 1219 692 1282 lecolo
715 1217 851 1302 Rapnza
878 1215 1041 1295 vducuhoz,
1066 1211 1211 1298 mdytpet
1238 1235 1277 1276 aa

144 1325 417 1412 uqyenctienceyek
457 1326 654 1390 elinttzdscvc
693 1321 867 1387 vonuttozd
905 1320 1100 1385 tucetetuett
1131 1322 1276 1404 mcpivy'u.

668 1433 764 1498 1226.

252 1629 292 1694 In
308 1647 420 1694 mense
445 1627 579 1710 Aprilis,
595 1625 775 1694 indictione
791 1623 879 1690 XIV.
905 1623 1182 1693 Recordationem
1200 1623 1276 1688 faci-

145 1756 218 1814 mus
233 1737 275 1804 de
302 1735 421 1804 titteris
454 1735 530 1821 iltis,
547 1753 630 1818 quas
646 1733 872 1800 mandavimus
904 1731 1022 1799 Oomiti
1046 1735 1216 1819 Ragusino
1245 1743 1278 1800 et

152 1845 267 1930 populo
281 1844 447 1928 universo,
465 1862 601 1925 quarum
619 1851 713 1910 tsuor
729 1842 806 1907 tatis
822 1849 888 1906 est:

151 1967 175 2026 sc
223 1951 287 2040 RP.
328 1949 423 2016 Ziani
462 1949 523 2015 Dei
554 1948 662 2034 gratia
704 1949 926 2032 veneciarum,
968 1947 1136 2016 Dalmaoie
1176 1957 1275 2033 atque

144 2056 301 2126 dinoscis
333 2058 419 2146 Dux,
452 2058 611 2124 Dominus
641 2057 765 2136 erarte
795 2056 903 2122 Partis
933 2063 966 2121 et
998 2055 1141 2126 Dimidie
1167 2059 1271 2126 tocius

142 2166 276 2252 imperii
291 2165 454 2234 Romania
467 2165 538 2232 viro
549 2166 690 2250 Egregie
699 2162 841 2232 Johanui
851 2161 1003 2230 Danduto
1014 2163 1192 2248 propinquo
1208 2185 1268 2232 sno

141 2272 289 2356 dilectu:
306 2273 434 2360 domiti,
465 2272 545 2339 viris
576 2292 702 2356 quoque
734 2270 918 2356 Nobilibus,
942 2269 1110 2337 Judicibus
1144 2279 1177 2336 et
1209 2274 1269 2340 tuti

150 2383 262 2466 populo
272 2379 441 2464 Rugusiuo
457 2387 489 2446 et
499 2378 873 2462 cunctissuisfidelibus,
886 2378 1025 2445 salutern
1043 2384 1076 2445 et
1092 2377 1272 2446 dilectionis

149 2491 303 2557 affectum.
333 2487 486 2573 Litteras,
519 2507 601 2571 quas
632 2488 727 2554 nobis
768 2506 871 2572 nuper
902 2485 1047 2570 misistis,
1081 2494 1113 2552 et
1154 2489 1270 2556 missos

148 2597 347 2681 recipientes,
375 2594 461 2678 quod
488 2596 597 2662 littere
627 2594 698 2678 ipse
723 2593 954 2678 continuerint,
981 2601 1012 2659 et
1039 2593 1129 2661 missi
1153 2595 1269 2663 iisdem

32 2723 33 2726 ’
143 2705 326 2788 'exprimere
342 2701 773 2786 voluerint,'intclleximus;
791 2698 835 2764 ad
850 2719 912 2784 que
927 2719 1015 2775 sanc,
1031 2701 1058 2767 si
1074 2721 1133 2786 pro
1150 2705 1272 2772 meritis

148 2811 234 2878 vobis
266 2809 465 2894 respondere
498 2811 725 2892 voluissemus,
756 2829 804 2892 ea,
831 2829 894 2890 quc
910 2817 1086 2876 vestratum
1105 2811 1190 2895 aptud
1209 2833 1268 2879 nos

146 2919 260 2986 tuerint
276 2923 416 3002 reperte,
433 2917 544 2984 omnia
560 2915 877 2999 intromississcmns,
894 2935 967 2983 cum
994 2915 1035 2983 de
1052 2914 1219 2984 obsidibus
1237 2932 1268 2984 et

147 3028 265 3108 ceteris,
281 3044 345 3108 que
360 3023 429 3089 fieri
445 3023 540 3090 nobis
558 3032 590 3089 et
615 3023 793 3090 transmitti
820 3024 1047 3109 expetivimus,
1064 3023 1145 3089 nihil
1161 3027 1270 3092 velitis

145 3135 336 3219 adimplere.
369 3133 413 3199 At
439 3151 513 3199 cum
547 3132 638 3198 missi
671 3132 770 3199 vestri
804 3133 965 3198 instanter
996 3139 1188 3216 assererent,
1214 3156 1271 3201 vos

147 3249 271 3324 paratos
305 3257 377 3304 esse
394 3237 438 3304 ad
453 3237 586 3305 obsides
604 3239 699 3304 nobis
729 3237 952 3323 destinandos,
970 3247 1012 3320 ct,
1030 3249 1065 3302 ut
1082 3237 1122 3303 de
1155 3250 1266 3309 nostro

146 3349 294 3416 mandato
309 3353 368 3432 est,
384 3345 532 3412 inimicos
550 3355 678 3413 nostros
695 3347 805 3414 verius
822 3354 853 3412 et
873 3367 938 3414 non
964 3345 1106 3430 fictepro
1123 3347 1266 3416 inimicis

143 3455 459 3534 >internoscenda
491 3452 643 3522 Oacikius
675 3455 708 3520 id
724 3463 825 3522 totum
856 3455 974 3537 facere,
1000 3453 1087 3538 qnod
1103 3455 1206 3523 Jadra
1238 3468 1269 3524 et

145 3571 242 3630 cetere
273 3563 381 3628 insule
412 3567 523 3628 nostre
557 3563 694 3646 proinde
725 3563 869 3629 tacerent
899 3583 939 3627 ex
970 3570 1080 3628 nostro
1104 3573 1268 3649 precepto,

145 3671 316 3738 secundum
347 3678 421 3735 rota
453 3689 512 3736 seu
544 3669 708 3736 racionem
742 3675 774 3738 ct
793 3670 1006 3752 quantitatem
1023 3671 1268 3754 possibilitatis,

140 3777 303 3864 Ragusine
336 3777 471 3844 Civitati
502 3797 523 3843 a
554 3778 731 3862 gravedine
762 3785 874 3846 vestra
904 3778 1097 3846 retraximus
1124 3802 1265 3866 manum,

144 3887 221 3953 sctis
235 3886 317 3972 ipsis
334 3884 430 3951 fldem
446 3885 653 3953 adhibentes.
685 3886 758 3965 Qua
774 3886 815 3952 dc
832 3905 933 3954 causa
960 3885 1156 3955 mandamns
1172 3891 1267 3958 vobis

143 3991 358 4078 precipiendo,
382 3998 554 4078 quatenos,
579 4014 644 4078 que
669 3995 756 4061 dictu
782 4001 867 4078 sunt,
893 3993 1071 4080 adimplere
1087 3995 1266 4063 studiosius

137 4100 291 4189 debeatis,
318 4103 367 4168 ita
382 4099 518 4183 quodde
530 4136 573 4148 -
589 4135 633 4150 -·
649 4139 693 4148 -
710 4098 841 4169 obsides
852 4100 950 4186 ipsos,
976 4120 1109 4185 qnorum
1136 4103 1268 4171 nomina

141 4207 271 4275 inferius
302 4207 425 4294 scripta
456 4215 543 4291 sunt,
577 4208 672 4277 nobis
689 4208 879 4293 adimplere,
909 4207 985 4274 hino
1009 4208 1053 4273 ad
1085 4207 1265 4292 proximum

144 4314 256 4384 testum
287 4317 481 4384 Sanctorum
513 4314 745 4402 Apostolorum
777 4315 864 4382 Petri
895 4323 928 4382 ot
944 4315 1039 4382 Pauli
1057 4315 1200 4400 mittatis,
1221 4319 1268 4385 sic

140 4431 262 4490 uttunc
277 4423 394 4491 sintin
410 4423 574 4490 Veneoiis.
601 4424 687 4491 Nam
714 4445 772 4491 vos
788 4423 872 4490 scire
896 4421 1055 4510 volumus,
1080 4442 1216 4508 quorum
1231 4425 1261 4492 si

139 4531 269 4598 alterins
285 4531 406 4616 aliquis
433 4531 615 4616 vetulique
646 4537 826 4600 vestrorum
853 4528 899 4596 ad
924 4527 1082 4598 venecias
1109 4530 1259 4599 habuerit

32 4705 33 4738 Ξ
136 4657 307 4722 accessum,
340 4637 381 4705 de
411 4631 473 4705 hiis
506 4640 615 4720 rebus,
648 4658 710 4721 qtre
726 4638 766 4705 de
783 4647 870 4705 terra
887 4637 943 4703 itta
959 4657 1069 4704 secum
1103 4637 1266 4727 detulerit,

1097 4743 1158 4812 13·
