3078 5128
779 245 939 351 gae-

297 453 392 530 tare,
432 441 519 529 qnod
556 463 628 514 eum
666 441 811 514 homines
843 445 884 514 de
916 443 998 514 villa
1031 442 1222 534 Zelepcben,
1254 443 1362 532 llylos
1387 445 1435 514 et

296 552 1433 643 mmmmfflmm

299 661 490 728 Dominicus
529 667 562 729 et
600 661 763 748 Andreas,
809 683 830 729 a
868 661 983 749 primis
1021 681 1080 730 sae
1118 663 1290 746 parentela
1326 661 1438 728 lineis

298 769 451 836 libertate
488 774 670 835 nostmrum
707 769 921 837 seruieneium
966 768 1108 836 feliciter
1153 768 1345 856 gaudentes,
1386 767 1435 835 ad

299 881 444 944 nostram
481 875 697 944 accessissent
734 877 946 964 presenciam,
995 876 1088 944 nobis
1129 896 1223 944 suam
1271 892 1443 962 cxposne':
1530 907 1531 964 i

301 991 382 1050 runt
411 981 629 1068 voluntatem
669 985 756 1067 quod
788 986 933 1070 ipsorum
964 985 1065 1072 plena
1094 987 1181 1050 esset
1211 982 1363 1051 voluntas
1397 989 1433 1050 et
1530 1015 1531 1056 1

303 1096 468 1176 promptus
485 1089 622 1178 alectus,
638 1097 714 1158 voto
731 1091 802 1177 pari
821 1111 893 1158 eum
905 1091 1054 1158 omnibus
1065 1090 1133 1157 suis
1144 1089 1327 1173 heredibus,
1338 1087 1436 1156 bere·
1530 1113 1531 1182 j

302 1197 443 1280 dumque
460 1217 588 1265 suorum
603 1197 855 1278 successoribus,
872 1200 1039 1264 consoreio
1050 1196 1265 1282 jobagionnm
1276 1196 1431 1264 Ecclesia
1530 1183 1531 1202 ³

303 1311 414 1373 nostre
430 1305 472 1374 de
488 1305 600 1372 Grana
610 1305 718 1390 jungi,
750 1305 923 1388 dignanter
954 1325 1064 1372 eorum
1096 1303 1241 1372 cilicium
1272 1323 1436 1372 exerceri·
1530 1315 1531 1356 1

306 1414 392 1480 dum.
417 1412 514 1482 Vnde
529 1411 615 1479 idem
630 1413 748 1480 Nostre
772 1411 938 1480 Maiestati
971 1411 1135 1480 humiliter
1165 1410 1378 1499 duplicantes,
1413 1431 1441 1494 a,

306 1522 401 1588 nobis
415 1521 612 1589 unanimiter
628 1521 842 1607 postularunt,
872 1529 907 1588 rt
922 1520 1067 1607 ipsorum
1083 1521 1286 1588 voluntatem
1303 1519 1435 1605 pariter

307 1635 340 1695 et
355 1627 507 1695 affectum
524 1627 615 1696 iuxta
630 1629 799 1715 peticionis
815 1647 873 1696 sue
888 1627 1025 1697 sormam
1041 1628 1084 1695 ad
1100 1625 1322 1696 desideratum
1334 1625 1437 1694 duce·
1530 1629 1531 1704 ξ

306 1754 414 1802 remus
429 1737 588 1802 effectum.
613 1737 681 1804 Nos
696 1735 795 1821 igitur
821 1757 931 1803 eornm
966 1737 1118 1820 congruis
1148 1725 1445 1820 postulacionibus
1530 1769 1531 1800 t

304 1843 420 1910 fauore
435 1849 616 1912 annuentes
633 1843 794 1930 beniuole,
810 1844 1004 1910 auctoritaie
1015 1843 1119 1927 Regia
1128 1841 1279 1908 duximus
1290 1847 1441 1908 statnen-
1530 1863 1531 1940 j

307 1950 392 2034 dum,
412 1955 446 2016 et
462 1951 702 2020 deliberacione
719 1951 857 2038 prouida
876 1948 1115 2018 ordinandum:
1142 1949 1229 2032 quod
1260 1955 1329 2016 tam
1361 1947 1442 2034 ipsi,
1530 1973 1531 2032 r

245 2071 247 2074 ·
309 2077 406 2143 qnam
422 2058 566 2145 ipsorum
582 2057 730 2146 heredes,
745 2057 965 2144 heredumque
980 2077 1109 2126 suorum
1136 2075 1345 2125 successores
1377 2051 1441 2122 illu¹
1530 2051 1531 2126 l

306 2166 467 2236 libertatis
482 2167 667 2235 muniantur
681 2167 786 2252 titulo,
804 2188 868 2252 quo
885 2167 984 2262 ceteri
996 2165 1194 2256 jobagioncs
1220 2187 1241 2232 a
1272 2163 1441 2250 pijssimis

307 2273 571 2344 antecessoribus
587 2275 709 2344 nostris
723 2276 947 2344 Ecclesiamm
964 2274 1069 2342 officio
1084 2273 1229 2361 deputati
1246 2279 1322 2338 sunt
1346 2271 1440 2339 beni·
1530 2261 1531 2354 ξ

307 2401 371 2464 gne
387 2381 512 2447 muniti.
539 2380 786 2451 Verumtamen
802 2385 831 2452 si
857 2383 1058 2468 contingeret
1089 2380 1224 2450 eosdem
1255 2380 1442 2448 suecessio-

239 2576 240 2580 Ἰ
307 2489 402 2556 uibus
419 2487 722 2574 heredumsomnino
738 2509 869 2578 carere;
886 2497 974 2558 terra
990 2491 1135 2576 ipsorum
1151 2485 1383 2555 nichilominus
1393 2486 1442 2554 ad

309 2594 360 2662 ius
376 2603 567 2682 perpetuum
582 2597 733 2666 Ecclesia
764 2603 998 2684 prememorata
1029 2595 1231 2665 deuoluatur.
1271 2595 1438 2662 lletarnm

309 2707 417 2769 autem
433 2709 518 2771 terre
533 2705 663 2774 illorum
678 2707 937 2794 assignationes,
953 2707 1038 2775 sieut
1054 2706 1096 2773 ab
1112 2725 1169 2774 ere
1185 2703 1295 2772 dilecti
1310 2701 1439 2770 attide·

310 2807 352 2874 lis
368 2809 472 2877 nostri
488 2809 622 2880 (inmitis
638 2813 831 2882 Alecsandri
848 2811 935 2901 (igy)
952 2812 1140 2898 didicimus,
1164 2811 1325 2898 presentis
1357 2809 1441 2878 seri·
1530 2803 1531 2872 ἶ

310 2913 358 3000 pti
387 2919 566 3003 patrocinio
597 2921 781 2988 censuimus
812 2919 1028 2989 annotandas·
1067 2919 1177 2986 Prima
1207 2918 1318 3005 itaque
1347 2923 1444 2984 meta
1530 2957 1531 3000 3

311 3022 426 3111 incipit
442 3047 483 3095 ex
498 3033 592 3114 parte
605 3029 684 3097 ville
699 3030 827 3116 Nyweg
842 3031 1009 3097 nominate
1025 3029 1117 3096 iuxta
1134 3025 1309 3113 quamdam
1332 3025 1444 3094 multi·

318 3130 461 3199 tudinem
477 3135 640 3222 arborum,
657 3156 720 3220 que
736 3136 905 3222 vulgariter
921 3140 1017 3224 Moya
1035 3135 1132 3223 Gugo
1157 3139 1379 3218 nuncupatur;
1407 3141 1445 3202 et

313 3238 404 3304 iuxta
419 3241 557 3308 eandem
577 3246 670 3332 Moya
685 3244 783 3331 Guya
798 3245 936 3310 tendens
952 3243 1143 3326 contiguant
1157 3247 1242 3309 terre
1267 3239 1443 3321 (inundes,

314 3346 370 3414 vbi
384 3355 461 3416 snnt
476 3349 642 3416 monticuli
661 3355 818 3418 metarum
850 3349 892 3416 de
922 3356 1011 3418 terra
1040 3349 1224 3432 factarum5
1249 3347 1328 3415 inde
1358 3367 1445 3415 vero
1530 3329 1531 3400 ἓ

314 3454 407 3520 vadit
423 3455 518 3522 iuxta
532 3475 631 3523 vnum
655 3463 820 3526 creatbwcc
844 3479 903 3544 per
933 3459 1077 3544 longum,
1109 3454 1144 3522 in
1174 3457 1312 3523 termino
1345 3456 1445 3524 cuius
1530 3439 1531 3448 ἵ

314 3559 483 3630 descendit
498 3562 541 3629 ad
557 3563 720 3648 quandam
737 3585 1003 3650 cauemam„quc
1018 3565 1104 3648 wigo
1115 3565 1230 3654 palatos
1254 3587 1357 3630 cerem
1382 3584 1447 3631 ne·
1530 3585 1531 3642 ᾗ

316 3669 476 3756 minatur;
501 3669 617 3740 deinde
633 3679 742 3739 autem
757 3674 894 3741 tendens
911 3673 944 3738 in
961 3679 1056 3760 prato
1072 3693 1130 3758 per
1144 3691 1259 3739 nemus
1275 3671 1447 3756 quoddam
1530 3703 1531 3746 5

315 3777 432 3844 transit
446 3778 533 3845 vltra
548 3778 682 3847 fluuium
700 3781 806 3866 Zptua
821 3801 920 3866 supra
945 3787 1065 3846 terram
1097 3779 1276 3864 arabilem,
1301 3785 1334 3844 et
1364 3778 1450 3846 inde

317 3884 478 3953 transiens
495 3906 552 3970 per
566 3887 706 3955 medium
723 3889 875 3955 arborum
890 3888 1142 3971 fructiferarum,
1157 3885 1369 3971 reditusque
1384 3885 1449 3953 fln-
1530 3929 1531 3936 κ

317 3991 404 4058 uiam
420 3991 554 4078 Hecba;
583 4001 614 4062 et
631 3996 790 4063 transiens
808 4017 865 4083 per
881 3997 1022 4064 eundem
1033 3995 1167 4063 fluuium
1184 3993 1277 4061 vadit
1291 3993 1335 4060 ad
1351 4013 1445 4060 cam·
1530 3995 1531 4072 j

317 4118 394 4182 pum
410 4098 633 4169 iuxtaterram
651 4105 816 4171 memorati
835 4101 973 4172 (lenden
991 4104 1025 4169 in
1042 4105 1195 4188 longum;
1216 4099 1291 4168 inde
1307 4119 1387 4168 vero
1404 4100 1452 4168 ad
1530 4115 1531 4162 t

319 4221 416 4271 snum
431 4219 594 4294 ereetum
616 4209 734 4279 deinde
750 4210 918 4279 descendit
935 4209 979 4278 ad
993 4211 1111 4278 flumen
1137 4208 1314 4295 Terenehe,
1347 4209 1449 4277 cuins

318 4309 459 4382 fluminis
476 4313 637 4384 medietas
653 4319 793 4405 pertinet
809 4319 852 4386 ad
867 4319 1016 4386 homines
1033 4317 1218 4402 eorundem,
1243 4315 1347 4383 altera
1365 4334 1449 4384 vero

319 4419 478 4488 medietas
494 4430 621 4509 spectat
637 4426 677 4494 ad
695 4426 747 4492 ius
763 4427 840 4494 ville
855 4423 983 4513 Hymd3
1005 4425 1083 4492 inde
1099 4432 1206 4492 autem
1236 4423 1327 4490 iuxta
1360 4423 1454 4490 idem
1530 4419 1531 4502 i

320 4525 556 4595 lamentandit
572 4533 721 4617 superius
751 4534 795 4602 ad
825 4533 940 4605 villam
971 4533 1119 4602 Ecclesie
1150 4529 1351 4618 supradicte,
1386 4552 1455 4617 que
