3078 5128
827 305 893 385 acl

291 507 341 587 Ex
355 515 419 606 his,
436 533 499 602 que
514 512 557 583 ad
575 513 777 584 audientiam
798 521 942 583 nostram
953 514 993 582 de
1008 514 1128 602 Apulia
1144 515 1289 604 partibus
1313 518 1427 588 fidelis
1522 535 1523 598 l

291 625 407 692 relatio
419 621 559 711 protulit,
576 623 618 690 de
634 623 726 691 robis
743 623 786 690 ad
799 643 858 692 nos
873 624 1068 692 turbationis
1094 625 1249 712 occassio,
1266 647 1340 694 cum
1360 628 1421 694 ad·
1522 627 1523 710 l

290 731 462 799 miratione
486 731 643 816 pervenit,
679 731 829 819 dumpro
862 729 1019 798 fructibus
1052 729 1236 800 devotionis
1268 739 1301 799 et
1331 735 1424 820 fidei,
1522 737 1523 826 ζ

292 859 387 924 quam
398 839 560 907 Maiestati
576 838 696 906 Nostra
706 836 841 926 debetis,
858 839 1008 908 aborsum
1025 839 1189 923 opinionis
1205 843 1300 930 hone,
1316 864 1423 927 qnam

291 946 411 1014 dudum
428 946 469 1014 de
485 947 577 1015 vobis
594 965 853 1033 conceperamus,
886 947 1016 1014 offertis.
1034 946 1113 1014 (lum
1130 949 1215 1016 enim
1237 969 1278 1016 ex
1303 971 1421 1038 recep·
1522 1029 1523 1032 Ἴ

289 1057 332 1147 tis
348 1054 475 1124 duobus
494 1053 707 1122 humanitatis
729 1053 897 1140 exemplis,
912 1062 945 1121 et
959 1063 1138 1122 vestrorum
1166 1056 1316 1124 obsidum
1332 1059 1422 1126 dati-

290 1163 493 1250 amandolas
509 1165 613 1232 nostri
630 1164 671 1230 de
686 1165 799 1250 Regno
825 1164 921 1232 fidem
946 1185 967 1231 a
992 1164 1087 1232 robis
1112 1163 1211 1250 plene
1236 1166 1276 1231 de
1302 1167 1417 1234 debito

289 1269 473 1340 securitatis
490 1279 676 1359 expectent;
697 1271 846 1339 nonnulli
866 1291 907 1340 ex
922 1271 1014 1339 robis
1040 1273 1099 1340 sub
1128 1274 1312 1340 velamento
1337 1273 1421 1341 lide·

292 1381 369 1447 lium
385 1401 442 1465 per
459 1379 577 1465 Apulia
594 1378 789 1446 maritimam
806 1377 1035 1465 discurrentes,
1053 1379 1226 1465 piraticam
1247 1380 1281 1445 in
1307 1380 1416 1465 regui·
1522 1377 1523 1440 Ϊ

290 1487 379 1555 colas
396 1487 507 1554 fideles
538 1493 666 1554 nostros
698 1493 859 1574 exercent,
893 1493 926 1554 et
957 1506 1020 1570 quo
1052 1487 1158 1572 magis
1189 1507 1356 1556 movemur
1389 1495 1423 1555 et

290 1595 430 1678 dignius,
446 1595 594 1664 ruscella
622 1594 810 1679 specialiter
841 1593 1032 1678 navigantis
1063 1615 1134 1661 cum
1168 1597 1264 1663 rebus
1294 1597 1420 1662 nostris
1522 1609 1523 1612 ’

290 1701 467 1786 offendunt,
485 1701 669 1768 mutatisin
702 1701 765 1768 hiis
796 1701 982 1769 victricibus
1014 1701 1199 1786 aquilarum
1232 1711 1419 1770 nostrarum

291 1807 450 1896 insigniis,
476 1817 512 1874 ut
543 1807 735 1892 navigantes
762 1807 924 1894 intrepide
949 1809 1080 1877 dolosas
1105 1812 1250 1896 ipsorum
1277 1809 1441 1876 insidias·

291 1915 609 1985 conscientem
634 1915 744 2002 igitur,
772 1916 857 1983 sient
881 1936 940 2002 pro
966 1925 1053 1984 certo
1078 1925 1233 2002 tenemus,
1261 1917 1421 1984 committi

289 2025 436 2112 predicta
452 2045 515 2092 non
532 2022 675 2110 valeant,
701 2024 779 2108 quin
794 2023 877 2109 ipsis
895 2023 1102 2108 cognirentia
1128 2032 1239 2092 vestra
1262 2025 1314 2091 vel
1341 2045 1419 2091 con·
1522 2071 1523 2074 ,

190 2207 194 2216 ,
289 2153 404 2202 sensus
421 2132 566 2218 accedat,
596 2129 758 2199 devotioni
784 2137 892 2199 vestre
918 2132 1123 2218 mandamus,
1151 2133 1303 2217 quatinus
1326 2129 1419 2198 infra
1522 2137 1523 2196 l

288 2241 320 2306 11
362 2260 491 2308 menses
521 2257 542 2305 a
576 2238 760 2324 receptione
793 2238 990 2324 presentium
1022 2239 1251 2328 numerandos,
1269 2238 1417 2324 dampna
1522 2237 1523 2240 ’

289 2367 427 2434 qnoque,
447 2366 510 2431 quc
530 2344 601 2431 Vgo
622 2346 662 2414 de
681 2346 768 2412 Lilia
784 2346 940 2430 Magister
956 2345 1149 2414 Procurator
1165 2347 1262 2414 Curie
1278 2344 1312 2412 in
1327 2345 1418 2432 Apu·
1522 2425 1523 2430 ἵ

288 2457 336 2524 lia
351 2453 455 2522 fidelis
480 2460 590 2520 noster
617 2473 674 2540 per
698 2454 825 2521 litteras
852 2473 931 2522 suas
965 2453 1058 2521 vobis
1083 2455 1235 2536 ascribet,
1259 2454 1355 2521 nobis
1384 2461 1416 2519 et

285 2562 460 2648 regnicolis
478 2561 630 2630 fidelibus
647 2561 763 2631 nostris
779 2563 884 2645 illata,
901 2561 1028 2630 faciatis
1045 2582 1118 2628 eum
1128 2562 1215 2631 omni
1225 2561 1415 2645 integritate

287 2668 423 2740 restitui.
438 2667 554 2748 Scitur,
571 2669 658 2752 quod
675 2671 703 2735 si
721 2669 753 2737 in
785 2669 929 2756 presenti
950 2669 1105 2736 mandato
1135 2676 1245 2737 nostro
1271 2689 1336 2734 non
1363 2668 1412 2734 iu·
1522 2653 1523 2656 ¹

289 2777 350 2844 erit
365 2798 386 2843 a
402 2775 494 2845 vobis
511 2775 620 2844 debita
637 2777 862 2846 satisfactione
882 2777 1056 2866 provisum,
1075 2777 1224 2845 fidelibus
1249 2777 1368 2845 nostris
1385 2784 1417 2844 et
1522 2769 1523 2826 Ῠ

289 2887 380 2954 nobis
400 2883 498 2971 digne
516 2886 746 2954 mandabimus
778 2885 848 2978 fore
879 2893 1016 2955 cautum.
1048 2886 1132 2953 Date
1160 2866 1253 2973 apud
1285 2887 1413 2971 Aquam

287 2995 496 3079 Pendentem,
511 2993 603 3062 XIII.
621 2993 733 3063 Marcii
749 2995 791 3062 11.
810 2993 1033 3065 indictitionis.
1055 3011 1058 3018 ·

397 3193 537 3255 (Eredetie
555 3193 738 3261 bdrhartyam
758 3212 774 3246 a
792 3195 866 3246 beeri
886 3193 1005 3247 csaszdri
1020 3193 1109 3246 titlros
1122 3192 1317 3256 levdltarban.)

716 3484 982 3497 *—

814 4010 890 4088 239.

288 4211 401 4280 Intacta
418 4212 553 4302 eriprdbi
563 4216 750 4304 pltspiikrrck
765 4217 963 4308 Drauclryrrc
979 4221 1137 4308 helyodpet
1153 4219 1309 4308 &irppuad
1340 4223 1415 4288 cdo·
1491 4237 1495 4246 '

286 4325 409 4407 mdayo
423 4322 605 4391 Brorirr’rtur'
620 4325 718 4390 Mario
734 4349 845 4412 comeo,
868 4327 1018 4394 Broctac
1040 4329 1096 4411 fia
1125 4331 1286 4394 ammeca.
1314 4329 1414 4396 1244.

394 4517 580 4603 Stephanus
595 4517 658 4586 Dei
674 4519 787 4602 grauia
803 4517 982 4608 Episcopus
998 4524 1232 4609 Zagrabiensis
1263 4525 1430 4616 omuibus⁸

290 4629 460 4712 presentes
476 4622 597 4690 litteris
612 4623 807 4713 inspecturis
832 4629 970 4699 salutem
999 4629 1033 4697 in
1064 4650 1141 4701 uero
1171 4632 1323 4704 salutari.
1364 4630 1415 4702 ald
1522 4629 1523 4632 ’
