3150 5162
668 937 743 1008 358.

139 1139 251 1202 Ietvdn
267 1135 372 1226 erohb
386 1137 566 1228 hirdlynuk
581 1137 856 1226 praesumptuoso,
874 1142 956 1226 hopy
972 1138 1085 1207 Gothor
1101 1151 1209 1206 menter
1235 1143 1267 1208 ie

138 1243 260 1332 Rafael
291 1271 313 1314 a
343 1246 490 1314 tortorio
512 1243 722 1334 feoufor·9ott
748 1269 846 1332 poree
877 1247 998 1334 oppono
1022 1248 1265 1336 hieppozhedteh.

655 1355 754 1422 1261.

138 1548 172 1610 (Δ
190 1549 258 1616 gros
287 1549 376 1616 Ziehy
406 1548 500 1604 oselrtd
531 1548 725 1616 Okmtnyttrs
753 1549 775 1602 Ι.
808 1548 894 1602 rotet
925 1549 1000 1615 Post,
1024 1555 1100 1606 1871.
1135 1556 1174 1602 11.
1206 1553 1263 1618 lup.

477 1639 616 1707 vtghelyi
629 1641 720 1694 Dezsb
732 1639 932 1707 hbzlembnye.)

567 1925 834 1940 ‘nna—un*

656 2463 731 2532 354.

135 2657 247 2727 lovon
264 2658 373 2747 iffahh
388 2661 500 2748 kirtly
514 2663 695 2750 moportisiti
710 2656 768 2728 IV.
784 2661 870 2728 Bora
884 2664 1062 2750 kirdlprtok
1086 2661 1178 2730 Chen
1194 2663 1264 2751 fril-

134 2769 186 2834 det
201 2770 363 2855 torpyaso
378 2771 576 2856 ariomrioydt
592 2793 614 2834 a
629 2768 778 2855 seponas·
792 2768 952 2856 vendopeh
975 2775 1135 2838 ετάηιάνα.
1169 2772 1265 2838 1261.

244 2963 431 3048 Stephanus
447 2966 508 3032 Dei
525 2965 638 3049 grenio
652 2965 721 3032 Rex
738 2963 974 3049 primogenitus
999 2963 1133 3032 illustris
1164 2964 1264 3049 Regis

133 3072 280 3158 Vngsrie
296 3073 371 3140 Dux
389 3075 625 3142 Troosiluenus
642 3073 792 3141 omnihus
808 3071 928 3140 Christi
952 3070 1103 3140 fidelihus
1131 3091 1260 3157 presen·
1280 3159 1286 3166 ¹

131 3187 196 3250 tem
213 3181 372 3267 paginam
389 3181 586 3266 inspeeturis
603 3182 741 3249 salutem
757 3181 791 3248 in
823 3180 967 3248 omnium
999 3183 1174 3248 saluatore.
1211 3178 1264 3247 Ad

134 3290 360 3355 uniuersorum
377 3289 530 3356 noticiam
548 3288 662 3356 harum
678 3289 764 3356 serie
782 3289 930 3357 volumus
963 3287 1141 3376 peruenire,
1174 3289 1262 3373 qnod

132 3397 247 3464 fideles
272 3395 415 3484 hospites
447 3397 551 3466 nostri
581 3397 622 3464 de
652 3398 786 3482 Soynno
816 3395 860 3462 ad
891 3403 1036 3465 nostram
1070 3397 1262 3465 secedentes

134 3505 341 3588 presentiam
358 3525 380 3570 e
395 3504 497 3572 nobis‘
504 3505 670 3572 humiliter
684 3505 865 3593 pecierunt,
882 3511 917 3571 ut
933 3503 1143 3592 priuilegium
1161 3525 1181 3572 o
1207 3505 1262 3574 do·

135 3613 225 3676 mino
242 3612 341 3695 Rege,
358 3612 532 3680 karissimo
550 3619 645 3698 patre
661 3633 772 3680 nosrro
788 3612 835 3680 eis
856 3631 954 3698 super
972 3611 1151 3680 eollsoione
1175 3617 1262 3681 terre

132 3719 279 3802 ipsorum
295 3739 482 3787 conoessum
498 3727 607 3788 nostro
625 3719 832 3805 dignaremur
857 3719 1028 3806 priuilegio
1061 3719 1260 3788 confirmare.

130 3825 200 3891 Nos
216 3825 376 3909 siquidem
392 3827 486 3896 iustis
502 3826 654 3912 precibus
671 3826 847 3896 eorundem
863 3826 1088 3896 innutabiliter
1114 3847 1257 3896 annuen-

132 3941 180 3999 tes
199 3939 344 3998 tenorem
362 3932 442 3999 dieti
458 3930 624 4018 priuilegij
642 3930 683 4000 de
698 3933 799 4000 uerbo
815 3932 859 4000 ad
875 3933 1010 4002 uerbum
1028 3933 1162 4001 rescribi
1177 3935 1258 4002 faoi·

132 4047 235 4124 entes,
250 4039 314 4106 biis
330 4039 483 4108 duximus
497 4039 731 4108 annotandum.
756 4039 820 4118 Qui
836 4041 915 4108 talis
931 4047 998 4108 est:

238 4147 320 4215 Beta
335 4147 377 4216 D.
394 4169 441 4232 gr.
458 4149 627 4234 Hungorie
642 4147 694 4216 stb
719 4151 789 4216 Rex
805 4151 866 4218 stb.
884 4147 1097 4238 (kbvetkezik
1112 4150 1166 4218 IV.
1178 4151 1261 4218 Boia

131 4253 308 4341 kirhiynek
326 4255 462 4324 theo-ki
478 4256 676 4344 ademimus,
692 4257 774 4323 mint
789 4256 923 4323 ientebb
939 4259 1015 4325 286.
1033 4277 1078 4326 sz.
1095 4255 1142 4346 o.)

238 4361 308 4430 Nos
325 4362 496 4448 siquidem,
512 4371 546 4431 vt
562 4362 661 4431 iidem
677 4363 826 4450 hospites
842 4364 944 4431 nostri
960 4363 1091 4432 facilius
1116 4371 1149 4432 et
1171 4385 1260 4434 seon-

130 4469 193 4536 riue
219 4476 467 4559 oongregsntnr,
499 4479 530 4539 et
555 4473 747 4558 congregati
779 4471 977 4542 commodius
1009 4481 1257 4564 eommorentur,

130 4583 273 4646 tenorem
290 4577 410 4661 prefati
426 4577 591 4667 priuilegij
610 4600 668 4672 per
684 4581 813 4666 singula
845 4581 1064 4668 approbantes
1095 4565 1260 4668 presentis
