3120 5148
787 291 950 394 ..Q

308 490 520 555 seminarunt.
545 487 598 554 Ad
615 506 713 571 quam
729 477 871 554 messem
884 487 1018 556 cottidie
1035 491 1215 577 anelantes,
1246 497 1280 557 et
1312 490 1444 557 diutur-

305 593 359 660 nis
376 595 548 674 gemitibus
564 596 777 680 suspirantes,
793 595 925 680 dignum
958 603 990 662 et
1021 599 1239 665 necessarium
1271 595 1438 686 duximus,

175 771 178 775 ,
307 700 477 769 uniuersas
492 701 554 768 Dei
572 702 738 769 Ecclesiae
754 709 786 769 et
801 722 960 788 personas
976 706 1079 770 sacris
1096 705 1213 788 officijs
1228 704 1439 790 mancipatas

307 812 340 875 in
355 811 467 894 Regno
483 818 595 877 nostro
612 816 791 895 protegere,
808 813 1025 894 uniuersaque
1042 812 1200 879 beneficia
1210 812 1438 880 munificencia

305 917 431 1000 Regum
470 917 540 984 siue
585 917 772 1002 Principum
803 919 957 1001 largitate
991 919 1039 985 eis
1070 925 1205 1002 erogata
1235 920 1438 987 confirmare.

307 1024 407 1092 Sacro
424 1025 522 1109 igitur
537 1024 658 1091 Milioie
672 1025 803 1108 Templi
820 1025 1007 1108 religiosum
1018 1024 1228 1093 deuooionem
1240 1033 1273 1092 et
1283 1027 1443 1093 assiduos-

305 1134 444 1212 labores,
460 1152 541 1217 qnos
556 1132 598 1197 ab
615 1131 763 1198 hostibus
780 1130 891 1199 Crucis
909 1130 1030 1198 christi
1048 1132 1249 1199 incessanter
1258 1133 1436 1220 perferunt,

306 1240 549 1310 considerantes
567 1247 603 1304 et·
615 1239 722 1304 ueraci
739 1237 860 1304 iudicio
877 1237 1152 1325 commendantes,
1184 1246 1305 1305 terram
1332 1261 1434 1325 quan·

306 1350 380 1416 dam
397 1347 527 1414 nomine
543 1346 699 1411 Lesnissa
714 1343 754 1411 de
771 1344 933 1411 comitutu
952 1347 993 1411 de
1003 1346 1132 1429 Posega
1142 1351 1323 1429 exceptam,
1335 1366 1436 1430 qnam

305 1458 458 1543 Obepano
474 1452 650 1531 Bachiensi
665 1463 698 1521 et
714 1453 863 1519 Palatino
882 1452 999 1524 domiti
1015 1454 1056 1519 ob
1070 1452 1234 1537 insignem
1251 1473 1310 1520 sne
1329 1454 1434 1521 fideli-

304 1565 347 1630 tis
364 1564 596 1648 constanciam,
614 1569 646 1627 et
672 1561 864 1648 multiplicia
888 1549 1033 1646 iusignia
1063 1562 1252 1628 meritorum
1282 1563 1435 1647 primitus

305 1671 559 1754 contuleramus3
584 1670 656 1754 ipse
672 1689 800 1754 qnoque
816 1670 848 1736 in
866 1671 1017 1736 extremis
1034 1670 1189 1736 laborans
1205 1678 1315 1736 nostro
1341 1670 1433 1735 beni·

305 1799 369 1863 gno
385 1797 525 1846 assensn
540 1775 677 1843 eandem
694 1786 811 1843 terram
829 1777 976 1861 predicte
991 1776 1111 1843 Milioie
1126 1777 1255 1862 Templi
1272 1779 1307 1843 in
1333 1782 1433 1844 testa·

305 1893 416 1952 mento
432 1885 592 1970 erogauit,
622 1884 719 1951 certis
736 1883 963 1968 distinctisque
988 1884 1083 1950 metis
1116 1882 1258 1968 undique
1291 1884 1432 1952 diuisam

239 2009 243 2013 ·
305 2016 363 2082 pro
380 1992 520 2060 remedio
537 1992 644 2059 anime
660 2000 771 2060 nostre
787 1993 905 2060 Domui
921 1992 1044 2059 Milioie
1070 1992 1200 2077 Templi
1224 1991 1438 2059 concedimus

307 2111 339 2171 at
354 2101 592 2171 confirmamus.
617 2101 725 2166 Prima
740 2109 826 2166 meta
841 2101 955 2186 incipit
972 2122 992 2166 a
1009 2102 1088 2184 loco,
1107 2099 1164 2183 qui
1181 2097 1440 2185 dicitantarsa,.

303 2218 335 2282 et
350 2212 455 2279 tendit
470 2210 514 2278 ad
528 2208 661 2276 fluuium
677 2208 891 2294 Dobrorelra3
915 2208 1033 2276 deinde
1048 2207 1242 2276 Dobroreka
1258 2215 1306 2274 est
1322 2207 1353 2272 ei
1368 2227 1437 2291 pro

302 2326 388 2388 meta
404 2338 506 2403 nsque
523 2320 599 2385 dum
617 2316 705 2382 cadit
721 2317 754 2382 in
770 2315 887 2382 flumen
904 2317 1068 2399 Lesnissa,
1086 2324 1202 2400 postea
1211 2315 1433 2383 Leanissaest

301 2428 364 2496 sibi
381 2449 438 2513 pro
455 2434 551 2506 mota,
567 2444 746 2508 usquequo
763 2424 851 2490 cadit
866 2425 899 2488 in
916 2423 1057 2508 Zonam3
1081 2424 1172 2490 Zona
1188 2443 1264 2490 nero
1289 2419 1438 2488 inferius

303 2532 506 2603 descendens
520 2549 621 2614 usque
637 2530 680 2596 ad
695 2531 835 2596 Trrrtina
849 2537 967 2596 metam
999 2528 1077 2595 fauit
1107 2530 1194 2596 dicte
1225 2536 1319 2615 terre,
1352 2547 1433 2612 pars

304 2651 412 2709 umen
430 2641 520 2707 Zone
536 2639 578 2705 ad
594 2635 712 2704 dictam
730 2639 867 2704 Domum
885 2636 1004 2703 Milioie
1021 2636 1151 2720 Templi
1167 2635 1311 2702 noscitur
1332 2636 1430 2720 perti·

304 2770 402 2833 nere3
427 2755 541 2834 postea
557 2754 664 2813 autem
681 2757 739 2830 per
757 2746 891 2811 Tortina
916 2742 1099 2812 ascendens
1131 2744 1280 2828 superius
1309 2762 1440 2809 uersus

302 2857 485 2942 aquilonem
503 2854 595 2922 uadit
610 2873 712 2936 nsque
728 2853 771 2918 ad
788 2859 965 2919 torrentem
981 2852 1204 2937 Wieperyek3
1227 2850 1433 2936 Wieperyek

302 2973 410 3032 autem
428 2961 633 3049 protenditur
650 2959 692 3026 ad
709 2960 795 3026 riam
814 2960 903 3044 Ban;
921 2957 1038 3025 deinde
1056 2979 1113 3043 per
1129 2960 1217 3025 viam
1227 2957 1298 3022 Ban
1309 2959 1433 3023 transi-

298 3093 358 3140 ens
375 3079 461 3138 tenet
477 3079 596 3136 metam
606 3088 680 3135 cum
690 3068 756 3134 filio
767 3068 878 3154 Marci,
890 3076 922 3134 et
933 3067 1009 3134 inde
1020 3073 1131 3146 tenens
1144 3073 1263 3131 mamm
1273 3084 1347 3130 cum
1359 3064 1432 3130 filio

297 3181 398 3247 Marci
415 3177 615 3265 protenditur
631 3177 674 3242 ad
690 3175 805 3241 collem
817 3196 970 3259 magnum
981 3174 1102 3254 Pizun;
1127 3171 1213 3240 vnde
1225 3172 1434 3258 protenditur

297 3288 341 3354 ad
352 3288 532 3372 Soelemcn,
543 3292 576 3351 et
592 3303 650 3371 per
665 3282 780 3350 collem
798 3282 980 3349 Soellemen
997 3281 1172 3349 reuertitur
1187 3278 1230 3346 ad
1247 3279 1433 3364 predictum

297 3400 404 3465 locum
416 3395 538 3461 Starsa.
552 3392 644 3460 Sicut
654 3391 741 3457 enim
752 3389 898 3476 predicto
910 3389 944 3454 C.
957 3389 1105 3455 Palatino
1115 3387 1232 3454 Comiti
1243 3389 1297 3473 pie
1313 3406 1437 3452 memo

296 3497 716 3582 rieconoesseramus‚qnod
726 3498 879 3582 quicquid
889 3497 1037 3564 homines
1048 3517 1145 3581 snper
1156 3496 1293 3562 eandem
1305 3499 1433 3559 terram

294 3613 480 3679 habitantes
491 3609 571 3693 Regi
581 3609 651 3674 siue
660 3609 751 3674 Bano
761 3608 795 3674 in
806 3607 992 3673 marturinis
1004 3606 1057 3671 uel
1066 3606 1142 3690 alijs
1153 3603 1318 3672 fiscalibus
1330 3622 1435 3668 exec-

296 3718 443 3785 cionibus
459 3717 588 3782 soluere
603 3720 761 3798 tenentur,
778 3714 839 3780 sibi
851 3712 923 3795 soli,
943 3719 974 3777 et
989 3719 1145 3795 postenm
1166 3713 1233 3779 suis
1250 3708 1435 3777 heredibus

295 3825 463 3893 noluerent
479 3821 658 3904 aunuatim,
682 3822 730 3886 ita
760 3840 819 3905 pro
850 3819 1041 3886 remissione
1071 3827 1275 3904 peccatorum
1308 3816 1431 3903 ipsius,

296 3952 392 4018 quem
410 3936 519 3995 tenere
536 3926 719 4010 dileximus,
736 3937 768 3996 et
785 3934 975 4009 nostrornm,
993 3946 1092 4011 supra
1108 3927 1196 3992 dicte
1212 3923 1328 3992 Domni
1338 3924 1436 3990 Mili·

294 4043 343 4110 oie
357 4038 485 4124 Templi
500 4037 534 4103 in
550 4044 738 4124 perpetuum
765 4036 992 4102 concessimus.
1028 4033 1203 4101 Sciendum
1221 4040 1271 4101 est
1302 4038 1442 4117 autem,

295 4148 382 4235 quod
399 4167 498 4231 snper
513 4147 599 4213 hanc
615 4144 828 4210 donacionem
845 4143 1012 4228 sepedicto
1029 4142 1063 4207 (l.
1081 4141 1233 4208 Palatino
1259 4138 1325 4206 dno
1358 4140 1435 4224 pri·

292 4258 415 4342 nilegia
432 4275 505 4322 cera
521 4263 554 4322 et
570 4274 650 4321 auro
667 4253 794 4319 bullata
809 4252 1025 4333 dederamns3
1050 4250 1108 4318 sed
1138 4249 1216 4334 quia
1242 4269 1280 4315 eo
1310 4245 1438 4314 deiun-

294 4379 354 4454 cto,
372 4385 445 4431 cum
460 4362 580 4428 fratres
597 4360 717 4427 Milioie
734 4359 861 4445 Templi
887 4360 1088 4424 mitteremus
1116 4357 1151 4422 in
1182 4353 1442 4442 possessionem

290 4474 437 4542 eiusdem
454 4478 548 4551 terre,
562 4476 595 4533 et
611 4466 912 4553 priuilegiumauro
928 4465 1084 4532 balatum
1100 4485 1164 4531 non
1174 4462 1433 4549 cooperuissent

289 4581 523 4660 constituimus,
541 4575 670 4658 quodsi
688 4575 761 4659 quis
778 4574 888 4658 iniquo
906 4575 1023 4641 ductus
1040 4573 1177 4640 oonsilio
1195 4585 1342 4655 temporo
1377 4573 1448 4641 de—
