3150 5162
602 880 680 952 368.

73 1085 96 1148 I
98 1079 132 1150 V.
147 1085 233 1152 Bata
259 1083 437 1168 airolpnak
460 1077 627 1170 Gompfea
650 1081 805 1168 halysipet
832 1081 989 1168 torpyazo
1018 1077 1203 1166 odmndnyo

237 1191 366 1278 Moozy
381 1201 494 1258 mater
510 1188 751 1271 Simooookfio
765 1191 926 1257 asemas.
950 1186 1050 1254 1263.

183 1389 349 1454 (Thalesies,
367 1389 492 1440 Monum.
511 1389 577 1440 hist.
595 1386 689 1452 Epioe.
708 1387 828 1453 Zagrab.
847 1387 869 1436 Ι.
889 1387 948 1438 kot.
969 1387 1029 1441 120.
1047 1385 1078 1450 1.)

608 2209 683 2280 369.

80 2411 137 2479 IV.
154 2413 241 2510 Boia
256 2413 437 2498 kirdlynok
453 2411 547 2498 Bizye
566 2413 600 2476 es
622 2409 712 2475 Varo
726 2411 920 2498 helysoqeket
947 2415 1099 2498 tdryyoeo
1128 2412 1207 2478 odo·

82 2527 204 2607 amaya
223 2519 360 2606 Zeuma,
377 2519 497 2604 Gothos,
513 2519 621 2584 Beoch
637 2519 670 2582 es
695 2518 791 2584 Mika
822 2519 1000 2585 tonoromi
1026 2519 1209 2586 birtokosok

503 2629 661 2694 stomaro.
683 2625 781 2693 1263.

188 2820 314 2889 Amicis
331 2818 398 2888 suis
414 2818 611 2889 &uerendis
626 2819 807 2888 Oonnentui
833 2821 981 2889 Eoolesie
1005 2821 1209 2892 Zaladiensis

83 2929 200 2997 Comes
215 2928 359 2995 Jaeobns
374 2924 415 2994 de
430 2925 554 3012 Soopus
570 2927 679 2994 Jndsx
704 2927 801 2994 (turis
830 2926 952 2995 domini
981 2926 1137 2997 Lodonioi
1169 2931 1208 2995 D.

85 3059 131 3121 gr.
146 3037 249 3123 Regis
264 3035 434 3118 Hnngarie
449 3035 511 3102 stb.
534 3035 709 3122 Noueritm,
726 3033 814 3120 qnod
829 3034 985 3104 Nicolaus
1010 3034 1098 3101 filius
1122 3036 1210 3102 Petri

85 3167 141 3232 pro
154 3144 292 3210 Nioolao
307 3143 376 3210 filio
390 3141 551 3210 Johannis
565 3142 623 3227 filij
642 3142 814 3229 Laurenoij
832 3141 874 3210 de
888 3142 1087 3211 Kenisastb.
1097 3150 1211 3211 eontra

86 3251 219 3338 Gyurke
235 3249 339 3316 filium
355 3250 511 3335 Demetrij
529 3251 572 3316 de
587 3249 673 3337 Omi,
690 3256 722 3316 et
736 3249 908 3317 Nicolaum
924 3249 1023 3318 filium
1033 3251 1211 3338 Michaelis,

88 3380 126 3426 se
141 3359 303 3428 Jaeobnm
320 3359 424 3425 filium
440 3357 551 3425 Bekm
567 3357 609 3424 de
625 3355 733 3424 Reehe
748 3357 907 3440 quasdam
923 3357 1049 3427 litteras
1070 3357 1213 3444 capituli

86 3467 231 3535 Eoolesie
256 3465 439 3535 anriensis
468 3465 607 3535 formam
638 3467 897 3552 possessionarie
927 3467 1210 3557 reambulaeionis‚

88 3575 400 3660 mntradietorieqne
416 3573 619 3642 inhibitionis
638 3581 671 3641 et
702 3575 867 3642 citationis
899 3575 1118 3662 exprimentes
1150 3577 1212 3645 stb.

89 3684 180 3751 nobis
195 3688 402 3769 presentarat
417 3681 622 3750 desierantes
638 3680 721 3750 inter
737 3687 855 3769 estora,
872 3682 1215 3772 qnodonmprediotus

17 3773 20 3814 ³
88 3793 240 3858 Nicotaus
257 3789 343 3858 filius
358 3787 518 3856 Johannis
534 3789 678 3873 atneptis
701 3787 855 3858 Ladisloo
879 3789 946 3857 filio
961 3791 1086 3860 Mathie
1100 3793 1214 3878 Regio,

19 3903 20 3920 ¹
90 3905 120 3964 et
134 3898 293 3982 magistro
309 3895 450 3982 Georgio
463 3893 631 3964 Ganonioo
649 3896 753 3982 ipsius
770 3896 912 3983 Oapituli
943 3885 1124 3967 Jam'iensis
1155 3901 1211 3968 ho·

21 4047 24 4080 ι,
92 4007 226 4074 minibus
241 4004 326 4073 feria
341 4012 459 4090 quarta
483 4005 631 4091 proxima
664 4011 738 4089 post
769 4005 950 4090 quindenas
982 4007 1057 4076 sesti
1091 4009 1216 4076 Pasohe

92 4113 218 4180 Domini
234 4113 385 4200 proxime
400 4113 549 4198 preteriti
566 4112 609 4180 ad
639 4111 739 4180 faoies
773 4114 1014 4198 possessionum
1046 4116 1148 4210 Belye
1187 4123 1219 4184 et

93 4223 174 4290 Varo
189 4227 378 4289 vooatarnm
397 4220 429 4285 in
462 4218 625 4287 comitato
655 4218 844 4287 Zaladiensi
874 4217 961 4307 apud
989 4243 1106 4292 manus
1137 4239 1213 4292 snas

93 4331 271 4398 habitarum
290 4330 356 4396 stb.
374 4327 574 4412 accedendo,
589 4326 724 4394 easdem
739 4347 797 4413 per
813 4347 908 4396 veras
939 4350 1016 4398 suas
1047 4339 1151 4400 metas
1183 4342 1213 4399 et

95 4437 237 4522 antiquas
254 4435 504 4522 reambulando,
521 4455 625 4502 nouas
642 4435 734 4501 iuxta
750 4444 876 4504 veteres
892 4437 1016 4522 erigere
1032 4440 1191 4508 voluisset
1216 4467 1224 4524 ;

96 4545 136 4612 mi
152 4547 294 4614 Brieoius
311 4541 469 4612 sacerdos
478 4539 518 4610 'in
538 4565 679 4630 persona
694 4543 773 4611 dieti
791 4544 924 4630 Gymke
939 4545 998 4632 filij
1017 4547 1169 4637 Demetrij
1195 4571 1217 4621 a
