3120 5148
359 1199 533 1299 Bereiaros
553 1233 690 1322 Ropousa
708 1230 883 1298 Dalmatia
900 1237 933 1297 ec
950 1231 1035 1296 Fani
1064 1229 1221 1298 Oloszlton
1247 1233 1381 1301 odrosai
1404 1235 1467 1298 ledat

874 1337 969 1405 1199.

467 1543 505 1608 ln
522 1539 642 1608 Christi
659 1539 797 1606 nominc.
815 1538 842 1605 Α
860 1539 1031 1606 nativitate
1048 1539 1116 1606 eius
1134 1545 1207 1606 sunt
1223 1541 1302 1606 anni
1318 1535 1468 1606 millesimi

360 1649 544 1716 contessimi
561 1648 762 1734 nonagesimi
778 1649 866 1731 noni,
884 1647 1059 1715 indictione
1074 1648 1231 1733 secunda,
1265 1648 1358 1726 Fani,
1388 1643 1470 1713 unde-

360 1757 443 1821 cimo
460 1756 512 1821 die
529 1757 713 1822 introeunte
739 1774 848 1822 mense
871 1754 963 1840 Julii,
998 1761 1143 1840 tempore
1174 1756 1358 1823 Innocentii
1388 1756 1471 1837 Papo,

359 1862 568 1930 Pontificatus
585 1862 652 1930 eius
670 1883 756 1930 anno
773 1863 923 1930 secundo.
941 1863 1056 1930 Petrus
1073 1863 1148 1929 Peri
1164 1863 1226 1931 Dei
1243 1863 1353 1948 gratia
1362 1863 1472 1930 Fanen-

365 1972 411 2040 sis
428 1973 585 2038 Potestas.
595 1969 729 2036 Noverit
747 1976 813 2036 tam
831 1989 966 2056 presens
982 1978 1052 2036 etas
1070 1988 1167 2052 quam
1186 1970 1365 2037 futurorum
1382 1975 1473 2056 poste·

361 2079 458 2166 ritas,
484 2099 555 2144 oum
573 2076 684 2143 habito
702 2075 896 2161 prudentum
914 2077 1113 2143 Fanensium
1131 2077 1266 2144 consilio
1293 2079 1413 2144 firmam
1441 2094 1473 2142 ac

361 2195 551 2275 perpetuam
568 2205 681 2272 paoem
699 2223 743 2232 —
760 2222 802 2235 -
819 2221 863 2233 —
879 2221 922 2233 -
940 2206 998 2271 per
1016 2185 1156 2252 nobilem
1172 2186 1357 2252 Fanensem
1383 2185 1473 2250 civem

364 2295 561 2362 Guidncium
577 2292 712 2359 Leazari
729 2293 915 2375 consedere,
932 2293 962 2358 in
981 2291 1094 2359 anima
1109 2293 1208 2360 totius
1226 2295 1339 2379 populi
1365 2295 1475 2360 Fanen-

362 2404 408 2470 sis
425 2401 550 2470 civibus
566 2399 709 2484 Ragnsie
725 2420 783 2467 seu
800 2401 995 2468 Siracusano
1012 2400 1148 2485 Civitas,
1164 2409 1196 2466 et
1213 2399 1359 2468 eiusdem
1370 2399 1474 2467 Civita-

363 2513 406 2579 tis
423 2509 638 2576 iurisdiotioni
656 2508 832 2592 subpositis
849 2510 958 2576 iacere
974 2512 1100 2576 iurasse
1116 2508 1209 2576 istius
1227 2515 1258 2574 et
1290 2508 1374 2577 dicte
1399 2506 1472 2575 Giri-

362 2621 443 2685 tatis
459 2619 631 2703 longevum
648 2617 837 2702 amicitiam,
854 2618 973 2684 cicuta
990 2617 1107 2684 nostris
1140 2617 1268 2684 civibus
1301 2617 1473 2702 acecpimus

363 2727 564 2810 recolentes3
581 2731 767 2810 statuentes,
787 2725 872 2809 quod
888 2745 947 2792 nos
964 2726 1050 2791 dicte
1087 2723 1237 2792 Civitatis
1267 2723 1413 2791 homines
1443 2719 1478 2786 ad

364 2840 506 2901 nostram
525 2835 694 2902 Civitatem
711 2832 889 2920 venientes,
906 2841 1039 2916 stantes,
1055 2831 1250 2899 reddeuntes
1267 2834 1302 2899 in
1336 2828 1477 2901 Generali

363 2943 507 3010 Consilio
523 2943 582 3009 sub
600 2951 711 3009 nostra
728 2942 928 3028 protectione
944 2963 983 3008 ac
1000 2940 1190 3008 defensione
1207 2941 1313 3008 iurato
1325 2955 1479 3026 proposse

362 3051 561 3138 suscepimus
576 3072 618 3118 ac
633 3072 684 3117 res
711 3069 819 3119 eorum
846 3057 1064 3118 manutenere.
1103 3047 1136 3116 Si
1168 3049 1242 3133 quis
1273 3069 1351 3116 vero
1381 3047 1477 3112 hausu

361 3159 531 3228 temerario
555 3161 681 3244 prefate
698 3157 848 3225 Civitatis
864 3156 1020 3243 homines,
1041 3177 1079 3224 ao
1095 3156 1236 3225 maxime
1267 3155 1478 3241 negotiatores

365 3267 408 3333 ad
425 3275 564 3336 nostram
584 3267 749 3334 civitatem
766 3267 942 3351 venientes,
959 3265 1011 3332 vcl
1028 3285 1079 3332 res
1097 3285 1208 3332 eorum
1225 3264 1403 3346 offenderit,
1434 3258 1480 3326 vel

362 3373 594 3462 molestaverit,
613 3375 704 3460 sciat,
721 3393 758 3440 se
775 3373 808 3439 in
825 3375 967 3438 bannum
985 3373 1179 3439 facultatum
1196 3391 1329 3438 suarum
1348 3369 1481 3438 omnium

364 3503 405 3550 ao
420 3481 581 3550 Fanensis
599 3483 710 3568 populi
727 3481 985 3567 indignationem
1003 3481 1046 3546 ad
1064 3486 1191 3547 tantum
1210 3498 1380 3548 excessum
1412 3477 1483 3544 ulci-

364 3589 519 3656 scendum
536 3591 708 3658 incursum.

470 3697 694 3765 Interiuerunt
709 3699 849 3782 Uguicia
864 3697 1013 3783 Jordani,
1030 3696 1199 3763 Rammius
1217 3696 1259 3763 dc
1269 3697 1366 3784 Ripa,
1374 3694 1487 3764 Johan·

362 3826 420 3872 nes
436 3807 571 3884 Rustici,
587 3807 697 3874 Jurius
714 3807 823 3890 Periti,
849 3805 1009 3873 Oarletius
1041 3807 1205 3874 masurius
1233 3801 1488 3884 communitatis,
1537 3851 1538 3856 η

362 3913 534 3997 Georgius,
551 3915 662 3982 Guitto
678 3915 876 3997 Rambetini‚
904 3915 1080 3982 Fedcricus
1098 3915 1168 3981 eius
1185 3913 1301 3996 irater,
1335 3913 1487 3979 Vivianns

360 4021 487 4107 Marcii,
503 4023 689 4090 Dominicus
707 4024 832 4107 Nicole,
864 4021 1030 4091 londanus
1063 4021 1132 4089 eius
1165 4021 1279 4109 frater,
1312 4018 1488 4088 Raiualdus
1537 4069 1538 4128 p

361 4129 497 4213 Ugolini
515 4129 650 4214 Ugonis,
666 4130 828 4196 Robertus
847 4129 1010 4214 liuiducii,
1027 4137 1059 4198 et
1077 4128 1136 4195 alii
1164 4130 1383 4215 quamplures.
1424 4128 1488 4210 Ego
1537 4129 1538 4220 l

360 4237 504 4304 loannes
519 4239 632 4304 Runus
648 4237 821 4322 imperiale
838 4239 1032 4306 auctoritate
1045 4236 1211 4320 Notarius,
1227 4244 1260 4303 et
1275 4258 1361 4306 nuuc
1371 4236 1492 4302 Fanen-
1537 4227 1538 4320 l

360 4346 405 4414 sis
422 4346 574 4412 Civitatis
591 4345 756 4430 Notarius,
773 4348 892 4430 scripsi
909 4356 939 4414 et
957 4347 1091 4414 absolvi.

1537 4443 1538 4468 i

372 4545 494 4612 ajubics,
514 4547 701 4600 Monumenta
721 4549 879 4614 spectantia
897 4548 1045 4600 historiam
1065 4549 1214 4608 Slavorum
1227 4545 1463 4599 Meridioualium
1477 4541 1498 4592 l.

838 4637 896 4687 soc.
919 4642 959 4687 ro.
982 4638 1011 4700 r.)

797 4801 1064 4812 ——n-——u—n-——n
