3078 5128
605 254 764 352 jat-

128 448 272 534 Capitnlo
288 449 503 517 confirmatus.
526 449 684 536 Suscepto
699 449 799 533 igitur
810 447 1066 538 confirmacione,
1078 450 1246 518 confestim

127 562 218 630 verbo
233 561 277 628 acl
293 562 427 628 verbum
442 559 576 626 rescribi
593 557 670 624 fecit
684 563 828 625 tenorem
845 557 973 644 prefate
989 560 1170 647 concordie,
1182 579 1244 644 que

126 668 157 735 in
171 675 298 736 vetusta
314 669 438 754 pagina
463 666 534 733 fere
559 665 668 733 deleta
699 667 822 750 scripta
853 674 941 752 erat;
965 674 1069 735 terras
1086 667 1246 748 ,eiusdem

125 776 264 843 Ecclesia
279 778 314 843 in
331 774 471 860 presenti
486 776 592 842 forma
608 772 670 841 hoc
695 772 808 840 ordine
831 772 954 842 iaciens
986 776 1148 841 annotari.
1185 776 1246 841 Est

124 891 225 950 autem
242 884 277 950 in
293 883 484 950 Balanaana
508 889 596 949 terra
621 882 717 949 trium
749 887 956 949 uretenorum
989 903 1091 970 prope
1123 889 1242 951 terram

124 993 225 1060 Dobre
241 991 339 1076 Maii3
364 992 408 1058 ad
424 997 554 1078 pontem
572 991 677 1059 eundo
703 991 746 1056 ad
777 993 917 1058 loculum
950 998 999 1059 est
1031 999 1118 1058 terra
1150 993 1258 1058 trium'

123 1107 321 1168 uretenorum
338 1119 458 1186 prope;
481 1099 571 1186 apud
588 1107 706 1166 terram
722 1100 829 1166 rufam
847 1106 896 1166 est
913 1105 1002 1166 terra
1018 1106 1158 1182 quatuor
1175 1121 1246 1167 ure·

124 1215 285 1293 tenorum
309 1205 398 1293 apud
414 1207 555 1292 Loquize
572 1215 622 1275 est
637 1215 724 1276 terra
750 1213 821 1274 octo
852 1213 1084 1302 uretenorum„
1108 1209 1151 1273 Et
1182 1228 1243 1292 ogo

123 1318 287 1385 Gausinna
304 1316 512 1384 Primicerius
529 1322 661 1402 rogatus
677 1337 699 1382 a
715 1315 842 1401 prefato
868 1318 994 1384 Morino
1026 1318 1142 1384 clerico
1172 1335 1245 1402 pre·

121 1445 190 1492 sens
206 1426 453 1493 instrumentum
470 1425 587 1511 scripsi
604 1445 691 1494 anno
707 1423 878 1491 Dominioe
903 1425 1146 1492 Incarnacionis
1170 1424 1243 1490 mil·

121 1532 227 1600 lesimo
243 1532 466 1601 ducentesimo
482 1533 646 1600 tricesimo
663 1539 765 1618 sexto,
781 1551 892 1600 mense
908 1533 1088 1600 Februarii.

331 1732 452 1794 (Earlati
471 1731 619 1797 Illyricum
636 1733 753 1784 sacrum
772 1732 820 1784 1v.
840 1731 900 1782 not.
920 1734 981 1782 324.
996 1732 1026 1794 1.)

544 2021 811 2038 Ἣ

584 2597 589 2605 ,
642 2523 717 2591 204.

122 2722 175 2786 IX.
191 2721 331 2808 Gerqely
344 2725 434 2806 popa
449 2721 631 2808 mcpcrb'sa'ti
647 2744 666 2784 a
682 2721 890 2808 coeioolteqyi
905 2723 1075 2810 apdtodpot
1092 2747 1112 2787 a
1129 2724 1237 2790 Romo-

175 2829 221 2894 tai
235 2830 355 2916 eppheta
372 2829 572 2911 birtolcdbom
589 2852 609 2894 o
624 2829 764 2914 roqaaoi
779 2831 880 2892 occulti
894 2830 1069 2916 mepptbea.
1086 2832 1183 2898 1237.

220 3025 397 3110 Gregorius
413 3025 594 3110 Episcopus
611 3045 723 3092 seruus
740 3045 911 3093 seruorum
927 3027 988 3092 Dei
1006 3025 1134 3094 dilectis
1161 3029 1236 3112 filijs

121 3134 313 3213 ...Abbati
328 3139 360 3199 et
386 3132 565 3200 Conuentui
597 3133 784 3219 Monasterij
818 3134 1004 3200 Casinensis
1036 3135 1173 3200 salutem
1205 3145 1237 3202 et

120 3241 331 3328 Apostolicam
347 3240 617 3308 benedictionem.
635 3240 714 3306 Com
730 3263 751 3307 a
767 3241 859 3308 nobis
875 3240 996 3326 petitur
1015 3240 1101 3322 quod
1116 3241 1234 3310 iustum

122 3359 173 3438 est,
189 3351 366 3438 honestum,
382 3357 449 3418 tam
465 3349 559 3434 uigor
575 3349 727 3434 equitatis
743 3371 840 3435 qnam
865 3351 944 3418 ordo
970 3351 1071 3432 exigit
1102 3352 1235 3422 rationis

121 3465 189 3526 etot
202 3461 235 3526 id
255 3479 313 3546 per
330 3457 583 3525 sollicitudinem
599 3458 695 3545 officij
714 3459 815 3525 nostri
830 3457 874 3526 ad
885 3459 1027 3526 debitum
1038 3460 1235 3552 perducatur

120 3569 267 3636 effectum.
291 3566 509 3652 Quapropter,
525 3565 634 3633 dilecti
651 3567 684 3632 in
701 3567 840 3634 Domino
856 3567 926 3654 filij,
951 3569 1078 3635 restris
1094 3571 1235 3655 postula-

120 3673 250 3744 tionibus
267 3683 365 3760 grato
383 3681 589 3742 occurrentes
606 3675 736 3761 affectu,
769 3676 951 3742 Ecclesiam
984 3675 1104 3743 Sancte
1134 3675 1235 3747 Mario

120 3781 156 3848 de
168 3785 293 3851 Roxata
308 3783 545 3867 Ragusinensis
563 3783 721 3868 Diocesis,
741 3805 813 3851 curn
831 3782 1038 3870 pertinentijs
1049 3785 1234 3868 suis,qnam

120 3909 154 3955 cx
177 3892 386 3960 concessione
418 3892 501 3958 bono
534 3891 687 3958 memorie
718 3895 755 3960 R.
789 3892 1036 3977 Arcbicpisoopi
1071 3892 1234 3976 llagusini‚

120 3996 249 4085 Capituli
282 3999 343 4084 sni,
376 4004 408 4065 ei
439 3999 570 4083 quidem
601 3997 715 4065 Sabini
745 3999 877 4068 Patroni
911 3998 1058 4066 Ecclesia
1089 3999 1233 4065 eiusdem

119 4109 282 4176 accedente
299 4109 669 4193 consensuproponitur
686 4128 742 4174 vos
759 4109 907 4194 adeptos,
935 4107 1019 4172 sicut
1046 4126 1118 4173 eam
1150 4109 1234 4175 iuste
1348 4187 1353 4197 Ι

119 4215 288 4302 etpaeifice
305 4215 490 4301 possidetis,
517 4216 621 4301 robis,
654 4221 686 4280 et
717 4235 774 4301 per
805 4236 862 4282 vos
895 4215 1095 4282 Monasterio
1126 4221 1234 4282 vestro

119 4325 301 4390 auctoritate
332 4323 526 4408 Apostolica
557 4323 796 4390 confirmamus.
837 4323 927 4390 Nulli
960 4343 1037 4406 crgo
1069 4322 1234 4389 hominum

118 4428 205 4498 liccat
220 4432 306 4499 hauc
322 4431 475 4517 paginam
494 4439 603 4500 nostre
620 4431 873 4498 confirmationis
901 4430 1088 4518 infringere,
1120 4432 1171 4497 vel
1206 4435 1234 4498 ci

118 4557 190 4608 ausu
204 4541 378 4608 temerario
394 4542 565 4612 contraire.
591 4542 719 4626 Siquis
748 4549 855 4609 autem
875 4542 948 4636 -hoc
981 4541 1235 4630 attemptaucrit,

1068 4651 1128 4718 19*
