3150 5162
854 227 1015 328 jas-

371 431 464 510 parte
481 419 699 511 possessionis
716 418 810 501 0nd;
832 419 909 487 item
934 422 1099 489 iohannes
1130 421 1215 490 filius
1247 426 1333 491 Petri
1359 427 1485 511 jerogio

372 531 487 598 Jaeobi
503 531 559 613 filij
576 529 696 614 Behns,
713 533 746 595 et
762 529 916 596 Nicotaus
931 527 1018 596 filius
1034 529 1201 598 Michaelis
1212 531 1253 600 de
1262 533 1372 600 Reobe
1381 534 1415 597 in
1425 553 1487 620 per·

372 638 460 706 sonis
477 637 654 704 eorundem
670 655 692 702 a
707 642 798 720 parte
815 637 1032 720 possessionis
1046 637 1154 704 Reehe
1163 638 1204 704 ab
1215 639 1381 706 ereoeione
1397 647 1486 706 meta·

369 766 440 812 rum
457 744 603 830 predicte
619 741 837 828 possessionis
853 743 940 811 Varo
953 743 1195 828 prohibuissent
1211 747 1272 812 stb.
1301 743 1354 834 (az
1385 745 1484 832 ehhtp

370 851 571 921 helethezett
586 871 654 938 per,
670 853 834 918 tdbbszdri
852 850 1051 918 emalasztas
1077 855 1157 918 aran
1190 855 1246 920 »in
1277 855 1402 920 oomnis
1432 856 1487 920 diei

372 959 544 1028 cinerum«
561 957 820 1048 tdrgyahatvan)
835 965 1010 1028 annotatus
1026 961 1181 1028 Nicolaus
1207 961 1295 1030 filius
1320 963 1407 1030 Petri
1435 983 1487 1048 pro

372 1067 498 1154 prefato
514 1069 648 1136 Nioolao
664 1067 733 1132 filio
749 1067 909 1134 Johannis
936 1069 997 1134 stb.
1029 1068 1187 1152 quasdam
1218 1069 1346 1136 litteras
1378 1071 1490 1137 domini

368 1176 447 1243 Bele
464 1176 542 1244 olim
558 1175 656 1261 Regis
673 1174 841 1258 Hungarie
857 1174 1084 1265 priuilegiales
1115 1195 1201 1242 anno
1233 1175 1368 1242 Domini
1398 1177 1489 1243 mille-

368 1285 450 1353 simo
467 1283 687 1354 ducentesimo
704 1283 910 1366 sexagesimo
927 1283 1026 1350 tersio
1043 1283 1149 1371 Regni
1158 1290 1266 1351 antem
1276 1285 1328 1353 sui
1338 1285 1489 1371 vigesimo

369 1399 484 1462 oetauo
502 1399 670 1460 emanatas
686 1391 779 1458 nobis
798 1391 1006 1476 presentauit,
1025 1390 1232 1461 deelarantes
1258 1393 1343 1463 inter
1370 1401 1489 1462 enters:

369 1500 453 1585 quod
469 1500 555 1568 idem
572 1499 722 1568 dominus
739 1501 820 1565 Bela
835 1497 906 1564 Rex
921 1503 1040 1566 terram
1056 1499 1201 1586 zamora,
1230 1502 1353 1588 (iubas,
1387 1501 1489 1567 Beneh

368 1616 402 1676 et
416 1609 520 1696 Myka
535 1607 576 1674 de
591 1609 715 1676 Kamar
730 1609 772 1674 ab
790 1607 911 1676 eisdem
928 1608 1125 1694 recipiendo,
1156 1608 1338 1695 hospitibus
1353 1612 1422 1676 suis
1452 1611 1489 1675 de

371 1721 495 1787 Kamar
511 1718 641 1788 iecisset
666 1717 848 1804 assignem
865 1717 964 1804 ijdem
981 1725 1089 1786 antem
1121 1721 1163 1786 ad
1194 1720 1340 1788 eiusdem
1373 1718 1489 1788 domini

370 1828 450 1894 Bele
466 1827 566 1910 Regis
583 1826 776 1896 aecedentes
791 1827 994 1910 presenciam
1010 1827 1042 1892 in
1060 1827 1285 1894 concambium
1303 1829 1391 1896 diets
1410 1836 1488 1895 terre

369 1938 512 2021 ipsorum
528 1933 691 2017 quandam
708 1941 825 2000 terram
843 1933 950 2001 Castri
981 1932 1186 2002 Zaladiensis
1217 1935 1312 2021 Bilye
1343 1943 1487 2004 vuoamm

366 2047 407 2114 ab
425 2045 538 2112 eodem
555 2043 684 2110 domine
703 2043 782 2110 Bela
796 2043 884 2128 Rege
899 2043 964 2110 sibi
979 2042 1050 2109 dari
1067 2044 1253 2129 peeiisseut.
1292 2046 1335 2110 Et
1351 2045 1430 2130 quia
1454 2044 1490 2110 de

368 2153 536 2239 qnanitate
551 2151 639 2219 dioto
654 2159 738 2218 terre
754 2151 849 2236 Bitye
866 2149 995 2217 domino
1011 2151 1090 2218 Bele
1106 2152 1187 2235 Regi
1203 2153 1324 2220 veritas
1341 2174 1409 2221 non
1420 2175 1488 2220 eon·

367 2262 522 2346 stitisset;
545 2259 618 2327 ideo
635 2258 755 2328 dilecto
771 2257 834 2324 sibi
850 2257 1006 2342 Magistro
1023 2258 1192 2326 Felioiano
1210 2260 1348 2329 Custodi
1376 2263 1489 2329 Alben-

367 2369 413 2434 sis
430 2367 575 2433 Eeotesie
591 2366 707 2432 litteris
725 2366 791 2433 suis
807 2365 1024 2433 mediantibus
1041 2364 1184 2434 dedisset
1200 2368 1235 2433 in
1251 2365 1429 2452 mandatis,
1460 2375 1492 2434 rt

368 2475 504 2542 eandem
521 2480 639 2542 terram
656 2472 751 2558 Bilye
767 2481 800 2538 et
815 2478 934 2540 terram
950 2473 1060 2541 Varou
1075 2475 1260 2562 inspioeret,
1287 2483 1320 2542 et
1354 2477 1491 2562 qualita-

367 2591 428 2650 tem
447 2603 487 2649 ao
501 2582 716 2667 quantitatem
744 2581 920 2650 earundem
948 2585 1152 2670 postmodum
1181 2587 1245 2654 sibi
1277 2587 1494 2652 remandaret.

365 2691 455 2758 Idem
471 2693 581 2776 itaque
596 2690 751 2775 Magister
766 2691 950 2758 Felieianus
968 2691 1011 2757 ad
1029 2693 1158 2759 easdem
1175 2699 1280 2760 terras
1305 2694 1492 2762 accedendo
1570 2711 1571 2770 r

366 2799 456 2884 ipsas
472 2799 679 2868 oireaeirenm
707 2796 875 2864 duodeeinr
901 2783 1082 2866 aratrorum
1113 2801 1279 2866 mediante
1311 2801 1492 2868 bonsidera-

367 2910 459 2975 eione
475 2907 689 2995 inspexisset3
706 2905 776 2992 ipse
793 2927 870 2973 vero
887 2904 1033 2974 dominus
1049 2907 1209 2974 BeiaRex
1220 2907 1373 2993 preeibns
1385 2928 1495 2976 eorum

365 3016 540 3084 inclinatus
556 3015 676 3082 dietam
691 3019 812 3081 terram
828 3015 923 3101 Bilye
940 3033 1011 3081 oum
1028 3022 1115 3083 terra
1131 3015 1241 3082 Varou
1266 3015 1299 3080 in
1331 3017 1494 3099 premissa

366 3126 548 3208 quantitate
564 3120 802 3208 prenominatis
818 3123 962 3201 Zemere,
980 3121 1092 3190 dunas
1109 3129 1141 3188 et
1157 3122 1232 3207 aiijs
1247 3121 1423 3209 predictis,
1455 3143 1493 3187 ao
1570 3199 1571 3216 χ

364 3252 473 3298 eorum
489 3231 662 3299 heredibus
679 3230 713 3295 in
730 3231 954 3297 eoneambinm
970 3227 1056 3296 diete
1073 3237 1157 3297 terre
1173 3231 1314 3316 ipsorum
1347 3229 1497 3298 dedisset

369 3345 525 3426 perpetuo
542 3337 784 3424 possidendam.
809 3340 895 3405 Mete
921 3343 1030 3404 autem
1062 3335 1240 3404 earundem
1270 3343 1434 3404 terrarum
1465 3337 1497 3402 in
1570 3357 1571 3402 3

367 3448 480 3515 eodem
497 3445 666 3532 priuilegio
682 3446 828 3514 seriatim
844 3447 1048 3513 eontinentur
1064 3447 1126 3514 stb.
1159 3445 1281 3511 Datum
1313 3445 1345 3511 in
1377 3446 1497 3532 Vysse·
1570 3435 1571 3518 ζ

366 3557 448 3640 grad
464 3555 589 3622 decimo
606 3551 659 3618 die
684 3555 813 3622 termini
846 3555 1009 3639 prenotati
1041 3573 1128 3620 anno
1159 3552 1290 3619 Domini
1321 3553 1496 3621 mitissimo

365 3661 589 3731 trecentesimo
606 3662 847 3746 septuagesimo
862 3663 983 3745 quinto.

364 3861 503 3924 (Eredetie
522 3876 539 3910 a
557 3861 644 3913 budai
662 3861 714 3912 kir.
734 3862 861 3912 kamarai
883 3858 1069 3912 leveltarban.
1100 3861 1133 3909 V.
1153 3859 1179 3908 ὅ.
1205 3857 1286 3922 sejer
1317 3857 1386 3910 Ood.
1419 3859 1494 3927 Dipl¹
1570 3861 1571 3870 ¹

750 3953 813 4002 VII.
832 3952 891 4002 ket.
912 3957 935 4001 1.
949 3969 970 4002 r.
990 3956 1050 4002 322.
1068 3951 1100 4013 l.)
