3120 5148
643 282 708 349 103

591 371 752 382 unu—..nn-

109 474 277 562 prinilegio
295 482 542 548 communimus.
574 479 752 564 Inprimis
784 478 945 562 siquidem
977 483 1167 566 statuentes,
1200 485 1237 546 ut

108 592 181 660 ordo
196 587 413 675 monasticus,
429 589 485 672 qui
501 587 679 655 secundnm
696 587 807 654 Deum
826 593 857 654 et
872 587 969 654 Beati
992 587 1162 658 Benedicti
1187 613 1235 660 re·

108 701 214 784 gulam
230 699 265 764 in
284 695 399 764 eodem
416 695 613 764 Monasterio
631 694 799 762 institutus
816 714 889 762 esse
905 693 1095 786 dinoscitur,
1121 719 1238 787 perpe·

108 809 167 875 tuis
207 803 330 872 ibidem
369 801 567 886 temporibus
600 801 810 868 inuiolabitcr
840 803 1040 869 obseruator.
1080 803 1235 875 Preterea

109 931 325 999 quascumque
335 908 557 994 possessiones
569 915 601 974 et
611 927 799 993 quecunque
809 909 990 976 bonsidem
1001 911 1232 984 Monosterium

108 1020 375 1109 inpresentiarum
391 1016 478 1083 instc
489 1023 520 1082 ct
531 1013 688 1082 canonice
705 1015 863 1103 possidet,
880 1025 936 1085 aut
946 1019 979 1083 in
999 1019 1142 1087 futurum
1159 1043 1234 1092 con·

108 1131 248 1200 cerdone
257 1123 459 1208 Pontificum,
470 1121 643 1206 largitione
651 1124 775 1206 Regum
787 1125 836 1190 001
852 1123 1046 1211 Principum,
1066 1127 1232 1201 oblatione

109 1238 257 1321 fidelium,
274 1255 331 1302 seu
342 1232 419 1298 aliis
428 1229 521 1298 iustis
538 1229 643 1298 modis
660 1239 825 1316 prestante
841 1231 979 1300 Domino
990 1235 1110 1319 poterit
1124 1237 1232 1324 adipi·

109 1347 165 1430 sci,
184 1346 278 1412 firma
286 1340 379 1408 rolris
389 1338 569 1421 vestrisque
579 1338 819 1406 suecessoribus
830 1345 861 1406 et
870 1340 1000 1409 illibata
1010 1357 1230 1426 permaneant

111 1458 143 1520 ln
159 1454 276 1536 quibus
292 1450 354 1514 heo
371 1446 513 1534 proprijs
530 1445 683 1513 duximus
700 1444 909 1514 inscribenda
925 1451 1095 1520 uocabulis
1114 1476 1122 1518 :

212 1560 333 1626 Locum
350 1556 467 1642 ipsum,
483 1555 517 1620 in
534 1573 597 1636 quo
614 1553 775 1640 prelatum
792 1557 1023 1623 monasterinm
1056 1561 1166 1651 situm,
1197 1573 1230 1632 et
1249 1565 1255 1582 ⁸

111 1689 176 1735 eum
192 1666 340 1734 omnibus
367 1661 570 1750 pertinentijs
590 1661 678 1747 snis;
703 1661 869 1729 Ecclesiae
901 1663 1021 1733 Sancte
1053 1667 1155 1735 llario
1187 1671 1229 1740 10

110 1777 239 1863 Sytoua,
257 1780 289 1842 et
304 1771 418 1840 Sancti
433 1769 542 1854 Egidij
561 1789 661 1855 prope
679 1770 928 1856 monasterium3
952 1777 1073 1840 terram
1100 1773 1230 1862 Susolgi

113 1905 179 1950 oum
195 1885 280 1950 silua
298 1889 330 1948 et
345 1879 579 1964 uenatoribns;
603 1885 723 1944 terram
740 1881 774 1944 in
791 1879 908 1966 Colias,
924 1879 965 1948 de
982 1881 1141 1970 Varanza,
1170 1886 1230 1951 uil-

109 1993 170 2058 lam
185 1992 393 2075 piscatorum,
410 1993 442 2053 et
458 1986 571 2052 uillam
587 1985 726 2071 Pechcn,
742 1986 855 2052 uillam
872 1986 986 2076 Peaer,
1019 1990 1130 2058 uillam
1148 1989 1230 2058 010-

108 2101 203 2186 leuen,
220 2099 335 2164 uillam
353 2093 472 2182 Goaclr,
490 2092 601 2160 uillam
618 2092 830 2181 Γ11010ιο0011,
859 2093 969 2162 uillam
986 2093 1139 2186 Oeuleus,
1170 2101 1229 2165 uil-

108 2208 168 2274 lam
183 2204 338 2289 Bretlrka,
372 2202 482 2270 uillam
500 2202 540 2268 de
557 2201 681 2282 Samto,
712 2200 824 2268 uillam
843 2203 883 2268 de
911 2203 1086 2294 Semcllalr,
1118 2205 1228 2273 uillam

108 2312 309 2398 Tholomach,
328 2311 442 2378 uillam
459 2309 575 2394 Kalon,
592 2308 706 2376 uillam
724 2307 853 2396 oneror,
879 2311 990 2378 uillam
1009 2313 1135 2400 Tayna,
1168 2315 1230 2384 uil-

107 2421 167 2486 lam
184 2421 350 2506 Celepsen‚
366 2417 512 2505 predium
522 2418 653 2500 Tessar,
664 2416 778 2483 uillam
790 2417 939 2507 Golluoh,
951 2420 1064 2489 nillum
1075 2421 1231 2514 Siciroua,

109 2529 213 2594 uillam
228 2526 367 2612 Charad,
395 2524 544 2612 predium
561 2525 702 2610 Pagran,
726 2523 841 2592 uillam
857 2526 1011 2614 Bcscene,
1042 2532 1229 2615 porcionem

110 2637 177 2704 nille
192 2637 231 2704 de
248 2633 423 2718 Oudouort,
443 2633 555 2700 uillam
573 2633 613 2699 de
630 2631 762 2720 Gurich,
795 2633 908 2701 uillam
925 2635 967 2704 dc
983 2637 1096 2706 Samto
1113 2637 1146 2704 in
1166 2661 1229 2708 me·

108 2744 156 2811 dio
171 2743 301 2824 Giraclr,
319 2742 466 2828 predium
482 2740 623 2827 Firuieg,
641 2741 752 2808 uillam
762 2741 859 2830 Pelli,
878 2743 991 2812 uillam
1000 2745 1097 2835 Such,
1115 2747 1228 2814 uillam

109 2848 192 2918 Cion
208 2872 281 2919 cum
298 2849 432 2937 piscinis
450 2853 481 2916 et
497 2849 636 2936 stagnis,
655 2849 804 2935 predium
820 2849 932 2937 Alpar,
949 2859 1075 2936 partem
1092 2854 1171 2922 uille
1187 2853 1229 2920 de

111 2962 274 3047 Somolnm,
290 2958 439 3044 predium
456 2955 517 3024 Vre
534 2975 606 3022 oum
624 2955 818 3023 uinitoribus
835 2964 867 3024 et
883 2957 997 3044 uineis,
1014 2959 1171 3030 uinitores
1196 2983 1213 3030 e

110 3069 215 3138 uineas
230 3069 271 3134 10
288 3068 421 3152 Samug,
446 3063 634 3149 porcionem
650 3061 730 3130 uille
746 3062 788 3130 de
803 3065 930 3153 Ludan,
960 3069 1139 3152 piscatores
1156 3089 1228 3138 vuu-

109 3199 176 3243 num
191 3176 233 3242 ad
247 3177 342 3242 tinem
358 3174 481 3259 Sitoua,
508 3171 542 3236 in
559 3170 720 3236 Camaran
736 3171 897 3256 piscinam
914 3193 1061 3262 vacnum,
1096 3175 1129 3242 in
1147 3177 1230 3243 Cho-

110 3283 161 3350 kur
174 3295 299 3371 nautas,
316 3283 350 3348 in
368 3281 447 3346 War
463 3279 658 3362 aurifabros,
680 3278 790 3344 uillam
809 3277 935 3366 Richrn,
950 3283 1135 3366 porcionem
1152 3283 1228 3351 uille

110 3394 144 3459 10
158 3394 291 3480 Suillan,
310 3392 423 3459 uillam
441 3389 554 3474 Beillo,
588 3395 708 3454 terram
726 3388 760 3453 in
776 3388 852 3473 Fas,
889 3397 1008 3458 terram
1024 3392 1058 3460 in
1083 3393 1229 3474 Selichc,

109 3503 224 3570 tertiam
241 3509 367 3590 partem
385 3499 426 3566 de
442 3499 534 3582 Burs,
562 3496 717 3563 tributum
734 3495 793 3561 fori
811 3495 853 3563 dc
868 3497 1037 3586 Soboalou,
1069 3502 1225 3570 tributum

109 3629 184 3693 aque
198 3611 230 3677 in
247 3609 339 3696 Beld,
371 3607 525 3675 tributum
542 3603 701 3688 lignorum
718 3625 782 3688 quo
807 3603 953 3673 seruntur
978 3605 1078 3694 snper
1105 3611 1226 3700 Goion,

109 3715 241 3785 decimas
267 3725 433 3808 aratorum
464 3713 653 3798 Monaeterij
686 3719 717 3778 01
748 3713 912 3780 hominum
944 3735 1074 3784 suorum
1105 3721 1226 3806 ubique

108 3826 313 3911 existentium,
331 3825 493 3910 capellam
512 3821 624 3890 Sancti
641 3821 771 3890 Martini
787 3821 828 3888 de
844 3821 952 3910 Odort,
969 3823 1084 3893 uillam
1100 3829 1224 3898 (thene-

108 3933 155 4017 sis,
184 3935 294 4004 uillam
311 3933 436 4017 Sielror,
468 3929 615 4016 predium
641 3929 818 4018 (iestenge,
850 3937 882 3997 01
915 3939 1064 4014 quartam
1097 3946 1223 4022 partem

109 4040 294 4108 decimarum
310 4041 407 4109 trium
424 4037 643 4122 Capellamm.

204 4154 290 4221 Sanc
306 4149 472 4216 noualium
489 4153 679 4225 uestrorum,
696 4163 760 4227 qne
776 4144 917 4229 proprijs
932 4145 1083 4214 manibus
1094 4155 1125 4215 et
1137 4171 1222 4217 sum-

110 4262 208 4342 011100
223 4261 341 4342 colitis,
359 4257 431 4324 siue
448 4255 489 4322 de
506 4263 684 4321 uestrorum
702 4253 892 4319 animalium
907 4254 1126 4340 nutrimentis,
1155 4257 1225 4325 nnl-

109 4369 153 4434 100
168 4391 186 4435 a
201 4370 291 4436 uubis
308 4365 453 4434 decimas
469 4363 600 4447 exigere
617 4363 671 4428 uel
688 4365 878 4443 extorquere
894 4370 1070 4448 presumat.
1109 4363 1223 4434 Liceat

111 4495 229 4561 qnoque
245 4478 336 4545 robis
352 4474 488 4541 clericos
504 4471 557 4538 uel
574 4469 676 4536 laicos
693 4469 811 4536 liberos
827 4477 860 4535 ct
876 4470 1055 4556 absolutos,
1080 4477 1224 4542 aseeulo

109 4585 268 4676 fugientes,
285 4586 329 4653 ad
346 4581 588 4653 conuersionem
605 4578 758 4665 recipere,
782 4581 815 4642 et
829 4597 884 4644 eos
909 4578 1031 4662 absque
1063 4583 1227 4649 contradi·
1295 4605 1299 4612 ·
