3080 5146
563 287 693 388 „er

80 483 143 550 rint
157 483 306 552 obtinere
323 505 331 548 ε
350 481 603 552 Universitatem
629 491 770 552 uestram
797 503 962 551 manemus
993 489 1025 551 et
1054 507 1207 572 rogamus

80 599 213 680 attente,
246 611 305 678 per
321 591 512 677 Apostoliea
528 593 621 658 vobis
651 592 774 676 scripta
805 593 1010 680 mandantes,
1043 601 1206 677 quatenns

79 698 282 770 considerato
298 699 444 788 prouida,
469 719 567 783 quam
584 699 731 767 niutan
763 700 857 766 vonis
889 701 923 765 n
954 701 1022 768 inis
1054 687 1217 786 patrinus*

80 807 214 876 fratrum
231 807 400 894 presentia
415 806 601 894 eorundem,
619 807 701 893 ipsis
717 807 758 874 de
773 809 885 892 aliquo
901 807 981 888 loeo,
1008 809 1041 875 in
1059 829 1122 893 qno
1139 831 1217 878 nrt)-¹

79 915 139 982 rari
154 915 325 984 eommnde
342 915 485 1000 valeant,
513 921 545 981 et
560 915 679 983 dennte
694 914 834 982 Domino
851 915 1013 1000 famulari,
1046 917 1089 984 ad
1106 920 1203 984 eolla-

80 1027 195 1092 tinnem
226 1028 371 1091 vestram
402 1030 582 1109 spectante,
614 1023 647 1089 in
681 1023 824 1090 Ciuitate
855 1023 1004 1108 predicta
1034 1024 1205 1110 providere

78 1131 213 1197 libenter
238 1138 272 1199 et
298 1131 473 1199 liberaliter
489 1130 658 1200 studeatis.
698 1131 886 1199 Mandatum
919 1140 1065 1201 nostrum
1097 1133 1205 1203 taliter

79 1237 252 1326 impleturi,
269 1239 355 1323 quod
371 1239 575 1316 deustionem
592 1247 737 1309 vestram
754 1238 870 1308 exinde
887 1239 996 1324 dignis
1012 1242 1045 1307 in
1063 1243 1203 1310 Domino

81 1345 308 1414 commendare
324 1347 477 1414 laudibus
494 1347 674 1414 valeamus.
698 1349 819 1414 Datum
834 1346 986 1432 Lugduni
1001 1348 1078 1416 XII.
1090 1350 1201 1418 kalen·

81 1453 137 1520 das
151 1453 315 1542 Januarij,
331 1452 542 1523 Pontificatus
558 1455 660 1524 nostri
677 1475 763 1522 anno
779 1453 933 1522 seeundo.

293 1651 423 1720 (Farlati,
442 1653 590 1721 Illyricam
609 1653 725 1708 tlaerum
743 1655 777 1706 V.
797 1653 856 1704 ket.
877 1657 920 1704 76,
939 1653 969 1719 l.)

509 1952 772 1970 ..ψ

602 2482 677 2551 244.

84 2682 100 2744 1
106 2681 137 2747 V.
152 2685 244 2750 Iners
254 2685 414 2772 pdpdrrak
429 2683 594 2770 supedeiye
610 2707 632 2748 a
647 2681 779 2768 zdprdbi
793 2685 922 2771 puapdk
937 2688 1099 2762 azdmdre,
1116 2685 1199 2768 kopp

86 2788 171 2854 deu
186 2795 217 2856 ea
233 2791 377 2876 epyhdaa
391 2791 469 2856 elien
485 2815 524 2854 az
540 2791 676 2874 apostoli
692 2791 827 2854 sze'knelr
843 2787 934 2855 bireti
962 2815 983 2855 a
1014 2791 1201 2858 kikdzdaiter

233 2919 318 2984 napy
332 2899 537 2963 inter-dietum
553 2899 671 2963 itdlete‘t
688 2921 726 2960 ne
743 2898 928 2964 laetanda.
946 2897 1043 2962 1245.

164 3094 323 3159 malalee,
342 3095 468 3146 Ianum.
487 3095 553 3146 hist.
572 3095 662 3160 Epire.
682 3095 876 3162 Zaprabieurir
894 3095 917 3145 1.
936 3095 996 3144 kdt.
1015 3097 1059 3146 at.
1078 3093 1095 3145 1.
