3098 5132
605 326 764 424 „Q

121 526 200 588 mine
218 520 409 589 faceremus
425 521 588 606 roborari;
604 517 740 604 quodet
756 515 901 585 fecimus.
919 513 1014 582 Anno
1030 513 1246 584 Uerbilncar-

120 629 184 696 nati
198 628 449 696 M⁰OC⁰XX⁰V.
471 628 582 694 datum
598 648 657 713 per
674 644 790 694 manus
800 621 948 709 Magistri
958 622 1126 691 Benedicti
1137 625 1248 692 Lecto·

121 740 162 805 ris
175 737 429 822 strigoniensis.

123 937 259 997 (Eredetie
279 935 471 999 borhsrtyan
490 935 611 1000 melyrdl
632 949 649 984 a
673 930 824 998 peesttnek
851 930 985 983 teredeke
1013 929 1249 995 hartyarrineffen

354 1028 444 1094 frigffi
463 1041 480 1076 a
498 1025 585 1077 budai
603 1025 658 1076 kir.
677 1021 806 1075 kamarai
825 1021 1021 1084 leveltdrban.)

556 1313 823 1326 m

658 1851 731 1921 128.

128 2054 284 2140 Bizonyoa
300 2052 471 2139 ipolyadqa'
485 2052 631 2118 birtoicru
646 2051 818 2118 soractae
840 2074 898 2138 per
923 2075 944 2116 o
978 2051 1102 2118 Garum
1133 2055 1255 2121 mdctti

185 2175 268 2228 ramat
283 2161 433 2227 benedeici
448 2166 587 2246 aptitudo
605 2186 620 2227 a
637 2161 734 2248 Peter,
752 2157 1003 2248 Gydrqpaekfia
1018 2161 1097 2227 ledat.
1113 2161 1209 2228 1225.

232 2359 437 2426 Laureucius
452 2356 564 2426 Abbas
580 2357 692 2424 Sancti
709 2354 878 2423 Benedicti
904 2355 1042 2424 Abbatis
1067 2357 1255 2426 Monasterii

131 2464 294 2534 detioron
311 2487 464 2534 unacum
483 2465 639 2534 iratribus
658 2466 735 2549 suis,
754 2471 920 2550 presentes
938 2465 1066 2532 litteras
1092 2465 1255 2551 inspectu-

135 2573 176 2638 ris
191 2575 333 2640 salutem
351 2574 385 2639 in
403 2575 550 2640 Domino.
591 2573 752 2652 Quoniam
769 2575 804 2639 in
820 2571 931 2639 muudi
949 2573 1044 2640 rebus
1061 2574 1255 2658 quaudoque

132 2679 211 2745 solet
228 2680 306 2746 oriri
323 2683 555 2765 controuersia,
574 2683 712 2765 negocia
730 2677 949 2767 preueuienda
964 2681 1167 2766 precidenda
1183 2690 1257 2751 sum

137 2789 275 2855 cautela.
301 2786 381 2855 Inde
397 2795 456 2876 est,
473 2790 556 2874 quod
573 2797 685 2857 notum
703 2789 771 2856 fieri
789 2788 938 2856 volumus
954 2794 1021 2853 tam
1042 2792 1256 2877 presentibus,

134 2915 225 2978 quam
245 2905 360 2983 postea
376 2896 470 2965 uobis
487 2898 700 2980 successuris,
719 2918 814 2982 quum
833 2896 965 2979 quidam
984 2899 1110 2966 iuuenis
1127 2897 1255 2964 nomine

135 3001 248 3070 Petrus
265 3003 400 3090 Georgij
417 3005 503 3072 tilius
518 3012 639 3072 terram
656 3007 690 3072 X
707 3012 887 3071 aratrorum
903 3005 937 3071 in
964 3005 1044 3072 uilia
1069 3005 1169 3094 Sagii,
1194 3027 1256 3090 que

135 3111 278 3194 predicto
296 3113 418 3197 pendet
433 3113 642 3202 Monasterio‚
658 3113 734 3178 dum
753 3112 920 3196 acquirere
931 3119 963 3180 et
974 3113 1036 3178 sibi
1047 3113 1211 3180 attrahere
1222 3133 1257 3181 se

136 3219 312 3302 exaitaret3
337 3221 519 3304 terminum,
537 3229 571 3287 at
587 3227 663 3287 ante
679 3222 880 3305 presenciam
897 3220 1040 3287 Palatini
1065 3217 1147 3287 Julk
1172 3240 1256 3286 oom-

137 3333 285 3408 parcrent
303 3327 380 3395 uilla
396 3327 620 3413 iobagionibus
638 3329 801 3413 imposuit.
824 3327 889 3397 Sed
906 3329 983 3412 quia
999 3328 1075 3394 ficta
1090 3347 1141 3394 res
1157 3349 1259 3412 quan-

139 3433 241 3518 doque
256 3457 314 3523 per
330 3437 504 3504 scienciam
521 3459 632 3506 ueram
649 3439 731 3504 solet
747 3437 967 3523 deprehendi;
991 3437 1060 3522 Ego
1086 3435 1198 3504 Abbas
1225 3437 1259 3504 L.

138 3541 195 3610 hoa
211 3544 291 3610 mihi
306 3544 453 3612 reuelato
470 3547 513 3611 ad
528 3543 669 3612 iudicem
687 3545 734 3611 ire
760 3565 950 3633 properans,
974 3543 1042 3610 illic
1067 3544 1178 3612 Petrus
1204 3541 1260 3609 ad-

139 3669 261 3718 uersum
279 3654 434 3738 poputum
454 3673 558 3720 meum
576 3659 608 3719 et
622 3671 672 3718 me
688 3653 787 3736 litigii
814 3673 912 3722 uooes
942 3653 1132 3736 commouit;
1158 3652 1205 3719 sic
1230 3661 1263 3718 et

141 3777 196 3825 nos
212 3759 371 3828 aduersus
389 3779 462 3826 eum
480 3761 711 3847 respondentes
725 3783 733 3846 3
750 3761 886 3827 taudem
899 3779 920 3825 a
935 3760 1054 3828 iudicis
1064 3758 1263 3828 discussione

139 3865 211 3932 talis
229 3867 343 3935 efulsit
360 3869 547 3956 sentencia;
572 3869 758 3941 videlicet:
791 3867 861 3952 Ego
893 3871 1004 3936 Abbas
1035 3867 1071 3938 L.
1103 3875 1134 3938 et
1165 3869 1263 3936 frater

140 3994 226 4042 meus
241 3977 403 4060 presbiter
418 3979 542 4064 Petrus,
560 3999 621 4046 nec
636 3999 700 4044 uon
728 3977 867 4044 Ourialie
894 3973 1009 4046 Comes
1040 3998 1130 4046 meus
1162 3978 1196 4044 P.
1230 3977 1262 4042 in

144 4080 260 4168 Scyget
278 4084 312 4149 in
329 4083 452 4169 templo
469 4085 580 4153 Sancti
612 4086 752 4170 Nicoiay
782 4085 989 4168 confessoris,
1022 4086 1051 4152 si
1077 4086 1264 4170 iuraremus,

140 4195 252 4258 terram
270 4191 318 4260 sic
334 4192 573 4279 possideremus
591 4194 753 4262 mediante
771 4193 929 4278 pristaldo
944 4193 1069 4260 Nemel.
1094 4189 1190 4270 Quod
1207 4211 1264 4259 nos

140 4307 267 4385 propter
284 4306 429 4366 noemam
445 4299 496 4366 ius
513 4299 669 4380 fecimus3
684 4301 762 4385 quia
777 4300 811 4366 iu
829 4300 914 4372 dicto
930 4300 1002 4366 loco
1019 4319 1127 4368 eoram
1138 4296 1266 4364 Abbate

141 4404 221 4473 Joan
238 4415 271 4474 et
287 4408 440 4475 uniuerso
457 4407 605 4495 Oapituio
622 4408 796 4475 iuramenti
812 4427 908 4476 uoces
925 4409 1099 4478 emisimus.
1124 4409 1166 4474 Et
1181 4413 1216 4474 at
1232 4407 1266 4472 in

141 4534 288 4598 processu
303 4515 458 4600 temporis
474 4517 596 4590 nullius
612 4518 796 4605 posteritas,
814 4524 870 4582 aut
886 4515 986 4604 Petri,
1002 4517 1108 4603 possit
1129 4536 1265 4582 commo-

141 4639 212 4689 uere
226 4643 294 4690 rem
313 4625 406 4712 hauc,
424 4632 611 4709 quartarum
629 4625 814 4693 testimonio
830 4623 1113 4710 confirmauimus;
1132 4643 1265 4712 quarum
