3208 5158
798 357 959 460 „qs-oe-

313 561 346 625 el
363 553 568 642 progreditur
582 555 671 624 eirea
687 563 843 640 montem,
872 555 929 641 qni
944 553 1093 624 omnum
1122 554 1254 640 dieitur,
1285 559 1322 620 et
1351 551 1452 620 radit

313 685 416 750 usque
431 665 523 732 illum
539 666 654 753 looum,
669 667 725 750 qui
741 665 949 734 Foreoeltoln
964 663 1095 751 dieitur,
1126 671 1160 732 et
1173 664 1221 730 ibi
1237 663 1343 732 eeiam
1358 683 1454 732 nonu

313 779 400 840 meta
415 780 465 840 est
481 781 610 858 ereata,
631 781 664 840 et
680 773 727 842 ibi
741 775 955 842 terminantur
969 780 1056 840 mete
1070 773 1175 860 ipsius
1189 779 1288 840 terre.
1301 771 1454 840 lneuiue

312 881 361 948 rei
384 881 571 952 memoriam
595 887 628 948 et
655 889 848 968 perpetuam
863 881 1049 949 firmitatem
1077 890 1247 968 presentes
1279 879 1446 968 (litteras)

314 991 533 1058 ooneoseimus
550 989 693 1076 duplicis
708 991 810 1075 sigilli
825 991 927 1060 nostri
935 991 1114 1058 munimine
1123 989 1306 1057 roboratus
1321 987 1451 1056 Datum

315 1119 403 1166 anno
418 1099 551 1164 Domini
565 1099 762 1166 noctu·
776 1119 873 1168 nono
898 1100 1004 1185 Regni
1020 1099 1142 1189 (autem
1158 1095 1263 1166 nostri
1278 1117 1367 1164 anno
1385 1095 1450 1163 tri·

316 1209 435 1276 eesimo
450 1205 593 1294 quarto.)

317 1408 459 1468 (Brsdetle
478 1408 653 1473 blirlnirtyin
671 1407 770 1460 felette
801 1409 981 1474 megrongflt
1011 1407 1185 1472 illupotbnn,
1217 1423 1235 1456 n
1266 1405 1454 1471 uirga-soros

317 1498 553 1562 selyemzsinlrron
571 1499 688 1564 finggtttt
705 1497 802 1562 peestt
829 1497 971 1558 elveswtt,
993 1512 1011 1547 a
1029 1497 1118 1547 budai
1135 1497 1190 1546 kir.
1215 1497 1346 1547 hmani
1361 1496 1455 1546 levet·

316 1589 426 1638 ttrban.
446 1589 503 1638 Sok
522 1590 637 1640 hibaval
655 1589 760 1638 kiadua
778 1587 907 1666 Fejemtl
926 1587 994 1638 θοὰ.
1012 1587 1087 1652 Dipl.
1107 1587 1155 1638 tv.
1174 1587 1235 1637 ket.
1259 1593 1284 1638 3.
1297 1601 1320 1637 r.
1334 1589 1396 1637 488.
1412 1587 1455 1650 l.;

586 1693 611 1730 v.
626 1681 651 1730 ὃ.
665 1693 683 1729 a
695 1679 786 1730 Huzai
799 1677 988 1745 Okmrinytslrt
1002 1679 1029 1728 1.
1040 1679 1072 1729 k.
1085 1681 1128 1728 4⁰.
1141 1677 1174 1740 l.)

843 2553 917 2628 429.

318 2753 595 2822 Betasztreooiat
609 2757 738 2842 lerczeq
753 2759 867 2821 lenirem
889 2755 1045 2842 helyee‘pet
1076 2757 1139 2821 odo
1169 2757 1229 2822 ite'l
1258 2781 1280 2820 a
1310 2753 1453 2842 eripi-tibi
1590 2723 1591 2782 l

408 2863 595 2950 epphcianolt
611 2864 895 2948 Brotoacioakfiai
910 2867 943 2928 e'e
959 2865 1078 2930 artoldi
1092 2865 1255 2931 οἶὶεηέὸσπ.
1272 2867 1370 2932 1269.

425 3059 506 3126 Bela
536 3061 599 3128 Dei
630 3061 742 3146 gracia
780 3061 855 3128 Dux
884 3061 989 3131 toeius
1017 3061 1203 3149 Solanonie,
1243 3061 1453 3150 Dalmaeltie,
1589 3047 1590 3102 3

318 3167 475 3236 Croaohie
512 3169 672 3238 universis
709 3189 842 3255 presens
880 3171 1037 3256 seriptum
1079 3170 1276 3257 inspecturis
1307 3171 1452 3238 salutem
1589 3171 1590 3176 ’

317 3277 351 3342 in
383 3275 530 3343 Domino.
563 3275 615 3342 ad
652 3277 875 3346 universorum
905 3279 1061 3346 noticiam
1102 3279 1218 3348 harum
1249 3279 1335 3347 serie
1360 3278 1453 3346 volu·

318 3401 391 3448 mos
428 3384 597 3467 pervenire
628 3409 637 3448 :
678 3383 764 3469 quod
802 3405 873 3452 oum
912 3387 1074 3454 Duoatum
1112 3389 1218 3484 tooius
1266 3387 1453 3474 Solanonie,
1588 3391 1589 3448 3

318 3489 508 3556 Dalmaehie
539 3497 572 3557 et
613 3473 770 3592 liroaohie
811 3514 852 3559 ex
890 3493 1059 3562 voluntate
1098 3493 1306 3564 Sereniseimi
1347 3495 1454 3580 patris

318 3595 418 3661 nostri
449 3595 529 3662 Bele
559 3597 689 3685 Quarti,
734 3601 835 3682 Regis
866 3601 1044 3689 Huugario,
1099 3601 1249 3688 primitus
1280 3600 1453 3670 instram

317 3721 399 3784 mns,
416 3703 509 3770 nobis
534 3703 568 3770 in
593 3705 757 3789 Zagrabia
772 3707 996 3796 existentibus,
1012 3707 1145 3793 qnidam
1163 3709 1222 3778 filii
1247 3717 1281 3778 et
1310 3715 1452 3796 nepotes

315 3807 469 3890 Bratona,
485 3811 578 3877 iuxta
593 3813 725 3879 fluvium
740 3813 910 3882 Jalseueth
926 3817 1115 3904 existentes,
1132 3817 1288 3886 videlieet
1303 3817 1452 3886 Otroohk
1587 3777 1588 3814 ³

315 3933 387 3979 eum
413 3915 488 3982 tlliie
513 3919 591 4000 suis,
631 3919 759 3986 Toreha
797 3941 869 3988 oum
908 3913 985 3989 filiis
1024 3925 1102 4010 suis,
1125 3925 1313 4012 Mironlaus,
1351 3927 1453 4008 Retlr,

315 4019 466 4105 Velizlou,
496 4021 622 4092 Gerdoe
653 4045 726 4092 oum
753 4027 832 4096 tiliis
848 4029 927 4115 suis,
944 4031 1086 4100 Martino
1102 4039 1136 4100 et
1151 4034 1242 4122 aliis,
1259 4033 1451 4120 Dragizlao,
1586 4097 1587 4108 ,

316 4123 406 4212 Ozul,
424 4127 513 4214 Wlk,
529 4137 563 4196 et
579 4131 699 4199 ibidem
716 4135 810 4202 iuxta
826 4136 947 4204 dietum
963 4137 1098 4206 fluvium
1123 4141 1306 4229 Jaleeuetlt,
1336 4139 1445 4208 Zlobk
1586 4169 1587 4234 ,

315 4249 388 4295 eum
419 4233 487 4300 lilio
517 4255 586 4324 eno,
616 4239 742 4306 Brathk
773 4249 805 4308 et
836 4243 911 4311 aliis
942 4247 1093 4329 cognatis
1125 4247 1205 4329 suis,
1244 4247 1324 4316 item
1339 4247 1450 4336 Donk,

314 4335 481 4427 Neudasa,
513 4343 591 4410 item
623 4347 681 4412 tilii
714 4353 747 4414 et
778 4359 915 4436 nepotes
947 4351 1068 4436 Ghntln,
1108 4355 1306 4445 Stephanus,
1341 4354 1446 4444 Book,

319 4439 477 4532 ll'lohina,
509 4443 593 4515 Otho
624 4460 657 4519 et
686 4453 743 4520 filii
769 4457 957 4546 Wleodrug,
975 4462 1052 4528 item
1068 4461 1129 4530 filii
1145 4471 1178 4531 et
1194 4469 1332 4549 nepotes
1351 4463 1450 4531 Godi
1585 4467 1586 4502 l

321 4563 395 4628 goy,
411 4548 537 4635 Wlksa,
554 4553 686 4645 Pubisa,
718 4562 910 4631 Gurdauelh
941 4589 981 4634 ao
1012 4575 1083 4636 lota
1114 4571 1291 4654 generacio
1324 4571 1451 4658 predio·

322 4652 425 4717 torum
457 4657 490 4722 in
507 4657 608 4728 tribus
644 4665 728 4734 villis
744 4677 858 4739 eontra
874 4673 1061 4760 Capitulum
1077 4685 1110 4746 et
1127 4679 1312 4748 canonicos
1327 4681 1450 4765 Zagra·
