3120 5148
658 282 700 350 97

599 375 759 388 *-

112 499 194 547 onus
211 477 435 560 cuiuscunque
450 475 580 561 publice
595 476 971 562 funccionisapredictis
989 473 1249 544 iratribusTemr

114 588 159 672 pli
176 593 210 654 et
227 603 339 652 eornm
365 583 593 668 iobagionihus
609 591 641 651 et
659 583 841 652 hominibus
858 601 917 668 pro
934 582 1132 667 quibuslibet
1146 586 1242 651 rebus

113 698 317 780 presummat
350 692 488 774 exigere.
508 691 546 758 dr
569 694 648 776 quia
665 691 895 760 nichilominus
927 691 1029 758 nostri
1045 697 1095 758 est
1110 693 1237 776 negocii

114 803 263 870 salubria
288 798 556 886 predecessorem
575 807 754 868 nostrorum
770 799 921 866 instituta
946 799 1132 884 approbare
1145 807 1241 884 atquc
1267 837 1272 844 ·

117 908 300 991 defendere,
318 908 429 974 omnia
445 907 510 986 illa,
529 926 628 989 quea
647 907 909 991 predecessorum
920 913 1103 972 nostrorum
1116 906 1237 991 Regum

116 1015 342 1084 munificencia
358 1014 479 1082 collata
494 1025 570 1081 sunt
602 1015 745 1099 predicte
761 1015 883 1081 Milicie
900 1013 1041 1100 Templi,
1059 1018 1237 1083 secundum

115 1124 333 1192 institucionis
351 1143 461 1190 eornm
479 1123 607 1188 modum
626 1122 659 1188 in
676 1123 745 1189 iure
761 1121 1018 1205 Temploriorum
1034 1122 1152 1206 Regali
1168 1143 1240 1189 auc-

117 1233 248 1298 toritate
263 1231 501 1314 confirmamus,
519 1231 613 1296 sicuti
629 1229 701 1296 Rex
716 1229 905 1296 Hemerious
923 1228 1025 1296 irater
1040 1239 1153 1296 noster
1169 1231 1238 1300 dul·

113 1341 162 1406 cis
175 1338 418 1406 recordacionis
450 1329 652 1406 confirmavit
668 1345 700 1404 et
716 1337 749 1403 in
766 1339 836 1404 eius
853 1337 1036 1423 privilegiis
1048 1339 1237 1423 continetur,

114 1446 257 1513 scilicet:
271 1445 387 1510 sillam
403 1445 551 1510 Fratrum
569 1444 691 1511 Milicie
707 1445 849 1531 Templi,
868 1463 930 1528 que
947 1443 1011 1510 sita
1028 1450 1077 1512 est
1093 1446 1126 1512 in
1143 1455 1239 1532 terra,

115 1574 179 1639 que
194 1559 330 1619 vocatur
352 1551 474 1620 Pisana
496 1553 531 1618 in
548 1553 709 1618 Comitatu
727 1550 828 1619 Gorre
844 1551 1018 1618 secundum
1035 1556 1191 1622 terminos
1208 1569 1240 1622 ct

117 1667 220 1726 metas
237 1661 324 1726 illius
348 1660 437 1726 ville.
452 1659 564 1726 Prima
579 1669 666 1726 meta
682 1679 785 1743 nsque
796 1659 918 1740 Belox;
936 1658 1053 1726 deiude
1070 1661 1113 1726 ad
1130 1661 1240 1729 Outhi-

115 1789 192 1834 nam
203 1785 307 1849 nsque
318 1767 358 1833 ad
382 1775 509 1850 pontem
527 1765 684 1854 Chaoval,
701 1774 814 1852 postea
831 1767 872 1832 ad
890 1766 1045 1852 Jamitlm,
1073 1767 1169 1836 sicuti
1185 1775 1241 1837 via

118 1876 215 1958 Regis
232 1887 283 1942 est
298 1873 339 1938 ad
357 1876 468 1957 Bane;
485 1883 519 1940 et
545 1875 586 1942 de
601 1877 692 1942 Bane
723 1875 886 1957 usquead
911 1874 1012 1963 Noac,
1031 1883 1064 1941 et
1081 1877 1175 1944 sicuti
1194 1891 1241 1944 cst
1268 1897 1271 1903 ·

114 1983 179 2068 vio,
195 2001 258 2066 que
275 1981 365 2048 ducit
381 1983 424 2048 ad
441 1981 574 2070 iontem,
586 1981 640 2065 qui
652 1989 701 2050 est
718 1983 811 2049 iuxta
827 1981 979 2070 Gustuni,
996 1981 1116 2049 deinde
1134 1986 1240 2052 tendit

113 2090 156 2155 ad
173 2089 310 2175 primam
337 2099 456 2156 metam
474 2109 535 2174 qne
552 2089 670 2156 dieitur
685 2089 798 2158 Belou.
830 2089 962 2157 Terram
980 2111 1056 2158 vcro
1073 2093 1113 2156 de
1130 2092 1238 2159 Outhi-

114 2217 158 2263 ua
172 2217 233 2283 per
249 2197 390 2264 rivulum
408 2197 449 2264 de
474 2197 661 2264 Wolcheuis
678 2197 718 2262 ad
736 2203 877 2263 montem
910 2199 1060 2280 superius
1078 2201 1240 2283 usquead

114 2325 268 2389 maguam
286 2307 373 2371 riam
390 2306 459 2372 iure
476 2312 631 2390 perpetuo
664 2304 899 2372 confirmamus.
916 2304 1117 2388 Jobagiones
1143 2310 1241 2392 siqui·

116 2414 190 2480 dem
208 2421 240 2478 et
256 2432 368 2480 omnes
385 2413 540 2496 homines,
552 2432 631 2494 quos
649 2413 813 2478 habebant
830 2419 973 2497 temporo
990 2414 1138 2497 Magistri
1156 2415 1241 2484 Gau·

114 2521 189 2587 sridi
214 2521 336 2586 Marcel
353 2525 385 2584 ct
400 2518 522 2584 Kalani
549 2519 631 2585 Bani
648 2527 714 2584 tam
738 2521 773 2584 in
790 2520 963 2586 Dalmaeia
981 2541 1074 2604 quarn
1093 2523 1126 2588 iu
1144 2525 1243 2590 (irca-

113 2633 175 2714 cia,
196 2627 291 2694 sicuti
321 2631 415 2710 pater
446 2633 555 2692 noster
581 2625 664 2692 bone
680 2627 833 2692 memorie
866 2623 978 2713 B(ela)
995 2628 1064 2694 Res
1083 2631 1241 2712 predictis

113 2734 268 2802 tratribus
300 2741 516 2818 concesserat,
534 2734 581 2798 ita
607 2741 641 2798 et
656 2754 716 2800 nos
733 2735 765 2798 in
792 2740 981 2818 perpetuum
998 2736 1031 2800 in
1048 2754 1130 2819 pace
1163 2757 1236 2804 con·

113 2843 271 2910 cessimus
304 2839 533 2934 possidendos,
567 2841 686 2907 Villam
720 2859 856 2925 quoque,
891 2861 952 2924 qne
970 2851 1103 2910 vocatur
1135 2843 1239 2929 (iupa,

114 2969 213 3034 qnam
232 2949 299 3017 illis
316 2971 358 3018 ex
373 2952 583 3016 concessione
599 2951 704 3033 patris
720 2949 821 3015 nostri
855 2945 961 3034 B(ele)
991 2950 1090 3034 Regis
1125 2951 1240 3020 domes

113 3061 243 3125 nornine
274 3056 419 3122 Wolchis
451 3056 604 3140 erogarit,
621 3055 663 3122 de
688 3041 753 3137 qua
769 3055 849 3121 villa
865 3075 905 3120 ex
921 3063 1014 3138 parte
1047 3057 1146 3138 Regis
1178 3058 1239 3126 luit

112 3164 291 3250 pristaldus
308 3165 422 3229 Petrus
448 3164 551 3228 frater
577 3160 729 3247 Gregorii
746 3161 856 3230 clerici
874 3181 911 3228 eo
928 3167 1073 3246 tempore
1091 3165 1161 3231 vioe
1179 3167 1240 3232 Re-

112 3274 166 3352 gis
182 3271 312 3357 iudicis,
329 3276 360 3337 et
376 3269 460 3336 Jurk
478 3270 518 3338 de
533 3269 699 3356 Brichins,
730 3270 907 3355 pristaldus
940 3267 1076 3353 predicti
1096 3270 1240 3340 Comitis.

112 3380 157 3444 Et
173 3378 220 3444 hii
235 3388 312 3446 sunt
328 3385 430 3444 testes
446 3396 544 3462 super
560 3377 620 3442 hoc
637 3379 777 3442 donum:
811 3377 939 3442 Michen
956 3384 1050 3461 pater
1073 3377 1241 3446 Wolchete

109 3487 154 3554 de
172 3485 290 3552 Belina
306 3491 338 3551 et
352 3484 509 3551 Bramtho
526 3485 567 3552 de
582 3483 726 3552 Boniche
745 3493 776 3550 et
793 3485 927 3550 Brisano
948 3487 1169 3570 centenarius,
1184 3486 1242 3571 qui

109 3595 212 3660 habet
236 3589 430 3657 divisionem
462 3611 521 3657 suc
538 3597 623 3656 terre
639 3611 711 3658 cum
725 3582 871 3657 'eiusdem
899 3599 982 3657 terre
999 3593 1241 3662 torminacione.

107 3702 250 3784 Insuper
275 3696 437 3781 quoddam
463 3695 609 3782 predium
636 3697 727 3764 Haco
759 3695 899 3783 nomine,
931 3697 1018 3781 quod
1043 3699 1108 3767 illis
1149 3699 1240 3769 dedit
1284 3720 1286 3722 ·

105 3809 227 3876 Comes
258 3805 488 3888 Gutitemerus,
519 3805 574 3888 qui
600 3805 714 3871 eodem
730 3811 875 3889 tempore
895 3803 980 3872 'erat
1013 3806 1129 3874 Comes
1162 3807 1243 3876 Gor·

107 3937 155 3999 re,
191 3925 276 3978 etex
293 3912 507 3980 concessione
523 3911 623 3996 Regis
642 3909 811 3996 Stephani,
835 3913 945 3996 quiec
963 3921 1107 3998 temporo
1124 3935 1240 4000 regna·
1293 3915 1296 3922 '

106 4025 156 4089 vit
185 4021 218 4087 in
235 4018 400 4104 Vagario;
432 4039 530 4103 super
547 4019 607 4086 hoc
625 4017 771 4103 predium
789 4017 850 4086 init
866 4019 1043 4102 pristaldus
1071 4020 1238 4088 lohannes

109 4130 155 4194 de
172 4127 297 4192 Drama
314 4133 346 4192 et
363 4125 478 4192 Comes
496 4123 601 4190 Burili
618 4124 658 4188 de
676 4123 803 4192 Goricc.
831 4123 1012 4202 Quemdam
1025 4125 1151 4192 civilem
1168 4147 1240 4194 curn

108 4235 270 4302 iratribus
286 4231 355 4298 suis
373 4232 446 4296 lwk
462 4233 604 4317 nomine,
637 4249 732 4313 quem
750 4231 851 4297 irater
882 4237 994 4297 noster
1010 4231 1146 4298 illustris
1162 4231 1244 4318 H(e·

106 4337 265 4425 mericus)
282 4337 352 4404 Rex
369 4339 538 4422 Hungarie
554 4337 709 4422 predictis
725 4339 882 4404 iratribus
893 4338 1028 4404 contulit
1043 4341 1077 4403 in
1094 4340 1244 4404 elemosi-

106 4469 202 4529 nam,
211 4466 267 4514 nos
279 4447 327 4514 eis
339 4447 547 4512 concedimus
558 4451 590 4513 et
601 4453 753 4532 perpetuo
763 4449 1000 4514 confirmamus.
1014 4447 1242 4514 serumserum

104 4554 202 4646 quod
218 4553 265 4621 cis
280 4561 374 4638 pater
389 4560 497 4620 noster
518 4553 626 4639 Bora)
644 4557 714 4622 Rex
730 4555 824 4620 beate
842 4555 995 4622 memorie
1014 4575 1071 4638 pro
1089 4554 1245 4623 luminari

226 4688 328 4728 ΙΟΠΜ.
345 4689 427 4724 illiso.
446 4690 514 4727 ΗΙΒΤ.
532 4697 575 4710 -·
592 4691 662 4727 llll'L.
680 4690 720 4726 XX.
1114 4664 1132 4728 7
