3150 5162
662 1017 736 1088 358.

132 1228 161 1285 A
175 1219 273 1308 pydre‘
288 1219 514 1307 ledptulunnak
530 1203 799 1309 dizonyaclpleoele
815 1245 854 1288 aa
870 1223 949 1290 Elati
963 1223 1074 1290 Eodre
1090 1245 1189 1292 cornea
1197 1227 1263 1310 fici

379 1329 449 1396 k'o‘zl
464 1330 581 1396 tlirtdnt
596 1330 885 1417 &arctosarctos-ol.
913 1331 1010 1398 1261.
1067 1401 1073 1408 ,
1170 1347 1177 1354 ’

239 1524 426 1613 Capitulum
442 1524 589 1593 Ecclesie
604 1525 786 1595 lauriensis
803 1529 961 1598 uniuersis
979 1527 1098 1596 Christi
1109 1527 1262 1596 fidelibus

126 1652 265 1720 presens
281 1634 436 1720 scriptum
452 1633 646 1719 inspecturis
661 1635 802 1702 salutem
817 1637 852 1702 in
868 1635 1015 1703 Domino.
1043 1635 1262 1706 Vniuersitati

127 1749 236 1810 vestre
252 1748 366 1810 tenore
381 1741 584 1826 presencium
601 1741 815 1830 declaramus,
834 1741 921 1828 quod
946 1741 1074 1811 nobiles
1106 1743 1166 1811 viri
1197 1743 1257 1828 filij

129 1847 267 1918 Comitis
283 1848 414 1916 Andree
429 1847 471 1914 de
485 1849 560 1935 Elui,
592 1849 745 1917 videlicet
761 1849 882 1918 Sthene
898 1858 931 1917 et
947 1850 1134 1937 Stephanus
1150 1873 1209 1937 pro
1226 1872 1261 1918 se

130 1969 162 2026 et
176 1977 238 2044 pro
254 1956 332 2041 alijs
348 1955 502 2024 fratribus
532 1957 610 2040 suis,
636 1956 670 2022 in
702 1965 812 2025 nostru
843 1957 1062 2043 personaliter
1093 1959 1260 2026 constituti

129 2065 304 2151 presencia
321 2063 362 2130 de
378 2063 528 2131 omnibus
543 2063 806 2149 possessionibus
841 2065 908 2132 suis
941 2071 1008 2130 tam
1039 2064 1259 2152 hereditariJs,

128 2193 227 2258 quam
246 2173 416 2258 emptioijs‚
450 2191 532 2256 quas
547 2173 581 2239 in
598 2173 663 2238 Ekl
680 2179 713 2239 et
728 2172 762 2238 in
779 2171 923 2240 Sakalus
938 2172 972 2239 in
988 2173 1082 2241 terris
1098 2173 1195 2240 cultis
1228 2182 1261 2240 et

131 2281 280 2366 incultis,
295 2278 410 2366 pratis,
427 2278 572 2366 piscinis,
591 2279 624 2346 in
640 2281 755 2366 seruis,
775 2279 905 2346 ancillis
922 2287 953 2347 et
970 2278 1135 2348 libertinis
1151 2281 1256 2366 poesi·

130 2391 219 2474 dent,
252 2387 376 2454 Comite
392 2385 531 2455 Nicolao
548 2386 590 2454 de
605 2387 768 2473 Wygman
784 2387 916 2453 homine
933 2387 1053 2454 domini
1083 2389 1192 2474 Regis,
1225 2396 1258 2456 et

129 2494 319 2566 testimonio
335 2495 479 2581 Capituli
495 2495 729 2580 strigoniensis
746 2495 965 2564 mediantibus
981 2496 1067 2566 inter
1081 2517 1118 2565 se
1128 2497 1259 2566 diuisio

128 2626 200 2672 nem
219 2605 373 2672 dixerunt
388 2603 557 2671 ordinasse
572 2605 631 2670 tali
648 2604 743 2672 modo
762 2630 769 2670 :
786 2606 872 2688 quod
888 2605 921 2670 in
950 2604 1028 2672 villa
1057 2605 1121 2672 illul
1150 2626 1260 2674 omnes

127 2721 232 2782 terras
249 2714 353 2780 cultas
368 2711 559 2780 diuisissent
574 2713 608 2777 in
623 2713 767 2798 quinque
782 2719 905 2798 partes,
923 2732 1059 2797 quarum
1076 2712 1139 2780 due
1150 2721 1261 2800 partes

128 2823 305 2891 cessissent
320 2821 354 2886 in
371 2827 497 2908 partem
514 2819 612 2887 Stene
628 2826 660 2886 et
686 2821 837 2904 Magistri
869 2817 1018 2906 Gregorij
1053 2821 1165 2888 fratris
1197 2821 1258 2905 sui,

128 2929 261 2997 residue
277 2947 352 2996 vero
369 2935 435 2995 tres
461 2933 572 3013 partes
604 2927 780 3014 Stephano,
812 2927 989 2996 Benedicto
1020 2934 1053 2994 et
1083 2929 1259 2995 Oltumano

128 3035 364 3105 remansissent
379 3033 584 3120 possidenda.
624 3035 705 3102 Item
723 3035 864 3119 quedam
881 3035 1040 3122 particula
1057 3043 1140 3102 torre
1165 3035 1259 3101 metis

129 3145 290 3212 distincta
305 3162 346 3210 ex
361 3149 455 3229 parte
471 3149 555 3210 terre
570 3141 670 3210 Stene
701 3143 851 3212 cessisset
868 3143 989 3211 eisdem
1006 3141 1104 3210 Stene
1120 3150 1152 3210 et
1178 3141 1255 3209 tire·

129 3254 232 3338 gorio.
258 3251 340 3318 item
356 3247 521 3334 quandam
536 3257 656 3317 terram
673 3251 757 3318 inter
773 3251 841 3319 Sek
857 3253 966 3318 taliter
996 3251 1148 3318 dixerunt
1178 3249 1260 3316 diui-

130 3361 225 3448 sisse,
243 3358 330 3444 quod
346 3379 423 3444 pare
438 3360 497 3425 illa
514 3379 577 3444 que
592 3355 798 3443 contignatur
822 3359 913 3444 ponti
944 3359 1076 3444 lapideo
1107 3357 1261 3425 cessisset

131 3469 254 3536 Sthene
269 3473 303 3534 et
318 3465 487 3552 Gregorio,
504 3465 635 3534 residua
651 3487 728 3534 vero
745 3487 830 3552 pars,
846 3486 909 3550 que
925 3467 1013 3552 jacet
1030 3487 1050 3532 a
1066 3473 1159 3550 parte
1169 3465 1261 3532 meri·

132 3575 268 3663 dionali,
287 3573 387 3642 cessit
403 3573 570 3660 Stephano
586 3594 658 3640 cum
673 3572 829 3640 fratribus
840 3573 907 3640 suis
919 3574 1160 3660 suprascriptis.
1179 3571 1260 3642 Item

133 3687 166 3751 in
185 3691 275 3752 terra
290 3682 433 3750 Sakalus
450 3682 533 3748 duas
550 3687 660 3768 partes
677 3681 811 3750 eoelesie
836 3681 1037 3768 propinquas
1070 3702 1126 3749 sen
1158 3686 1261 3751 eonti-

133 3813 216 3878 gnas
235 3791 386 3858 dixerunt
401 3791 540 3858 cessisse
557 3791 658 3858 Stena
673 3811 745 3857 cum
762 3789 865 3857 fratre
896 3809 954 3857 sno
985 3793 1163 3876 nominato,
1195 3799 1260 3861 tres

132 3921 208 3968 vero
226 3906 340 3986 partes
357 3899 500 3968 eiusdem
518 3907 643 3968 terrea
674 3905 765 3984 parte
797 3899 1060 3984 septemtrionali
1092 3899 1124 3964 in
1156 3908 1260 3968 sortes

133 4006 291 4095 Stephani
308 4013 341 4072 et
365 4006 501 4074 fratrum
535 4025 663 4073 suorum
695 4004 832 4072 luissent
863 4004 1024 4071 deuolute.
1064 4005 1262 4072 Adiecerunt

134 4118 247 4203 eciam,
280 4114 366 4199 quod
383 4121 468 4182 terra
485 4115 575 4180 culta
591 4113 678 4181 vltra
693 4112 836 4179 Sakalus
868 4114 1022 4198 existens,
1056 4113 1119 4180 due
1148 4120 1259 4199 partes
1317 4109 1320 4116 ’

134 4223 240 4294 eidem
256 4221 400 4289 Sakalus
416 4221 568 4306 contigue
586 4221 760 4288 cessissent
776 4220 809 4285 in
827 4227 951 4306 partem
966 4220 1087 4286 Sthene
1119 4228 1152 4287 et
1181 4219 1261 4287 Gre-

134 4333 228 4420 gorij,
245 4331 376 4400 residue
391 4351 469 4400 vero
485 4338 551 4397 tres
567 4335 678 4414 partes
694 4349 714 4394 a
731 4333 822 4414 parte
838 4329 924 4395 silue
940 4327 1173 4396 remansissent
1189 4327 1260 4392 Ste-

135 4441 251 4526 phano,
282 4437 455 4506 Benedicto
471 4446 505 4505 et
522 4435 708 4503 Oltumano.
748 4437 830 4502 Item
846 4443 1092 4522 proposuerunt,
1125 4433 1210 4519 quod
1227 4436 1262 4500 in

134 4559 250 4635 stagno
266 4549 308 4615 de
325 4547 468 4615 Sekaisa
484 4565 548 4612 vna
564 4547 741 4632 piscatura,
757 4563 820 4629 que
836 4545 1005 4628 vulgariter
1019 4545 1151 4630 wcpzlzcl
1182 4563 1260 4608 nuu-

134 4667 271 4745 copatur
301 4659 336 4724 in
367 4659 442 4724 1666
473 4655 650 4722 molendini
672 4652 1114 4748 Ι6661166666]6616161666,
1146 4658 1178 4718 et
1195 4651 1262 4719 alia

240 4794 346 4834 nouus.
362 4793 446 4834 ause.
462 4791 532 4832 urar.
551 4803 590 4812 -
608 4792 680 4827 nrrn.
697 4791 741 4831 xx.
1110 4763 1153 4831 33
