3080 5146
104 549 212 618 ldilicic
241 551 368 637 Templi
399 550 562 634 sigillatas
579 549 812 634 apportarent,
844 545 923 616 dare
961 556 992 614 et
1023 549 1232 634 consignare·

105 656 232 727 dobeuis
264 657 352 724 omni
382 657 554 725 occasione
569 665 706 724 remota.
725 654 865 734 Quodsi
881 654 1001 722 dictam
1019 663 1144 724 cartam
1162 676 1219 724 sen

105 767 221 834 litteras
237 786 302 832 nou
319 764 452 851 miserit,
481 763 608 832 dederit
639 771 672 831 ct
686 761 939 848 consignaverit,
966 767 1002 830 ut
1017 763 1141 830 dictum
1159 774 1219 845 est,

107 879 171 939 tunc
214 893 272 939 vcs
318 877 544 956 procuratores
591 869 696 936 dictas
745 870 827 936 duas
876 875 984 938 cartas
1010 877 1042 938 et
1075 871 1233 938 litteram

104 979 269 1064 predictam
280 979 323 1045 ad
334 979 536 1047 voluntatem
547 979 650 1046 nostri
661 979 762 1044 Ducis
775 979 869 1044 nobis
884 977 962 1044 dure
979 983 1011 1044 et
1026 977 1220 1061 consignare

107 1085 240 1152 debeatis
274 1088 361 1153 omni
392 1093 515 1153 remota
546 1087 725 1156 occasione.
757 1082 933 1152 Sciendum
966 1092 1026 1170 est,
1065 1085 1151 1170 quod
1178 1082 1222 1152 ad

104 1193 182 1259 illum
207 1191 365 1262 Comitem
396 1191 500 1277 Vegle
531 1211 572 1258 ex
603 1193 743 1279 nomine,
761 1191 815 1276 qui
833 1191 895 1256 crit
921 1197 995 1258 tune
1010 1192 1046 1257 iu
1060 1192 1220 1277 regimine

104 1302 280 1391 Comitatus,
307 1299 426 1370 debent
457 1299 555 1368 scribi
585 1307 617 1367 et
649 1299 733 1366 mitti
755 1298 863 1366 litters
880 1299 1102 1385 suprascripte
1119 1301 1222 1366 nostri

104 1409 194 1478 Ducis
209 1429 267 1496 pro
283 1407 512 1494 cognoscendo
523 1415 554 1474 et
570 1409 619 1475 ius
636 1405 788 1474 iaciendo
804 1407 1037 1492 suprascriptis
1062 1404 1215 1474 iratribus

103 1516 217 1603 Templi
247 1523 283 1582 et
312 1515 508 1583 Monasterio
534 1514 646 1582 Sancti
678 1511 809 1597 Georgii
835 1512 876 1579 de
893 1513 1043 1599 dampnis
1059 1512 1144 1580 datis
1162 1531 1234 1598 per·

105 1625 239 1692 homines
257 1623 382 1708 Beglie.

119 1715 123 1723 ⁵
199 1731 323 1799 Datum
354 1751 439 1797 anno
470 1729 602 1797 Domini
632 1730 807 1798 millesimo
833 1729 1055 1797 ducentesimo
1081 1728 1233 1814 quadrua-⁴

104 1841 215 1922 gesimo
226 1847 354 1922 octavo,
365 1836 419 1905 dic
434 1837 535 1905 tercia
549 1837 690 1904 intrante
705 1856 816 1904 mense
832 1836 955 1904 madioi
971 1836 1148 1904 indictione
1163 1837 1221 1908 Vl.

107 2037 226 2102 (ljuhics,
246 2038 430 2089 Monumenta
458 2036 614 2101 spectantia
641 2035 790 2086 historiam
819 2035 967 2087 slavorum
993 2034 1226 2087 Meridionslium.

550 2125 571 2177 1.
591 2123 650 2175 ket.
671 2129 712 2174 78.
734 2126 765 2188 l.)

526 2411 793 2421 m

625 2947 701 3016 256.

105 3109 483 3228 Arpictikdptaluonuk
509 3146 776 3233 bizoapsa'pleoela
801 3173 822 3213 a
852 3147 953 3214 Ndua
978 3169 1075 3212 conns
1100 3151 1132 3214 ds
1163 3147 1238 3215 Jolu-⁴

295 3251 518 3334 Petoscuitfiu
534 3253 620 3318 itiizto‘
634 3254 886 3321 dirtokcserdrdl.
920 3255 1016 3322 1248.

204 3551 382 3620 Farcasius
414 3551 798 3640 Quinque-Ecclesiensis
832 3557 1018 3643 Propositus
1058 3563 1236 3642 totumque·

106 3657 239 3726 eiusdem
257 3658 321 3726 loci
339 3656 526 3744 Capitulum
542 3661 691 3728 omnibns
707 3682 839 3751 presens
851 3661 1006 3747 scriptum
1017 3666 1226 3732 cernentibus

108 3765 234 3834 salutem
250 3769 284 3835 in
300 3767 448 3836 Domino.
469 3767 645 3838 Constituti
655 3772 689 3838 in
700 3777 812 3838 nostra
821 3771 993 3856 presencia
1003 3771 1099 3838 Nona
1111 3771 1235 3840 Comes-

108 3870 185 3940 dlius
198 3876 307 3945 Pousa
322 3894 363 3941 ex
378 3895 445 3941 una
461 3882 564 3964 parte,
580 3885 612 3944 et
628 3879 691 3946 Jcb
707 3878 794 3944 filius
811 3881 911 3946 Pctus
929 3899 970 3946 ex
986 3881 1063 3963 ulia,
1081 3877 1226 3948 confessi

108 3987 183 4067 sunt,
199 3982 285 4068 quod
302 3982 366 4068 ipsi
384 3989 552 4051 uoluntate
562 3985 692 4070 propria
702 3993 734 4052 et
744 4005 873 4053 suorum
885 3985 925 4053 de
937 4006 1096 4054 consensu
1107 4007 1237 4071 cogno·—

107 4093 210 4176 torum,
227 4111 325 4175 super
341 4090 534 4175 quibusdam
551 4093 686 4180 predijs,
705 4113 767 4177 que
783 4094 846 4178 ipsi
862 4093 1141 4162 iurehcreditario
1155 4113 1226 4181 pos·

109 4191 259 4285 sidebant,
276 4198 496 4266 concambium
512 4199 657 4268 iecerunt
673 4201 706 4266 in
724 4201 809 4267 hunc
826 4198 1136 4277 modum2Quintam
1153 4222 1227 4288 par·

108 4305 168 4366 tem
182 4305 366 4390 prediorum
383 4305 506 4392 Cheley
523 4314 555 4374 et
586 4307 759 4375 Schekchu
790 4308 931 4397 nomine,
963 4329 1025 4394 quc
1056 4310 1121 4378 sita
1151 4316 1227 4377 sunt

109 4403 192 4481 iuxta
206 4412 394 4479 Danubium
410 4413 444 4479 in
470 4413 629 4482 Comitatu
655 4415 696 4481 de
726 4415 867 4504 Barana,
900 4437 963 4500 quse
995 4417 1228 4501 contingebant

114 4514 204 4584 tilium
219 4519 319 4586 Pctus
336 4521 546 4590 uomincJob
571 4531 608 4590 ut
639 4524 770 4610 propria
802 4530 834 4590 st
865 4523 1073 4613 hereditaria,
1105 4527 1228 4608 recepit

110 4621 197 4692 liano
213 4623 343 4715 Comes;
369 4627 474 4697 eidem
490 4629 554 4698 Job
569 4631 737 4701 uicenersa
754 4629 925 4700 conferens
935 4631 1082 4715 quintam
1101 4635 1237 4718 partem
