3080 5146
587 417 748 522 Q

99 613 223 681 Dirine
249 587 538 701 remuneracionis,
564 617 762 680 memoratus
776 611 877 679 frater
897 617 1017 700 noster,
1033 611 1097 697 ipsi
1113 613 1232 682 Domui

103 723 345 809 inperpetuum
361 719 574 790 elemosinam
590 716 684 788 duxit
699 719 954 808 relinquendam,
971 721 1014 787 ab
1040 721 1114 807 ipsa
1143 722 1232 808 paci-

101 829 159 895 doe
182 825 436 914 possidendam,
461 826 548 913 quod
564 833 596 894 et
611 847 682 911 nos,
698 827 770 914 ipso
786 827 874 895 viam
890 828 1041 897 universe
1056 829 1164 898 carnis
1179 827 1229 897 in·

101 956 224 1022 gresso,
242 943 348 1006 ratum
365 934 539 1002 habuimus
555 942 654 1018 atque
668 934 803 1004 firmum.
818 936 861 1003 Et
875 943 910 1004 ut
925 937 960 1004 in
986 945 1147 1024 posterum
1179 943 1224 1005 to·
1308 969 1312 974 ·

102 1047 169 1113 cius
200 1043 453 1130 disceptacionis
486 1044 625 1111 materia
657 1043 834 1132 auferetur,
850 1043 1032 1132 predictam
1054 1053 1171 1114 terram
1188 1047 1231 1114 ad

105 1151 354 1236 requisicionem
386 1149 622 1218 antedictorum
653 1150 802 1238 fratrum,
833 1173 893 1239 per
923 1151 1054 1219 fidelem
1079 1153 1233 1222 clericum

103 1265 246 1326 nostrum
275 1259 469 1342 Magistrum
501 1258 714 1326 Benedictum
741 1259 1134 1348 Quinqueecclcsiensem,
1170 1261 1231 1328 cir·

105 1365 257 1452 cumspici
273 1364 411 1433 fecimus
427 1373 459 1432 et
475 1368 570 1435 metis
586 1366 681 1434 novis
697 1367 790 1434 iuxta
805 1375 926 1434 statum
943 1367 1111 1450 antiquum
1140 1369 1231 1436 inno·

105 1477 184 1562 rari,
198 1475 291 1542 nullo
305 1473 545 1542 contradictore
564 1479 753 1560 apparente.
764 1475 805 1540 Et
813 1474 891 1542 licet
907 1481 1011 1543 toturn
1027 1475 1229 1564 Supanatum

108 1581 145 1650 de
158 1581 278 1648 Nouak
307 1581 399 1648 fideli
419 1587 530 1650 nostro
546 1581 669 1650 Prende
684 1582 777 1649 Bano
793 1580 1036 1666 contulerimus,
1052 1582 1231 1666 predictam

105 1698 209 1757 tamen
241 1697 363 1756 terram
395 1697 563 1774 exceptam
581 1709 654 1757 esse
671 1690 819 1756 volumus
834 1689 876 1755 ab
893 1690 1020 1773 eodem,
1037 1685 1110 1756 cum
1126 1692 1232 1777 ipsam

105 1797 222 1864 Domus
239 1795 372 1881 prosata
386 1795 568 1882 possederit
583 1797 680 1882 longe
697 1803 784 1864 ante.
795 1796 881 1864 Mete
892 1803 1001 1864 antem
1018 1797 1124 1884 ipsius
1139 1807 1233 1888 torre,
1268 1839 1273 1849 ι

109 1904 186 1970 sient
217 1925 278 1992 per
309 1905 448 1972 eundem
480 1905 633 1972 clericum
665 1915 810 1974 nostrum
840 1903 1025 1992 didicimus,
1041 1904 1103 1976 hoc
1120 1908 1233 1976 ordine

109 2009 323 2097 distinguntur
339 2037 347 2078 ε
363 2012 473 2079 Prima
490 2019 578 2082 meta
605 2013 720 2100 incipit
752 2033 853 2099 supra
882 2013 1010 2099 rippam
1041 2013 1161 2084 Drawo
1191 2016 1233 2084 ab

112 2119 228 2188 oriente
261 2141 303 2188 ex
336 2128 431 2208 parte
462 2120 601 2208 Waska,
633 2122 725 2190 iuxta
743 2129 862 2191 terram
878 2122 1002 2190 Vrbani
1018 2129 1052 2189 et
1066 2124 1172 2191 Pousc
1189 2127 1233 2193 io·

110 2223 281 2311 bogiorum
298 2227 404 2296 Castri
422 2227 640 2314 Symigiensis
670 2230 705 2296 in
738 2228 879 2315 quadam
910 2229 1027 2298 arbore
1058 2229 1101 2298 de
1130 2229 1231 2300 keren

111 2351 195 2402 cruce
225 2335 368 2421 signata,
398 2337 458 2402 snb
490 2356 556 2420 qua
580 2346 631 2405 est
645 2343 735 2405 meta
750 2344 857 2405 terreo
872 2357 977 2422 nova;
1001 2340 1033 2403 et
1048 2336 1169 2407 ibidem
1187 2341 1231 2406 ad

114 2439 189 2508 duas
204 2451 311 2512 metas
326 2451 452 2511 terreas
483 2444 689 2532 progreditur·
718 2465 831 2512 versus
864 2442 1029 2512 meridiem
1060 2445 1104 2513 ad
1135 2467 1232 2520 unam

114 2551 253 2616 arborem
286 2549 453 2618 doberan
469 2572 565 2618 eruce
582 2553 734 2638 sigatam,
751 2573 838 2620 nova
853 2573 948 2620 cruce
964 2560 996 2620 ct
1012 2553 1158 2646 antiqua,
1175 2555 1232 2624 ubi

114 2676 204 2742 propo
219 2658 298 2726 illas
316 2664 393 2726 snut
409 2658 471 2724 due
487 2666 573 2727 meto
589 2667 705 2748 terree,
722 2681 789 2728 una
803 2659 940 2744 antiqua
965 2668 998 2730 et
1027 2662 1095 2731 alia
1127 2685 1232 2751 nova,

112 2763 223 2832 abinde
238 2765 283 2833 ad
300 2785 397 2834 unam
415 2769 564 2835 arborem
581 2766 730 2836 similiter
746 2765 916 2853 rieberer,
933 2770 968 2838 in
990 2791 1056 2856 qua
1071 2781 1149 2841 sunt
1163 2780 1229 2842 tres

113 2889 223 2957 cruces,
255 2871 321 2940 due
351 2873 484 2959 antique
516 2880 550 2942 et
580 2872 683 2941 tercia
713 2895 818 2961 nova3
842 2876 963 2945 deinde
994 2879 1231 2949 iuxtaterram

112 2979 318 3059 predictorum
350 2978 562 3066 progrediens
594 2980 747 3049 similiter
773 3001 884 3052 versus
901 2985 1069 3052 meridiem
1085 2990 1231 3073 perreni-

114 3091 158 3151 tur
171 3088 212 3154 ad
226 3107 327 3156 unam
343 3089 430 3155 viam
445 3087 630 3156 venientem
646 3087 687 3156 de
702 3087 830 3158 Weska
846 3091 879 3158 in
895 3091 1012 3176 locum,
1028 3093 1083 3159 ubi
1112 3102 1163 3162 est
1179 3113 1229 3160 ar·

113 3191 163 3259 bor
191 3195 229 3265 de
261 3196 372 3281 keren,
403 3194 437 3262 in
468 3215 533 3278 qna
559 3203 634 3264 sunt
659 3195 722 3264 duo
745 3217 867 3284 cruces,
884 3217 951 3266 una
966 3197 1103 3284 antiqua
1118 3200 1234 3269 etalio

114 3319 198 3390 nova,
214 3311 247 3372 et
262 3303 356 3369 iuxta
370 3301 509 3370 eandem
526 3303 589 3370 due
604 3311 690 3372 mete
704 3311 825 3388 terree;
842 3305 920 3373 inde
949 3303 992 3372 ad
1016 3303 1099 3374 duas
1129 3313 1232 3376 metas

117 3411 237 3498 terreas,
255 3429 393 3494 quarum
409 3431 476 3476 una
492 3415 542 3476 est
567 3410 703 3494 antiqua
719 3418 751 3478 et
767 3412 835 3481 alia
850 3431 952 3499 nova;
977 3409 1095 3480 deinde
1110 3433 1168 3502 per
1183 3434 1235 3481 ar·-

116 3511 199 3581 bores
229 3535 328 3583 eruce
358 3520 506 3601 signatae
528 3516 619 3585 iuxta
638 3526 759 3586 terram
777 3518 965 3588 corumdem
981 3519 1074 3588 vadit
1090 3521 1134 3587 ad
1150 3520 1235 3590 duas

119 3627 208 3690 muas
238 3631 375 3709 torreas,
393 3645 528 3708 quarum
555 3646 623 3692 una
639 3634 689 3694 est
704 3629 840 3711 antiqua
857 3633 889 3693 et
906 3628 972 3694 alia
988 3649 1092 3714 nove;
1115 3629 1236 3698 abhinc

118 3742 167 3807 per
181 3750 277 3796 unam
294 3739 412 3797 metam
428 3739 569 3799 veterem
585 3733 628 3800 ad
638 3734 721 3800 duas
740 3743 842 3802 metas
857 3741 995 3822 terreas,
1013 3756 1150 3822 quarum
1168 3759 1234 3807 una

120 3839 161 3898 est
187 3839 321 3920 antiqua
353 3847 386 3905 et
416 3837 483 3904 alia
499 3859 605 3924 nora5
631 3840 709 3906 indo
734 3840 1098 3926 similititerperunam
1115 3834 1234 3913 metam

121 3945 247 4010 veterem
264 3951 404 4012 terream
422 3946 513 4014 vadit
530 3945 572 4013 ad
595 3949 743 4014 arborem
775 3949 904 4036 kerous,
934 3969 1027 4017 cruce
1058 3951 1235 4039 signatam,

122 4045 167 4113 ubi
181 4058 228 4116 est
252 4059 340 4118 meta
356 4059 464 4120 terrea
480 4073 585 4139 nova;
608 4053 728 4122 deiude
748 4075 806 4140 per
821 4055 955 4124 arbores
971 4075 1069 4126 cruce
1084 4057 1234 4144 signatas
1325 4053 1331 4068 ’

121 4153 198 4220 uadit
212 4157 361 4227 similiter
376 4159 420 4225 ad
437 4180 535 4228 unam
552 4167 672 4228 metam
689 4169 828 4230 terream
843 4183 982 4250 novam3
1006 4163 1085 4233 inde
1099 4187 1159 4252 por
1183 4187 1234 4234 ar-

123 4257 203 4330 bores
218 4286 311 4334 eruce
327 4267 475 4354 signatas
491 4268 581 4336 venit
599 4269 643 4336 ed
666 4269 752 4337 viam
772 4291 923 4358 magnam
942 4272 1121 4359 antiquam,
1138 4275 1234 4343 iuxta

13 4377 14 4380 ’
122 4382 204 4446 iustu
234 4383 285 4442 cst
315 4381 404 4442 meta
435 4395 521 4444 nova
552 4385 670 4465 terrea,
687 4379 720 4444 in
737 4399 803 4463 qua
819 4385 869 4448 est
884 4381 981 4448 arbor
1006 4377 1124 4448 kercus
1139 4401 1235 4450 cruce

13 4515 15 4576 ᾗ
123 4472 256 4566 signata
280 4487 314 4548 et
330 4501 389 4567 per
406 4483 544 4550 candem
561 4484 647 4550 viam
668 4505 783 4571 parum
810 4486 916 4554 eundo
933 4487 1002 4555 exit
1031 4485 1072 4554 de
1102 4487 1157 4555 via
1187 4487 1231 4554 ad

124 4589 226 4652 netem
257 4600 396 4658 terream
427 4611 556 4680 novam,
587 4591 679 4659 iuxta
710 4612 807 4677 quam
823 4603 898 4661 sunt
913 4597 1045 4663 arbores
1061 4615 1154 4662 eruce
1169 4595 1234 4681 sig·

124 4694 205 4778 uate3
227 4697 346 4767 abhinc
360 4699 500 4768 reflectit
515 4721 550 4768 se
566 4720 681 4788 parum
699 4702 742 4769 ad
767 4703 932 4770 meridiem
968 4701 1028 4792 (et)
1062 4701 1155 4771 vadit
1172 4721 1235 4790 per
