3078 5128
620 271 779 368 Q

124 459 267 528 duorum
295 469 327 528 et
354 461 511 558 heredum
535 468 567 528 et
593 482 824 530 suceessorum.
841 464 883 528 lit
900 465 928 529 si
946 463 1122 547 aliquando
1138 465 1165 528 si
1191 483 1256 547 qua

119 569 350 638 controversia
368 571 439 636 sive
463 571 591 652 questio
616 571 777 638 internos
803 591 902 658 super
917 572 1027 655 aliquo
1051 579 1123 639 orta
1148 570 1255 653 luerit,

121 677 247 744 tercius
279 685 426 744 nostrum
459 676 577 764 aliquis
618 678 690 745 sine
720 677 836 745 fraude
867 684 899 744 et
930 678 1069 746 fideliter
1111 676 1153 742 de
1184 677 1257 764 ipsa

122 785 352 853 controversia
388 787 457 854 sire
488 785 658 868 questione
689 785 773 852 inter
802 785 883 852 dnos
913 792 1056 852 nostrum
1091 785 1121 850 si
1151 791 1261 870 potest

121 901 307 978 componat
337 891 552 960 amicabiliter
583 901 617 961 et
648 893 691 960 ad
723 913 835 979 pacem
855 913 911 960 eos
942 891 1092 980 deducat,
1108 892 1254 976 alioquin

121 1000 202 1084 ipsa
233 1001 458 1068 conburersia
487 1002 557 1068 sire
587 1001 714 1086 questio
730 1021 838 1069 coram
866 1002 1027 1068 iudicibus
1053 1002 1157 1088 ipsius
1174 1008 1258 1066 terre

121 1109 307 1176 seeundum
324 1111 394 1176 eius
425 1107 688 1176 consuetudinem
719 1109 838 1177 debeat
854 1109 1007 1176 ventilari
1024 1117 1057 1175 et
1081 1109 1260 1176 terminari.

120 1217 282 1284 Predicta
297 1237 375 1284 vero
392 1217 516 1300 questio
532 1219 580 1284 ita
594 1217 826 1300 intelligatura
837 1218 1076 1302 quinquaginta
1107 1213 1259 1282 bizantiis

121 1333 156 1392 et
173 1325 271 1392 intra
290 1326 330 1390 st
345 1325 374 1391 si
400 1323 526 1408 questio
556 1325 654 1392 fuerit
670 1346 690 1391 a
705 1325 946 1412 quinquaginta
969 1325 1121 1394 bizantiis
1146 1343 1254 1410 supra,

122 1434 227 1502 liceat
244 1434 378 1503 cuilibet
393 1442 537 1502 nostrum
553 1435 719 1520 appellare
745 1435 788 1500 ad
806 1434 939 1502 Curiam
957 1435 1079 1502 domiui
1095 1434 1207 1512 Ducis,
1225 1439 1257 1498 et

121 1545 157 1609 iu
175 1543 294 1610 eadem
311 1542 410 1609 (iuria
424 1541 498 1628 ipsa
513 1545 639 1626 questio
665 1542 783 1610 debeat
799 1543 954 1626 cognosci
974 1550 1006 1608 et
1031 1539 1208 1627 terminari,
1226 1547 1259 1606 et

122 1671 238 1719 omnes
257 1651 533 1738 contendasque
558 1652 623 1718 late
654 1653 777 1718 fuerint
793 1653 971 1718 secundum
989 1649 1260 1718 consuetudinem

123 1761 233 1845 ipsius
250 1766 337 1826 terre
368 1766 434 1825 tam
466 1759 499 1824 in
531 1760 663 1826 civitate
680 1779 778 1844 quam
804 1759 948 1826 castellis
980 1765 1111 1844 totaque
1143 1758 1261 1842 insula,

122 1873 276 1933 tenemur
290 1866 409 1934 ducere
425 1864 469 1932 ad
493 1865 781 1951 complemeutnm;
802 1873 833 1932 et
849 1871 878 1932 si
905 1868 978 1950 quis
996 1866 1128 1934 rebellis
1145 1871 1257 1931 contra

123 1975 262 2042 easdem
271 1976 456 2042 sentencias
466 1975 571 2056 suerit,
585 1973 722 2040 lercium
733 1981 765 2040 et
780 1974 937 2041 auxilium
954 1995 996 2041 ac
1010 1993 1146 2060 operam
1164 1971 1256 2038 dabit

123 2083 265 2167 quilibet
292 2089 449 2167 nostrum,
466 2089 500 2148 ut
516 2083 587 2166 ipse
613 2081 779 2149 sentencie
795 2084 1030 2167 compleantur.
1054 2081 1256 2147 Remittimus

123 2193 221 2262 nobis
240 2212 353 2258 omnes
370 2191 515 2258 offensas
532 2190 710 2258 etiuiurias
721 2190 864 2258 vicissim
877 2196 909 2257 et
920 2188 1260 2258 omnibusbominibus

125 2300 275 2368 eiusdem
293 2306 378 2364 terre
393 2305 569 2384 atempore
585 2297 820 2366 discordiarum
837 2305 977 2365 ortanum
989 2299 1140 2364 internos
1156 2317 1258 2381 usque

124 2405 355 2492 nnnc-,salvis
382 2406 416 2470 in
442 2405 535 2473 nobis
562 2403 629 2472 illis
660 2405 853 2492 rationibus,
871 2427 932 2490 que
949 2407 1041 2473 nobis
1068 2411 1254 2491 competunt

123 2525 193 2586 tam
209 2516 245 2581 in
257 2515 356 2582 Curia
366 2514 489 2580 domini
499 2513 599 2580 Ducis
609 2513 821 2582 Veneeiarum
834 2535 930 2599 quam
940 2517 975 2580 in
986 2513 1083 2580 Ourio
1094 2513 1258 2599 Veglensi,

125 2632 157 2690 et
174 2625 282 2693 eciam
300 2624 401 2690 salvis
418 2623 591 2689 sentenciis
607 2622 770 2707 quondam
787 2623 863 2689 latis
881 2642 941 2707 per
958 2620 1122 2692 dominum
1133 2624 1256 2688 Ducem

122 2733 344 2801 veneciarum
362 2739 394 2799 et
421 2733 491 2797 eius
516 2729 692 2798 Consilium
719 2737 785 2796 tam
811 2731 914 2814 Vegle
932 2751 1028 2816 quam
1045 2731 1153 2798 Casiri
1170 2731 1254 2796 Mus·

123 2842 181 2930 sci,
205 2842 361 2909 eteniam
388 2839 490 2906 salvis
524 2838 701 2907 honoribus
727 2847 760 2906 et
775 2838 959 2906 nacionibus
976 2839 1118 2922 eiusdem
1137 2837 1258 2904 domiui

123 2947 237 3018 Ducis.
255 2949 297 3014 Et
322 2949 350 3016 si
367 2947 488 3031 aliquis
505 2957 654 3014 nostrum
672 2955 721 3014 est
737 2948 770 3014 in
788 2947 897 3032 aliqua
913 2947 1120 3014 commilitato
1137 2951 1169 3012 et
1185 2964 1259 3012 con·

124 3057 308 3144 spiratione
335 3058 387 3122 rel
403 3057 514 3138 aliquo
545 3056 771 3122 ordinamento
803 3055 846 3124 ad
873 3053 1091 3122 adiuvandum
1117 3052 1257 3136 aliquem

124 3167 176 3231 vel
202 3164 398 3246 nocendum,
426 3165 472 3229 ita
488 3163 574 3248 quod
601 3161 782 3231 reddundet
806 3163 848 3230 ad
881 3163 1105 3230 detrimentum
1131 3168 1163 3226 et
1194 3179 1257 3225 mu·

125 3274 191 3340 lum
207 3281 310 3357 atque
334 3271 543 3358 gravedinem
560 3270 663 3356 ipsius
679 3271 796 3356 insule,
823 3279 855 3337 et
885 3278 1028 3338 nostrum
1061 3290 1124 3335 nou
1155 3273 1258 3334 atten-

125 3381 192 3467 det,
219 3389 253 3449 et
284 3389 349 3448 tam
366 3382 395 3447 si
419 3388 469 3456 est
484 3381 519 3447 iu
535 3381 688 3466 predictis
714 3379 861 3448 omnibus
878 3401 973 3464 quam
990 3399 1064 3464 uon,
1092 3377 1208 3444 amodo
1223 3377 1257 3442 in

124 3491 204 3576 ipsis
229 3509 295 3557 non
321 3491 391 3556 erit
422 3488 456 3555 Si
486 3508 563 3555 vero
581 3490 694 3574 aliqua
711 3489 931 3557 controversia
946 3487 1015 3556 sire
1031 3487 1159 3572 questio
1174 3487 1258 3552 inter

125 3619 184 3667 nos
211 3607 285 3666 orta
302 3596 398 3664 suerit
423 3603 490 3662 tam
515 3593 549 3662 iu
580 3596 729 3663 sariendo
756 3616 870 3682 pacem
903 3603 934 3663 et
965 3615 1125 3682 guerram,
1159 3613 1257 3677 quam

125 3709 158 3773 in
170 3707 333 3777 iaciendis
351 3708 466 3772 bannis
483 3726 584 3790 supra
599 3711 717 3772 terram
735 3704 869 3771 alterius
881 3711 912 3770 et
928 3705 960 3770 in
972 3703 1258 3770 mutandisusibus

126 3818 228 3904 ipsius
243 3817 439 3892 terre,salro
454 3813 549 3880 modo
567 3821 599 3879 et
615 3813 728 3878 ordine
754 3832 909 3898 expresso
934 3813 967 3876 in
993 3819 1104 3878 nostra
1128 3829 1258 3874 conoes-

125 3925 228 4012 sione,
253 3923 341 3989 illam
368 3922 580 4006 sentenciam,
607 3941 703 4003 quam
721 3917 932 3986 Murtiuueius
948 3917 1050 3984 frater
1066 3915 1129 3981 mei
1146 3935 1257 4001 snpra·

127 4032 240 4118 scripti
266 4030 400 4096 Comitis
417 4028 574 4096 lobannis
605 4027 716 4093 tulerit
740 4046 842 4111 supra
866 4023 1042 4111 premissis,
1070 4025 1193 4088 firmam
1226 4029 1257 4087 et

126 4147 231 4208 ratam
247 4137 459 4222 babebimns;
475 4143 507 4202 ct
523 4137 551 4203 si
576 4134 660 4200 idem
687 4132 897 4200 Martinucius
918 4151 954 4198 se
970 4131 1185 4198 intromittere
1200 4151 1256 4196 no-

129 4249 226 4316 luerit
242 4267 341 4332 snper
356 4245 532 4332 premissis,
550 4241 625 4310 etsi
642 4263 677 4308 se
694 4241 901 4307 intromiserit
916 4245 948 4307 et
959 4258 1030 4306 eum
1042 4238 1122 4306 mori
1134 4237 1257 4304 eontin-

126 4357 220 4441 gerit,
237 4354 338 4421 alium
356 4353 440 4419 infra
458 4371 556 4418 unum
569 4369 712 4416 mensem
729 4351 763 4415 in
779 4348 849 4416 loro
867 4347 936 4416 eius
947 4347 1067 4430 eligere
1079 4343 1254 4412 debeamus

129 4483 240 4533 omues
273 4461 453 4531 comuniter
488 4459 663 4526 concordes
679 4477 781 4543 usque
805 4456 848 4522 ad
873 4456 1041 4521 terminum
1061 4451 1250 4538 predictum.

127 4571 194 4642 Hoc
228 4579 337 4639 autem
370 4573 479 4638 omnia
510 4569 735 4656 suprascripta
761 4567 941 4632 iuramento
972 4565 1099 4630 firmata
1115 4561 1209 4628 modo
1227 4569 1258 4626 et
