3208 5158
137 565 207 611 rum
227 542 410 610 Gunrdiani
426 547 458 608 et
474 541 609 609 fratrum
626 542 791 609 humiliter
816 545 1003 627 pretebatur
1033 563 1054 608 a
1085 541 1196 626 Nobis,
1230 549 1265 610 ut

137 672 210 716 cum
229 651 276 716 eis
293 651 452 736 premissa
467 657 627 716 terrarum
645 657 677 716 et
693 653 942 737 possessionum,
959 671 1016 717 seu
1029 649 1174 716 redditur
1204 677 1234 720 m
1248 661 1278 720 el

138 768 355 845 prouentuum
372 758 588 852 predictorum
606 757 774 846 dispositio
790 782 847 846 pro
871 760 974 846 ipsius
1005 755 1135 827 Ordinis
1177 761 1274 828 hone

141 873 230 936 state
246 887 310 934 non
327 873 502 953 competat,
519 873 552 932 et
566 865 657 933 loeus
675 867 708 932 in
725 889 786 952 quo
802 867 957 934 hactenus
974 867 1090 932 morati
1107 873 1191 952 sunt,
1215 890 1273 952 pro

143 995 182 1042 eo
199 975 357 1063 precipue
373 974 567 1041 habitationi
584 995 649 1041 non
666 983 825 1062 congruat
841 976 1026 1061 eorundem,
1058 975 1172 1060 quina
1197 975 1273 1045 ciui·

141 1093 208 1150 tate
226 1083 384 1170 Tragurij
402 1083 537 1148 nimium
548 1089 598 1150 est
609 1089 760 1168 remotus,
775 1083 947 1170 prouidere
958 1082 1274 1171 superhocpatema

139 1189 366 1258 sollici-tudine
392 1209 589 1256 curaremus.
629 1189 697 1256 Nos
728 1190 838 1272 itaque
871 1189 1055 1257 huiusmodi
1087 1191 1276 1260 necessitati

142 1299 305 1366 dictorum
323 1297 503 1366 Guardiani
520 1304 552 1363 et
567 1295 701 1363 fratrum
718 1295 887 1364 consulere
918 1297 1095 1384 cupientes,
1126 1298 1274 1368 fraterni·

143 1409 205 1475 tati
222 1413 277 1475 tue
293 1427 352 1492 per
368 1405 558 1490 Apostolica
573 1405 697 1489 scripte
728 1404 932 1490 mandamus,
963 1413 1126 1491 quatenus
1155 1407 1184 1473 si
1216 1409 1273 1488 ita,

140 1525 248 1584 terras
265 1519 298 1580 et
313 1511 536 1598 possessiones
553 1511 715 1595 predictas
731 1512 771 1578 de
788 1512 924 1580 consilio
941 1522 972 1581 et
1003 1535 1139 1583 assensu
1170 1516 1274 1603 predi·

140 1630 265 1691 ntorum
284 1627 532 1706 procuratorum
550 1638 608 1704 per
625 1625 658 1686 te
674 1620 728 1686 vel
747 1640 805 1705 per
821 1621 921 1687 alium
938 1624 1132 1689 auctoritate
1164 1629 1274 1690 vestra

140 1732 287 1797 vendere
302 1730 444 1813 studeas,
461 1735 493 1793 ot
509 1727 550 1792 de
574 1727 692 1814 precio,
710 1727 795 1811 quod
812 1729 908 1796 exeis
919 1731 1114 1817 prouenerit,
1130 1731 1275 1816 aliquem

142 1839 249 1905 locum
267 1837 363 1902 dictis
381 1833 570 1902 Guardiano
587 1840 620 1901 et
644 1833 795 1902 fratribus
827 1843 939 1920 aptum
971 1857 1060 1905 emes
1092 1837 1163 1907 sine
1189 1840 1275 1924 juris

143 1945 324 2030 preiudioio
342 1943 452 2026 alieni,
471 1963 510 2008 ao
526 1941 645 2026 inipso
662 1941 847 2032 ecclesiam,
864 1945 976 2013 domos
993 1952 1025 2012 et
1041 1947 1187 2014 cilicinas
1198 1967 1271 2015 oon·

143 2052 227 2119 strui
244 2051 288 2117 ad
305 2071 387 2136 opus
404 2049 507 2117 facias
524 2050 713 2116 eorundem.
753 2051 866 2118 Talem
882 2053 1048 2138 superbis
1065 2054 1271 2142 diligentiam

143 2159 326 2242 habiturus,
359 2159 445 2242 quod
462 2157 580 2224 exinde
597 2155 697 2240 digna
713 2147 867 2226 laudibus
882 2161 971 2248 apud
987 2162 1054 2228 Nos
1071 2169 1128 2227 tua
1144 2162 1275 2228 sinceri-

145 2278 199 2334 tas
216 2269 389 2335 habeatur.
412 2269 535 2333 Datum
550 2266 640 2352 apud
656 2264 777 2334 Urbem
793 2268 942 2336 Veterem
958 2269 1012 2335 Vl.
1028 2269 1102 2337 idus
1120 2269 1272 2355 Janoarij

146 2377 357 2443 Pontificatus
374 2375 477 2444 nostri
494 2394 581 2441 anno
598 2374 703 2442 tertio.

254 2483 295 2548 Et
310 2484 381 2550 viso
398 2488 430 2549 et
445 2481 652 2548 considerato
669 2502 690 2548 a
705 2483 798 2549 nobis
820 2489 933 2552 tenore
964 2484 1123 2553 dictarum
1156 2485 1275 2553 littera·

142 2612 226 2672 rum,
246 2578 279 2656 et
294 2591 364 2658 viso
380 2590 478 2656 etiarn
494 2597 605 2657 tenore
622 2591 808 2658 testamenti
824 2591 901 2660 dicti
920 2595 1015 2679 Dese,
1051 2593 1092 2660 de
1116 2613 1276 2662 consensu

143 2707 179 2765 et
193 2717 331 2766 assensu
347 2704 591 2784 procuratorum
609 2718 665 2765 seu
680 2697 977 2767 commissariorum
1008 2701 1163 2768 bonorum
1196 2703 1274 2770 dicti

143 2807 234 2872 Dese
250 2805 294 2872 ad
309 2805 370 2872 beo
385 2805 601 2890 presencium,
634 2812 665 2872 et
681 2805 784 2872 eciam
802 2806 842 2873 de
858 2827 1018 2898 oopsensu
1035 2809 1144 2877 fratris
1161 2811 1276 2877 Raine·

143 2913 185 2979 rii
203 2912 384 2980 Guardiani
402 2911 480 2979 dicti
497 2911 560 2979 loci
586 2913 816 2996 Traguriensis
842 2911 919 2980 dicti
950 2914 1081 2982 Ordinis
1113 2916 1274 2983 Minorum

143 3021 190 3086 ad
207 3023 269 3088 boo
286 3020 467 3107 presentis;
491 3020 559 3088 Nos
576 3021 676 3088 irater
701 3021 918 3088 Columbanus
949 3023 1129 3110 Episcopus
1160 3024 1275 3110 dictus,

143 3129 341 3196 auctoritate
356 3129 445 3197 diota
461 3151 481 3195 a
495 3127 581 3196 Sede
596 3131 785 3212 Apostolica
801 3132 895 3197 uobis
911 3130 1008 3216 datn;
1034 3131 1125 3199 robis
1159 3131 1273 3197 Valen-

143 3238 215 3306 tino
231 3245 264 3305 ot
281 3235 398 3304 Cebbri
414 3235 495 3319 filijs
514 3235 677 3320 quondam
694 3237 780 3304 Petri
795 3238 883 3305 Luce
899 3258 958 3323 pro
975 3239 1101 3305 duabus
1118 3239 1274 3324 partibus,

143 3352 178 3410 et
191 3345 281 3412 Luce
295 3343 419 3412 Mathei
435 3343 522 3409 Luce
538 3363 596 3428 pro
613 3344 710 3411 tertia
741 3353 844 3430 parte,
877 3347 1058 3412 ementibus
1090 3367 1149 3430 pro
1182 3347 1275 3414 vobis

145 3454 328 3535 vestrisque
343 3449 519 3518 heredibus
536 3453 764 3538 infrascriptae
780 3473 843 3539 res,
875 3459 989 3540 terras,
1022 3454 1134 3520 vincas
1152 3461 1183 3521 et
1202 3473 1274 3538 pos·

147 3561 317 3629 sessiones
332 3559 471 3626 mobiles
487 3566 518 3624 et
534 3557 716 3626 immobiles
732 3561 889 3626 bonorum
905 3557 1066 3644 quondam
1083 3559 1160 3626 dicti
1178 3561 1274 3629 Dese>

143 3689 214 3735 cum
233 3668 383 3735 omnibus
410 3686 521 3738 earum
547 3667 688 3734 omnium
706 3675 739 3734 et
755 3667 956 3751 singularum
973 3669 1186 3736 immobilium
1204 3690 1277 3753 pcr-

142 3776 305 3863 tinentijs,
322 3781 356 3841 et
366 3775 505 3862 Juribus,
538 3775 776 3858 electionibus,
808 3783 841 3842 et
856 3775 1054 3862 introitibus,
1088 3785 1119 3844 et
1136 3777 1276 3844 exitibus

145 3886 292 3970 ipsarum
309 3904 418 3952 rerum
434 3883 655 3971 immobilium,
673 3891 792 3951 etcum
810 3885 896 3949 omni
909 3885 985 3968 jure
1003 3891 1035 3950 et
1050 3886 1188 3972 actione,
1214 3905 1275 3952 usu

141 4013 199 4059 seu
216 3991 437 4078 requisicione
454 4012 494 4058 ex
511 3991 568 4077 eis,
585 3993 636 4058 uel
668 4013 727 4076 pro
760 3991 806 4059 eis
838 3990 1028 4058 Guardiauo
1060 3999 1092 4057 et
1123 3993 1276 4061 iratribus

141 4099 222 4167 dicti
238 4101 305 4166 loci
321 4099 561 4184 lbaguriensis,
594 4101 645 4167 vel
664 4099 757 4166 nobis
775 4120 833 4185 pro
850 4101 897 4166 eis
914 4100 1108 4183 competenti
1135 4107 1167 4166 et
1191 4121 1275 4167 com·

143 4211 299 4294 petituro,
317 4206 449 4272 nomine
481 4206 640 4272 dictorum
673 4205 856 4272 Guardiani
889 4213 920 4272 ct
952 4205 1089 4271 fratrum
1121 4206 1275 4273 dictorum

142 4314 225 4384 dicti
240 4315 306 4381 loci
323 4313 507 4397 vendimus,
534 4314 701 4399 largimur,
734 4313 849 4380 damus
868 4320 965 4396 atque
982 4313 1142 4382 tradimus
1158 4313 1202 4380 ad
1220 4315 1275 4380 ha·

143 4423 295 4508 bendum,
314 4420 502 4510 tenendum,
519 4423 684 4508 utendum,
712 4421 957 4508 possidendum,
982 4421 1199 4510 rendendum,
1225 4423 1277 4487 vol

144 4531 236 4598 alteri
254 4527 518 4617 permutandum,
551 4529 694 4595 dandum
712 4535 744 4596 et
760 4527 1012 4616 concedendum,
1045 4534 1101 4596 aut
1118 4528 1275 4613 quidquid

147 4635 237 4707 robis
276 4636 462 4722 vestrisque
501 4637 613 4705 liberis
652 4647 684 4706 et
729 4635 899 4706 heredibus
932 4637 1090 4720 placuerit
1120 4643 1275 4723 perpetuo
