3098 5132
774 181 935 282 Q„

292 377 326 444 in
343 385 443 445 morte
459 396 518 444 sua
549 383 648 445 totam
675 385 793 446 terrem
809 397 912 467 suem,
939 396 1002 464 que
1027 378 1089 446 suit
1104 379 1206 467 patris
1222 378 1272 446 sui
1289 377 1432 462 Armes,

293 485 375 551 sieut
406 484 589 551 continetur
619 485 652 552 in
682 485 856 572 privilegio
887 486 972 572 quod
1002 488 1140 555 eontulit
1169 487 1274 553 eidem
1304 485 1436 552 Armes
1530 461 1531 484 ¹

297 592 539 668 lliustuissimus
570 591 720 660 Andreas
751 594 819 660 Rex
849 594 1025 680 Huugerio
1043 596 1085 661 Et
1111 593 1196 662 huno
1212 594 1435 660 elemosinam

294 699 373 767 feeit
388 719 447 786 pro
463 699 608 768 remedio
628 700 802 768 animesue
818 707 852 768 et
868 701 972 787 putris
987 700 1037 769 sui
1048 703 1174 768 Armos.
1190 701 1308 768 Testes
1324 706 1427 767 snut:

295 809 421 876 Gostue
453 815 485 874 et
515 809 662 895 Azuries,
693 809 902 896 'I'hoyeelens
934 821 966 878 et
996 809 1091 898 zytu,
1122 811 1287 877 Henrious
1301 808 1431 876 Teuto-
1530 893 1531 898 ἵ

296 914 388 984 nicus
405 923 437 983 et
467 915 576 1002 plures
606 915 675 983 alii.
705 915 823 985 Aotum
854 935 941 985 anno
971 916 1105 987 Domini
1133 915 1228 984 MOO.
1262 916 1430 1002 vigesimo

295 1024 447 1092 seeundo.

381 1225 542 1290 (Μαίας,
561 1224 685 1278 Menum.
704 1225 773 1282 mu.
791 1227 883 1293 Epioe.
903 1227 1101 1294 zegrobieneis
1120 1227 1142 1278 Ι.
1161 1227 1221 1278 ket.
1242 1231 1286 1278 52.
1305 1227 1337 1292 l.)

729 1517 996 1538 ρι-ι-ς--υ--ι--ι

828 2063 901 2132 lue.

303 2261 475 2338 Gordium
487 2267 720 2354 Juuoejadrai
736 2268 825 2334 e'ruele
840 2276 928 2332 ezeut
946 2265 1093 2332 Demeter
1123 2265 1306 2350 templomcit
1335 2269 1430 2328 ezoni

367 2360 514 2425 Damion
530 2361 562 2424 ee
578 2355 699 2425 Kozmo
714 2355 963 2424 uuoooeterduak
979 2355 1226 2441 odouoduyozzo.
1259 2353 1358 2418 1222.

406 2554 445 2618 In
477 2551 598 2620 christi
629 2553 766 2619 nomine.
805 2551 899 2618 Auno
930 2546 1172 2618 Ineemaeionis
1204 2548 1274 2616 eius
1306 2546 1431 2616 M⁰OO⁰

300 2661 415 2728 XX⁰H
422 2673 442 2727 ⁰.
458 2680 570 2728 mense
584 2661 685 2729 Medii
701 2659 753 2728 die
762 2661 903 2746 septime
911 2665 1050 2746 astante,
1068 2657 1251 2725 iudioeione
1259 2657 1302 2723 X.
1313 2655 1430 2724 Jadre.

301 2768 515 2856 Temporibus
531 2768 651 2836 domini
666 2767 753 2836 Petri
770 2768 864 2835 Ziani
880 2765 989 2834 Iueliti
1013 2765 1114 2834 Dnois
1147 2765 1365 2831 Veneoiumm
1398 2770 1433 2830 et

301 2859 460 2929 iohannis
476 2858 606 2926 Venerii
621 2858 793 2926 Jedrensis
810 2856 1064 2943 Archiepiseopi,
1080 2854 1233 2922 affietri
1259 2852 1433 2921 Miehaelis

301 2968 434 3056 Egregij
452 2967 596 3037 Comitis.
611 2965 771 3046 Quoniam
789 2967 881 3052 lapsu
896 2974 1077 3052 temporum
1095 2965 1260 3032 oblivione
1271 2964 1433 3032 labuntur

302 3099 364 3166 que
378 3077 460 3144 fiunt
474 3075 507 3142 iu
524 3081 686 3161 tempore3
703 3074 921 3142 neeessariam
939 3081 999 3160 est,
1016 3079 1051 3139 ut
1063 3077 1227 3158 gestorum
1238 3072 1432 3139 memoriam

301 3185 480 3253 litterarum
497 3183 598 3251 series
625 3189 805 3268 propagata
829 3181 864 3247 in
894 3186 1043 3267 posteros
1074 3187 1205 3248 revooet
1234 3177 1430 3264 fugientem.
1530 3167 1531 3170 '

303 3295 505 3381 eognosoant
522 3312 599 3376 ergo
616 3297 780 3378 presentes
797 3297 829 3357 et
845 3291 954 3358 soient
971 3290 1102 3376 posteri,
1118 3289 1206 3376 quod
1223 3308 1282 3356 nos
1295 3286 1432 3372 quidem

307 3403 509 3489 prescriptos
523 3400 690 3470 Johenues
717 3399 891 3488 Gordiane,
922 3398 983 3466 Dei
1001 3398 1205 3468 miseratione
1220 3397 1360 3483 promoti
1387 3395 1435 3462 ed

306 3509 556 3578 sollicitudiuem
588 3508 736 3575 Eoolesie
760 3506 938 3593 Jaderuine,
965 3528 1037 3575 oum
1071 3525 1112 3573 ex
1143 3507 1306 3574 oommissi
1337 3503 1435 3574 nobis
1530 3591 1531 3596 ἵ

305 3619 401 3702 oifioij
420 3618 649 3705 speculacione
666 3615 775 3683 debite
792 3617 896 3682 mults
912 3616 945 3682 in
962 3615 1077 3683 eudem
1093 3615 1243 3684 Eoolesis
1258 3615 1299 3681 ob
1317 3613 1434 3682 diutis-

305 3717 420 3792 sim'em
437 3726 573 3812 postoris
588 3725 777 3794 ebsenoium
792 3724 1029 3793 invenissemus
1046 3724 1111 3790 alia
1127 3723 1311 3810 evellenda,
1337 3724 1436 3808 plau-

306 3835 406 3902 tenda
423 3833 580 3920 plurima3
604 3836 820 3921 oomperimus
851 3833 935 3902 iuter
967 3839 1074 3901 cetera
1106 3832 1285 3901 Ecclesiam
1318 3831 1434 3898 Soneti

306 3941 448 4011 Dimitrii
464 3943 631 4011 Jadertine
641 3941 792 4012 civitatis
807 3965 828 4009 a
844 3941 939 4010 clero
955 3951 987 4009 et
1003 3943 1123 4030 populo
1139 3940 1309 4008 Jadeuino
1320 3939 1436 4007 Sauefi

306 4052 459 4120 Damioui
475 4052 672 4120 Mouasterio
688 4052 729 4118 de
744 4051 856 4118 Monte
872 4049 1036 4138 collatum,
1051 4050 1095 4116 ad
1105 4050 1255 4118 Ecclesie
1266 4049 1436 4132 utriusque

306 4180 508 4227 eommunem
525 4159 710 4230 utilitatem.
734 4160 803 4227 Nos
819 4178 959 4248 quoque,
975 4178 1110 4244 quorum
1128 4160 1266 4226 interest
1282 4155 1435 4242 profesti·

307 4270 367 4334 bus
385 4267 602 4335 Ecclesiarum
618 4271 652 4333 et
667 4265 777 4334 usibus
794 4266 973 4354 intendere,
989 4271 1127 4352 pensate
1146 4263 1222 4332 dieti
1239 4264 1432 4348 Monesterij

307 4383 340 4440 et
356 4375 540 4442 Conventus
556 4374 713 4457 religione
729 4375 829 4460 plene
844 4373 1000 4441 fruetibus
1017 4373 1196 4439 honestatis
1214 4379 1246 4438 et
1272 4371 1431 4459 elemosy-
1530 4377 1531 4380 ’

306 4501 431 4566 nerum,
448 4481 568 4548 dietam
584 4482 696 4550 Seneti
712 4481 854 4568 Dimiirij
881 4479 1060 4553 Eeolesium
1086 4500 1157 4553 uum
1185 4480 1335 4548 omnibus
1362 4479 1431 4550 suis
