3150 5162
839 416 1002 525 Q

347 599 390 708 ‘et
419 623 530 697 Tehno
572 595 716 708 vooetns,
757 615 881 692 invenit
912 635 970 704 per
1000 609 1172 699 Thomem,
1211 597 1420 676 Desiderinm
1449 605 1477 669 ot
1550 648 1553 659 .

356 736 542 824 stmpuit,
558 733 643 802 filios
658 731 775 818 Druso,
808 725 998 812 iobagiones
1027 719 1106 790 dieti
1141 713 1247 787 (lustri
1275 714 1318 782 ab
1348 708 1476 796 antiquo

358 846 493 934 peeiflee
523 839 695 929 possideri,
727 855 824 924 snper
856 853 948 920 quas,
980 835 1076 919 prout
1106 847 1128 894 a
1157 823 1254 894 uobis
1294 823 1475 891 mundatum

348 951 530 1034 ,habuerat
561 967 665 1015 noras
695 951 799 1014 metas
829 941 907 1012 lenit
922 938 1045 1010 elevari
1069 937 1160 1004 iuxta
1188 937 1324 1002 veteres.
1341 928 1478 1009 Quarum

227 1040 228 1045 ἵ
347 1059 465 1127 eoism
482 1063 577 1142 mete,
597 1061 698 1140 prout
709 1051 795 1120 idem
811 1049 967 1134 Magister
977 1047 1070 1117 onae
1080 1051 1142 1120 snb
1152 1051 1259 1140 sigillo
1277 1052 1478 1122 (ihesmeusis

360 1165 502 1248 Capituli
517 1163 611 1232 uobis
621 1162 655 1230 iu
665 1159 795 1246 seriptis
810 1158 1021 1246 presentavit,
1038 1158 1100 1225 luno
1109 1159 1224 1227 ordine
1239 1161 1456 1246 distinguntur
1472 1183 1479 1224 :

359 1274 470 1341 Prima
500 1277 587 1336 meto
601 1266 731 1354 ,insipit
755 1267 815 1332 sub
831 1266 949 1333 arbore
964 1265 1055 1350 uilla,
1070 1272 1104 1333 et
1118 1267 1209 1335 vadit
1225 1287 1337 1336 versus
1353 1267 1477 1353 equde-

361 1401 436 1450 uem
451 1379 496 1446 ad
511 1359 796 1460 metem't'erueam,
814 1371 962 1440 dividens
979 1381 1100 1443 terrum
1116 1395 1188 1443 oum
1208 1376 1332 1444 comite
1351 1374 1481 1442 Weoho

362 1489 445 1571 liuo;
471 1486 548 1553 iude
578 1483 767 1570 pervellem
794 1481 885 1550 vadit
900 1481 945 1548 ad
962 1501 1112 1574 eampum
1128 1485 1172 1552 ed
1188 1493 1309 1554 metam
1324 1493 1481 1568 terream;

361 1595 439 1663 inde
453 1594 519 1662 itur
535 1613 593 1680 per
609 1591 716 1660 valles
732 1596 765 1657 et
779 1589 880 1658 eolles
896 1589 940 1657 ad
966 1597 1106 1660 montem
1138 1592 1182 1664 ed
1211 1614 1368 1679 maguam
1401 1590 1481 1659 riam

362 1703 406 1769 ad
422 1707 541 1768 metum
557 1700 617 1789 sni)
633 1699 749 1766 arbore
764 1695 867 1782 bilia,
883 1701 916 1764 et
925 1717 983 1784 per
1010 1699 1147 1767 eandem
1161 1701 1250 1770 uiam
1266 1701 1360 1770 uadit
1375 1716 1482 1768 versus

365 1809 540 1888 orientem3
563 1805 641 1872 iude
656 1802 823 1873 deseendit
839 1804 882 1870 ad
906 1812 1005 1890 oapnt
1034 1804 1131 1874 rivuli
1163 1809 1217 1892 qni
1248 1813 1382 1876 voeetur·
1413 1805 1482 1872 Gol-

363 1915 479 2002 goueh,
510 1913 565 1980 ubi
592 1919 641 1978 est
657 1918 746 1978 meto
761 1915 821 1978 snb
837 1911 952 1978 arbore
968 1912 1062 2000 tulis,
1088 1913 1166 1982 item
1182 1915 1305 1983 rivulus
1321 1911 1481 1982 deseendit

364 2039 476 2089 versus
491 2017 659 2086 meridiem
683 2017 832 2086 dividens
857 2025 977 2086 terram
1009 2011 1082 2088 oum
1113 2023 1199 2107 Vlup
1215 2027 1248 2088 et
1262 2023 1328 2088 itur
1343 2019 1387 2088 ad
1417 2039 1477 2084 mn-

364 2149 462 2215 gnam
472 2129 589 2196 silvam
600 2132 819 2212 etoommnue,
836 2125 946 2210 ibique
964 2125 1166 2196 terminetur.
1181 2130 1263 2196 Item
1279 2129 1387 2214 prima
1403 2135 1482 2196 mets

365 2245 451 2307 terre
481 2234 608 2304 Thome
638 2233 791 2322 predicti,
821 2233 933 2330 'lehun
948 2234 1090 2318 nomine,
1107 2257 1170 2322 qne
1185 2237 1330 2322 pertinet
1348 2235 1390 2301 nd
1406 2233 1483 2300 Tho

364 2343 453 2411 mam
469 2331 702 2440 tantummodo,
735 2339 849 2428 incipit
879 2325 941 2409 snb
961 2341 1076 2410 arbore
1095 2341 1188 2430 tulta,
1204 2341 1356 2411 dividens
1370 2349 1482 2410 terram

364 2473 439 2520 oum
471 2435 708 2534 castrensibus,
732 2448 811 2516 iude
827 2469 887 2534 per
905 2469 1061 2535 magnam
1092 2451 1209 2517 vallem
1242 2451 1307 2517 itur
1336 2445 1484 2536 superine

365 2578 477 2626 versus
508 2557 662 2624 orientem
693 2555 736 2623 ad
768 2561 887 2624 metam
918 2563 1078 2643 terream,
1112 2566 1145 2624 et
1175 2557 1251 2624 inde
1267 2555 1435 2625 deseendit
1449 2559 1479 2622 in

364 2667 465 2738 aliam
481 2663 617 2758 uallemp
631 2661 706 2731 inde
721 2665 766 2731 ad
781 2671 923 2740 montem
940 2664 984 2731 ad
1000 2671 1119 2744 metam
1135 2665 1194 2732 sub
1210 2665 1326 2733 arbore
1341 2665 1443 2748 hiliis,
1455 2669 1485 2730 et

366 2771 445 2839 inde
475 2769 643 2840 deseendit
674 2783 786 2840 verens
817 2771 1014 2857 aquilonem,
1030 2773 1132 2839 intrat
1147 2771 1181 2838 iu
1198 2771 1339 2840 rivulum
1355 2772 1490 2860 Pribyu3

331 2904 335 2916 ·
367 2881 444 2948 item
461 2879 582 2948 rivulus
599 2878 851 2966 duoit³superius
868 2899 982 2950 versus
998 2879 1152 2948 orientem
1168 2879 1332 2950 analium
1348 2881 1486 2950 rivulum

315 3035 322 3042 -
364 2974 480 3058 uersus
496 2987 662 3058 meridiem
689 2989 733 3056 ad
748 2995 866 3057 metam
883 2990 943 3058 snb
959 2989 1075 3058 arbore
1089 2989 1203 3075 nerln5
1227 2995 1260 3058 et
1275 2987 1352 3056 inde
1368 2990 1430 3055 itur
1446 2985 1486 3054 ud

367 3119 521 3184 magnam
532 3098 623 3196 'viam
641 3096 789 3166 dividens
805 3103 922 3165 terrem
938 3117 1012 3166 oum
1028 3087 1151 3167 Gemite
1166 3097 1308 3182 Gaudes,
1325 3103 1357 3166 et
1367 3095 1487 3162 venitur

366 3207 410 3274 nd
425 3215 545 3274 metam
562 3207 621 3274 sub
638 3206 753 3273 arbore
768 3205 870 3290 tulla3
896 3227 937 3274 ex
952 3206 1015 3274 hae
1027 3205 1200 3275 deseendit
1215 3208 1250 3274 in
1275 3205 1390 3274 vellem
1421 3223 1487 3269 mn-

367 3333 465 3396 gnam
475 3333 587 3384 versus
597 3309 775 3400 meridiem,
792 3317 825 3381 ot
834 3313 901 3380 exit
917 3333 978 3397 per
988 3333 1138 3402 eampum
1148 3311 1191 3379 ad
1205 3317 1327 3381 melam
1341 3321 1489 3394 terream3

367 3420 446 3488 inde
476 3419 642 3488 deseendit
673 3441 731 3506 per
762 3420 895 3488 arbores
927 3440 1023 3488 ornes
1055 3422 1205 3506 signatos
1231 3420 1275 3488 ad
1293 3427 1409 3490 metam
1427 3419 1485 3488 sub
1555 3473 1556 3566 1

367 3531 483 3596 arbore
499 3529 663 3615 gyrtent'a,
680 3537 713 3598 et
728 3549 768 3597 ex
783 3529 846 3596 heo
861 3529 894 3595 iu
910 3529 1028 3596 silvam
1045 3549 1198 3613 maguam
1215 3537 1248 3596 et
1280 3545 1486 3610 oommnuem,
1555 3581 1556 3612 ,

294 3689 295 3694 1
367 3635 479 3718 ibique
495 3639 697 3704 terminatur.
714 3635 783 3704 Nos
798 3635 898 3720 igitur
913 3633 958 3722 id,
976 3635 1064 3718 quod
1079 3636 1145 3702 iam
1161 3655 1219 3722 per
1235 3635 1361 3704 dietum
1375 3631 1487 3715 llagis·
1555 3617 1556 3638 ¹

348 3735 453 3810 'trum
485 3741 572 3810 Chae
602 3741 739 3829 provide
769 3744 892 3811 fantum
925 3748 986 3832 est,
1026 3743 1107 3830 ipsis
1122 3743 1256 3832 Thome,
1273 3739 1441 3812 Desiderio
1458 3745 1488 3804 et
1555 3811 1556 3816 ,

370 3853 541 3938 Ysumpnit
556 3855 712 3937 perpetuo
729 3849 879 3920 duximus
894 3850 1161 3918 ooulirmandum.
1171 3851 1216 3918 Ut
1225 3851 1325 3936 igitur
1336 3847 1489 3938 premissa
1555 3831 1556 3910 ἶ

367 3959 466 4024 robur
481 3959 652 4044 optineant
668 3963 824 4043 perpetue
842 3957 1014 4042 firmitatis,
1045 3958 1171 4024 litteras
1201 3963 1331 4025 nostras
1363 3973 1486 4023 eonces-
1555 3979 1556 4046 r

367 4065 467 4130 simus
499 4065 637 4150 duplicis
663 4063 767 4148 sigilli
783 4061 884 4132 nostri
901 4064 1078 4130 munimine
1095 4065 1274 4133 roboratas.
1293 4065 1410 4132 Datum
1427 4081 1486 4147 per
1555 4105 1556 4118 r

367 4192 481 4240 manns
507 4171 655 4255 Magistri
680 4171 853 4255 Smaragdi
879 4171 1031 4241 Albensis
1056 4171 1229 4259 Prepesiti,
1263 4172 1349 4240 Aule
1381 4176 1490 4237 nostre
1555 4149 1556 4240 l

366 4269 644 4364 Vieeonueellarii,
661 4275 774 4354 dileeti
783 4286 815 4346 et
825 4278 931 4348 fidelis
941 4280 1042 4348 nostri
1053 4299 1139 4351 anno
1151 4279 1281 4348 Domini
1297 4275 1490 4360 nociva,
1555 4285 1556 4368 ἐ

277 4417 282 4426 -
369 4383 483 4468 quinto
514 4386 677 4454 kalendas
707 4381 843 4478 Aprilis,
870 4388 975 4473 Regni
995 4393 1103 4454 autem
1120 4386 1324 4456 uostrienno
1341 4385 1489 4455 vioesimo
1555 4389 1556 4480 l

370 4493 523 4562 seeundo.
1555 4489 1556 4502 ¹

356 4703 372 4716 ..
444 4623 609 4718 (Tk}¹9⁸i⁰'’
628 4623 750 4696 Menum.
770 4611 838 4675 hist.
858 4623 1165 4710 Episerzsegrabieusis
1181 4624 1203 4678 1.
1222 4625 1282 4678 ket.
1304 4628 1362 4677 115.
1379 4625 1407 4692 l.)
