3098 5132
551 433 710 534 Α
770 469 773 472 .

67 635 235 701 Coeoeinee
262 634 349 719 (qui)
376 632 466 700 cudit
491 633 523 698 in
549 633 648 720 iilum,
664 632 739 701 inde
765 633 967 717 protenditur
992 651 1117 700 nuruum
1135 651 1193 717 per

67 741 200 810 eundem
232 743 374 808 rivulum
410 761 511 825 neque
542 741 583 806 ad
616 747 715 826 eaput
746 740 888 807 eiusdem
907 747 940 807 et
973 741 1017 807 ibi
1035 748 1084 808 eet
1106 746 1194 808 mete

69 867 182 916 crocea
213 851 246 914 in
280 851 369 933 iugo,
404 847 521 914 dividit
550 856 668 914 terram
702 847 876 916 Crisiensis
903 849 1019 932 Cestii,
1052 855 1085 913 et
1116 845 1194 914 inde

69 958 215 1043 dirigitur
232 955 381 1024 adlatus
398 958 515 1022 montio
531 955 634 1022 Lubet
645 975 748 1041 usque
759 955 919 1042 semitam,
935 975 998 1040 que
1014 955 1191 1041 pastoralis

67 1063 191 1146 dieitur,
207 1072 241 1131 et
253 1083 312 1151 por
328 1063 467 1131 eandem
486 1063 632 1130 semitam
645 1063 748 1130 tendit
765 1083 822 1149 per
832 1064 1028 1133 monticulos
1044 1070 1077 1132 et
1093 1065 1195 1131 valles

68 1194 179 1241 remus
192 1173 363 1239 meridiem
379 1171 423 1237 ud
439 1171 598 1260 gertanfu,
615 1172 671 1238 ubi
690 1179 740 1238 eet
757 1177 844 1239 metu
859 1178 974 1255 terreo,
991 1179 1024 1239 et
1039 1177 1113 1259 post
1128 1171 1189 1239 hoo

66 1279 118 1346 illu
145 1283 266 1348 semite
284 1280 478 1364 relinquitur
507 1278 549 1346 ad
580 1279 758 1364 dexterum,
792 1279 1011 1347 inderemus
1037 1279 1195 1348 orientem

66 1389 106 1453 nd
122 1387 211 1456 viam
245 1407 401 1473 magnam
434 1387 634 1474 Ooziherbet,
650 1408 712 1474 que
729 1387 771 1454 de
788 1383 858 1454 Oris
875 1385 965 1453 dueit
981 1389 1015 1455 in
1042 1387 1193 1474 Werosd‚

66 1495 140 1562 inde
152 1517 212 1581 per
222 1495 360 1562 eundem
371 1495 541 1562 deseendit
556 1496 589 1563 in
605 1495 726 1562 vallem
755 1494 800 1561 ibi
817 1503 892 1562 eunt
909 1495 1040 1562 arboreo
1056 1495 1196 1580 signate,

67 1611 97 1668 et
111 1603 193 1670 iude
225 1603 374 1671 aseendit
390 1605 423 1669 iu
440 1603 591 1686 Student,
608 1603 662 1670 ubi
679 1610 728 1670 eet
759 1603 853 1688 segue
885 1603 1028 1690 signatu,
1055 1609 1089 1672 et
1118 1603 1195 1672 iude

66 1732 84 1776 e
113 1715 174 1779 via
197 1731 318 1796 magua
344 1712 473 1779 divertit
505 1711 547 1778 ed
578 1712 746 1780 sinistram
764 1719 798 1780 et
813 1711 904 1778 vadit
935 1711 990 1780 ubi
1007 1711 1194 1780 Oumioniun

66 1829 94 1886 et
125 1819 300 1886 Yeleewee
330 1820 489 1905 oriuntur,
507 1821 561 1886 ubi
578 1825 628 1886 eut
645 1818 742 1904 fagos
774 1818 916 1906 signate,
941 1825 972 1886 et
987 1819 1195 1906 ooniuugitur

66 1939 149 1994 terre
176 1925 340 2014 Petronio,
368 1933 402 1995 et
417 1947 475 2013 per
502 1933 643 1994 montem
660 1925 809 2013 dirigitur
833 1947 937 2012 neque
952 1927 995 1995 ud
1011 1927 1113 1995 elium
1138 1929 1193 2011 qui

66 2034 191 2102 dieitur
222 2033 349 2101 Gerouo
380 2034 491 2121 berdo,
515 2033 547 2102 in
564 2036 654 2102 ouiun
686 2035 852 2103 oaoumine
883 2039 934 2102 eut
965 2053 1103 2120 quereus
1120 2053 1192 2102 euru

66 2152 164 2228 metum
184 2150 217 2210 et
233 2143 278 2210 ibi
296 2142 418 2211 reoedit
434 2163 454 2208 a
472 2153 558 2212 terra
573 2139 766 2230 P(etoouir,)
784 2150 815 2210 et
831 2143 1002 2210 deseendit
1018 2142 1061 2210 nd
1077 2149 1196 2210 metum

66 2254 129 2338 Oui,
165 2257 201 2318 et
233 2249 311 2318 inde
340 2273 399 2338 per
428 2255 514 2320 lutus
547 2255 644 2320 unius
676 2253 794 2321 moutie
825 2250 868 2319 ad
896 2251 997 2320 elium
1030 2251 1196 2336 nequead

66 2379 215 2427 eeraeum
233 2367 266 2427 et
281 2381 341 2446 per
357 2360 494 2429 eundem
507 2362 707 2448 protenditur
723 2361 766 2428 ad
782 2361 916 2444 ulmum,
932 2360 994 2428 snb
1010 2359 1194 2444 quaeritur
1232 2381 1235 2390 ¹

66 2469 219 2554 Sletynie
235 2468 369 2555 rivulus,
387 2489 548 2554 perquem
560 2473 735 2538 revertitur
760 2470 794 2536 in
811 2469 932 2538 Bedue.
952 2471 1001 2535 Ex
1016 2467 1083 2536 eliu
1098 2473 1194 2552 purte

66 2585 176 2642 eutem
194 2575 316 2662 Reduc,
334 2595 374 2643 ex
391 2583 482 2664 parte
499 2577 648 2664 Woroud,
676 2577 841 2661 quandem
858 2583 982 2662 portem
999 2583 1085 2644 terre
1103 2573 1193 2644 dieta

66 2685 201 2753 dominu
217 2705 276 2754 eue
306 2685 478 2772 poeteetati
494 2687 685 2754 reservavit.
717 2684 905 2754 Prietuldue
922 2705 999 2752 vero
1015 2703 1111 2770 nuper
1127 2683 1190 2753 hiis

67 2795 163 2862 Pereo
183 2791 299 2864 Comes
324 2793 507 2862 Grisieueis.
534 2797 654 2861 Datum
681 2814 738 2880 per
753 2811 869 2860 manue
885 2791 1007 2859 mathei
1022 2792 1193 2882 Propoeiti,

67 2904 138 2970 aule
173 2911 286 2970 nostre
317 2902 524 2970 Cancellurii.
558 2898 933 2984 &mundationum
964 2899 1196 2988 Budrugienei,

66 3011 238 3079 Theodoro
253 3008 468 3096 Mueunienei,
484 3008 563 3076 Jnln
577 3009 691 3076 Ferret
708 3007 815 3076 Ceutri
832 3004 1013 3076 (inmitibus
1030 3007 1194 3076 existenti·

68 3125 131 3190 hue.
147 3121 247 3188 Anno
262 3118 396 3188 Domini
412 3116 602 3185 dccxxv.

187 3319 351 3384 malenino,
370 3317 497 3370 Menum.
517 3318 584 3371 hiet.
602 3317 694 3383 Epioe.
714 3317 830 3384 Zugreb.
851 3317 874 3369 1.
894 3315 953 3368 ket
975 3319 1016 3367 53.
1037 3315 1068 3378 l.)
