3078 5128
872 909 948 979 lot.

340 1108 389 1176 ΙΙ.
405 1107 519 1174 Eodre
532 1105 711 1194 kirdlyank
725 1107 965 1194 amosnytezat
979 1108 1189 1175 immanitate
1214 1131 1253 1174 cc
1283 1113 1477 1196 csztarpcma'

648 1216 766 1301 eppheta
781 1215 871 1300 πάρει’
884 1219 1045 1282 szdmctrc.
1068 1214 1168 1280 1232.

450 1407 600 1478 Andreas
615 1406 679 1474 Dei
695 1409 807 1492 gracia
821 1409 989 1493 Hungarie
1005 1411 1075 1478 Rex
1090 1407 1251 1476 uniuersis
1265 1407 1393 1477 Christi
1403 1409 1477 1478 lide·

340 1516 425 1583 libus
443 1523 627 1602 presentem
643 1515 799 1601 paginam
814 1515 1010 1602 inspecturis
1025 1517 1166 1586 salutem
1184 1521 1217 1583 et
1231 1536 1328 1584 omne
1345 1515 1477 1584 bonnm.

343 1624 577 1690 Vniuersorum
593 1623 713 1690 Sancte
728 1623 841 1691 Matris
857 1624 1004 1692 Ecclesic
1019 1623 1160 1690 tiliorum
1184 1621 1305 1690 noticie
1330 1621 1477 1690 insinua·

341 1729 436 1797 eione
451 1731 655 1814 presencium
672 1733 818 1800 uolumus
834 1731 904 1798 fieri
922 1731 1140 1818 manifestum,
1157 1731 1244 1814 quod
1259 1751 1319 1799 nos
1331 1731 1478 1799 conside·

341 1844 414 1904 rato
430 1838 623 1922 granamine
647 1844 680 1904 et
705 1840 917 1924 oppressione
949 1839 1141 1924 populorum
1172 1839 1318 1906 Ecclesie
1351 1839 1477 1922 Strigo·

341 1943 477 2030 niensis,
494 1947 548 2029 qni
566 1965 587 2010 a
603 1945 742 2013 diuersis
758 1945 920 2014 indicibus
936 1947 982 2014 eis
1013 1945 1244 2030 inferebantur,
1278 1946 1367 2011 mira
1397 1943 1476 2011 moti

340 2049 542 2136 benignitate
558 2051 673 2136 Regia,
684 2051 727 2118 ad
743 2053 937 2137 peticionem
953 2052 1156 2118 Venerabilis
1171 2052 1209 2116 R.
1225 2050 1475 2138 Archiepiseopi

341 2268 388 2336 los
404 2268 588 2350 eximentes,
604 2267 822 2336 concessimus
839 2267 962 2335 eisdem
979 2275 1011 2333 et
1042 2266 1240 2334 instituimus
1255 2290 1263 2352 ς
1288 2274 1322 2335 ut
1357 2267 1476 2334 nullius

341 2373 478 2460 Jndiois,
496 2375 648 2442 uidelicet
665 2395 725 2441 nec
740 2374 893 2460 Palatini,
926 2395 987 2442 uec
1017 2373 1156 2442 alicuius
1187 2375 1320 2442 alterius
1350 2374 1475 2460 judicio

341 2485 449 2548 astare
467 2487 647 2566 teneantur,
665 2487 772 2565 preter
789 2489 934 2548 nostrum
960 2479 1159 2550 solummodo
1183 2483 1355 2568 proprium
1386 2481 1474 2548 Jndi·
1533 2539 1534 2542 ,

340 2591 445 2674 cinm;
470 2595 502 2657 et
516 2589 623 2656 nullus
638 2589 728 2675 ipsos
743 2595 820 2658 ante
836 2591 977 2674 aliquem
1004 2589 1104 2656 alium
1125 2588 1272 2676 jndicem
1305 2597 1475 2673 presumat

341 2699 523 2781 conuenire,
539 2697 600 2765 nisi
617 2717 725 2766 coram
740 2699 858 2766 Ncstre
874 2697 1053 2766 Maiestatis
1071 2696 1251 2765 Presenoia.
1292 2697 1336 2764 vt
1365 2706 1473 2767 antem
1532 2761 1533 2764 ,

344 2803 404 2870 heo
419 2824 440 2869 a
455 2803 550 2872 nobis
566 2804 655 2873 lacta
671 2806 837 2891 exempcio
854 2825 913 2872 nec
937 2806 1056 2873 nostris
1082 2825 1233 2891 unquam,
1259 2824 1320 2872 nec
1347 2813 1473 2873 nostro·

343 2931 413 2978 rum
429 2929 648 2982 successorum
672 2915 871 2999 temporibus
896 2915 1006 2980 ualeat
1029 2914 1177 2980 reuocari
1202 2913 1255 2980 uel
1287 2915 1477 3001 retractari,

342 3019 401 3088 sed
416 3022 509 3089 salua
525 3041 652 3109 semper
683 3029 715 3090 et
745 3023 938 3091 inconeussa
968 3027 1142 3100 remaneat
1175 3021 1209 3088 in
1242 3029 1473 3106 argumentum

343 3127 420 3197 fidei
435 3129 568 3196 maioris
585 3135 765 3216 presentem
781 3129 998 3198 concessimus
1014 3128 1172 3214 paginam
1187 3127 1353 3214 dupplieis
1375 3129 1474 3214 sigilli

339 3235 443 3305 nostri
458 3237 635 3305 munimine
650 3237 844 3306 roboratam.
882 3239 1003 3305 Datum
1030 3256 1115 3302 anno
1150 3233 1269 3302 Gracie
1299 3236 1478 3303 millesimo

340 3341 568 3412 GO⁰XXXII⁰.
591 3344 697 3430 Regni
713 3352 821 3412 autem
837 3343 938 3411 nostri
955 3363 1043 3412 anno
1059 3343 1212 3414 vicesimo
1228 3364 1326 3412 nono.

539 3541 650 3604 (Knauz
669 3542 794 3605 Ntntior,
812 3543 931 3608 Magyar
950 3544 1016 3596 Sion
1034 3544 1072 3595 11.
1091 3545 1150 3596 leot.
1170 3547 1231 3594 2⁰1.
1249 3543 1281 3608 1.)
