3098 5132
813 269 974 402 aa..

226 475 233 486 ’
328 494 466 562 thethev
483 502 543 579 est,
558 494 635 562 inde
649 495 742 562 vadit
757 497 801 564 ad
817 497 966 565 arborem
983 497 1159 584 populeam
1175 497 1218 563 ad
1234 519 1332 584 qnam
1357 524 1474 590 prope

332 607 384 668 est
399 607 485 668 meta
501 601 587 668 inter
603 603 727 688 spinas,
752 601 872 670 abhinc
887 603 1032 688 procedit
1049 609 1081 671 et
1097 605 1214 673 transit
1231 607 1340 675 locum
1356 610 1460 680 rirrssi

327 710 473 794 alterius,
497 709 553 793 qni
568 709 674 776 eciam
689 709 756 776 Her
771 709 857 796 wlgo
872 709 1001 796 dicitnr,
1026 711 1225 798 ultraquam
1240 715 1352 800 figitur
1368 727 1460 788 meta

325 820 387 884 sub
398 818 470 903 piro
496 816 697 884 contermina
712 822 797 884 terre
823 816 963 884 liliorum
988 817 1198 904 iobagionum
1214 820 1328 889 Sancti
1344 823 1470 914 Regis,

325 923 431 991 Caeni
456 922 624 1010 antedicti,
650 923 692 991 de
717 943 781 1007 quo
806 924 878 1011 piro
904 925 1110 1010 progreditur
1138 927 1175 994 in
1191 937 1284 1013 parte
1314 934 1461 1000 australi

325 1029 369 1098 ad
383 1049 537 1116 magnam
562 1029 650 1097 viam
666 1038 698 1099 et
713 1029 760 1098 ibi
777 1039 827 1099 est
852 1037 948 1118 meta,
977 1032 1018 1100 de
1032 1032 1108 1100 binc
1133 1033 1340 1119 protenditur
1354 1059 1457 1125 snper

326 1139 464 1208 eandem
495 1138 583 1205 riam
614 1147 648 1207 et
680 1138 859 1224 procedens
889 1139 992 1208 intrat
1022 1139 1141 1208 silvam
1158 1142 1275 1229 inqua
1299 1151 1456 1214 estmeta

331 1247 503 1334 angularis
520 1249 554 1313 in
572 1247 646 1315 loco
663 1247 718 1332 qni
733 1246 944 1333 Populenerii
962 1249 1050 1334 wlgo
1075 1258 1291 1336 nuncupatur.
1309 1253 1457 1321 Postmo-

327 1356 404 1422 dum
420 1361 545 1441 aparte
555 1355 751 1422 occidentali
762 1361 813 1422 est
822 1361 910 1421 meta
921 1355 982 1422 snb
993 1357 1110 1424 arbore
1121 1357 1266 1442 quadam
1275 1361 1458 1447 eombnsta,

328 1463 404 1530 inde
419 1463 547 1531 venitur
563 1461 607 1528 ad
624 1463 774 1530 arborem
790 1463 965 1550 populeum
982 1465 1042 1530 snb
1059 1485 1124 1550 qua
1139 1471 1189 1531 est
1204 1473 1292 1534 meta
1308 1467 1471 1537 dividens

330 1569 447 1638 silvam
479 1559 634 1638 antedict'i
666 1569 837 1637 Michaelis
871 1591 893 1638 a
925 1570 1011 1638 silva
1042 1573 1255 1655 quorumdam
1273 1573 1314 1641 de
1338 1595 1463 1660 genere

328 1677 427 1744 Senta
441 1683 474 1744 et
499 1678 648 1764 Magneti,
677 1677 753 1745 hinc
779 1678 928 1746 circuens
943 1677 1185 1763 aliquantulum
1202 1681 1270 1748 exit
1286 1681 1406 1750 silvam
1424 1689 1465 1751 in

329 1785 400 1850 loco
417 1783 473 1870 qui
497 1785 658 1868 Telnczeg
674 1784 793 1853 dicitur
817 1806 838 1852 a
854 1791 947 1870 parte
972 1787 1241 1872 septemtrionali,
1258 1795 1290 1854 et
1306 1789 1455 1874 procedit

327 1893 420 1958 iuxta
435 1891 548 1959 silvam
566 1893 703 1960 eandem
719 1889 896 1960 admotam
913 1911 976 1976 que
992 1899 1042 1960 est
1057 1894 1117 1961 sub
1143 1893 1245 1962 salice
1260 1895 1352 1962 iuxta
1367 1897 1463 1964 viam

332 1999 522 2084 disiungens
547 2005 668 2066 terram
700 2021 721 2066 a
754 2007 840 2066 terra
871 1999 949 2066 ville
982 1996 1129 2068 eiusdem
1159 2001 1300 2070 nominis
1330 2001 1463 2072 chokor

330 2106 492 2191 videlicet,
516 2127 580 2190 que
605 2113 654 2172 est
671 2105 811 2174 filiorum
822 2106 1032 2190 iobagionnm
1046 2107 1223 2176 descensus
1239 2110 1465 2199 prebencinm,

331 2215 466 2282 ulterius
492 2213 639 2300 procedit
654 2233 712 2298 per
738 2221 841 2281 metas
858 2222 985 2300 aparte
1002 2217 1264 2301 septemtrionali
1279 2216 1323 2284 ad
1346 2217 1459 2303 pirum

328 2325 390 2390 sub
406 2342 469 2408 quo
485 2326 535 2390 est
550 2329 637 2388 meta
653 2319 747 2388 iuxta
761 2321 874 2388 villam
901 2321 1158 2408 prenominatam
1176 2321 1310 2407 Oholrol,
1342 2325 1470 2393 deinde

329 2429 533 2516 progreditur
547 2431 582 2496 in
593 2511 597 2518 Ι
609 2448 759 2514 campum
776 2429 831 2498 ubi
848 2437 935 2498 tenet
961 2437 1082 2496 metam
1099 2449 1171 2496 oum
1187 2429 1268 2498 villa
1284 2431 1349 2497 iam
1365 2431 1459 2499 dicta

332 2537 447 2619 Vrdos,
465 2543 497 2604 et
513 2535 590 2603 inde
614 2537 777 2604 reducitur
802 2542 888 2606 mete
913 2537 1021 2622 priori.
1049 2538 1092 2604 Ut
1117 2537 1218 2622 igitur
1242 2537 1338 2605 hena
1364 2541 1468 2608 nobia-

329 2645 568 2712 deliberacione
600 2643 706 2729 Regia
741 2645 829 2712 lacta
864 2645 1011 2730 donacio,
1043 2663 1102 2712 uec
1143 2645 1243 2728 longa
1275 2651 1459 2730 temporum

330 2753 455 2818 canicie
487 2751 578 2840 dilui,
619 2773 681 2820 nee
711 2751 859 2837 insopita
887 2752 1142 2836 malignancium
1175 2754 1299 2838 impetu
1337 2757 1467 2823 nostris
1542 2809 1543 2814 η

331 2866 579 2944 nostrorumque
620 2879 844 2926 successorum
887 2859 1085 2944 temporibus
1127 2861 1295 2926 retractari
1336 2860 1469 2944 valeat,

334 2969 477 3052 presenti
494 2967 615 3054 pagine
631 2967 927 3034 commendavimus
941 2986 983 3035 ac
999 2966 1109 3052 sigillo
1125 2973 1233 3034 nostro
1251 2965 1455 3053 privilegiali
1541 2963 1542 2968 ’

196 3111 199 3118 ι
330 3097 425 3164 noro,
442 3075 530 3159 quod
548 3076 580 3140 in
598 3073 810 3161 preiudicium
836 3073 954 3160 prioris
980 3073 1178 3142 cassandum
1194 3073 1305 3158 parari
1322 3074 1461 3144 lecimus
1541 3059 1542 3068 ἵ

330 3186 363 3250 in
395 3185 645 3270 generacionum
677 3181 910 3266 generationes
941 3181 1070 3248 illibate
1101 3179 1340 3248 observandum
1355 3183 1466 3269 Regia

331 3293 522 3360 cauctoritate
538 3291 771 3360 roboravimus
799 3291 920 3358 Datum
937 3309 1128 3378 permanes
1152 3289 1304 3374 Magistri
1319 3289 1460 3374 Alberti,
1540 3337 1541 3365 ,

330 3402 405 3468 aule
420 3407 532 3468 nostre
543 3399 735 3468 Cancellarii
753 3407 785 3466 et
795 3399 956 3484 Prepositi
968 3396 1165 3464 orodiensis.
1182 3397 1278 3464 Anno
1289 3395 1464 3466 Dominieo

330 3505 574 3575 Incaruaoionis
598 3505 857 3574 MGOXXVlllI.
872 3504 1063 3574 Venerabili
1078 3504 1220 3572 Roberto
1235 3503 1472 3592 Strigoniensi,

333 3615 521 3682 Reverendo
561 3613 685 3698 Vgrino
727 3611 897 3680 (tolonensi
938 3609 1202 3697 Arebiepiscopis
1232 3609 1465 3680 existentibus.

333 3722 460 3790 Bnlchu
477 3721 705 3806 Chenadiensi,
721 3721 932 3789 Bartolomeo
948 3716 1305 3803 Quinqueecclesieusi,
1333 3717 1461 3804 Grego-
1538 3771 1539 3774 ,

332 3831 379 3898 rio
396 3827 576 3911 (lauriensi,
595 3827 780 3896 Alexandro
807 3827 1026 3914 Waradiensi,
1042 3826 1212 3912 Reyualdo
1229 3825 1464 3906 Transiluano,

335 3939 427 4006 Cleto
457 3937 617 4022 Agrieasi,
650 3935 771 4003 Brictio
803 3933 1002 4016 Wacbieusi,
1043 3931 1208 4019 Stephano
1233 3930 1462 4018 Zagrabiensi,

334 4047 540 4114 Bartolomco
572 4044 815 4130 Wesprimiensi
847 4042 1019 4128 Episcopis
1036 4039 1262 4126 existentibus,
1294 4039 1471 4108 Ecclesiae·

332 4155 393 4221 Dei
409 4152 544 4222 feliciter
560 4154 826 4236 gubernantibus.
867 4150 980 4235 Moyse
998 4147 1149 4216 Palatino
1166 4153 1200 4213 et
1215 4144 1341 4213 Oomite
1359 4145 1466 4234 Byba-

333 4262 443 4348 riensi,
460 4259 616 4327 Ladizlao
632 4260 748 4328 Judice
766 4259 860 4326 Curia
876 4267 907 4326 et
939 4257 1064 4324 Gemite
1078 4253 1274 4339 Bacbyensi,
1300 4252 1466 4339 Dyonisio
1536 4265 1537 4296 ³

331 4372 397 4436 tilio
415 4367 565 4454 Dyonisii
581 4369 739 4454 Magistro
756 4365 1022 4434 Tawarnicorum
1039 4362 1213 4432 aoComite
1229 4361 1465 4449 Zonaqniensi,

332 4479 499 4546 Demetrio
516 4474 672 4560 Magistro
684 4475 912 4563 Dapilerorum
924 4481 956 4542 et
973 4473 1103 4542 domita
1114 4467 1315 4554 Posoniensi,
1326 4467 1475 4536 Nicolao
1535 4491 1536 4494 ¹

335 4585 487 4668 Magistro
503 4583 683 4680 etComite
708 4587 907 4670 Agermum,
931 4581 1029 4652 Petro
1046 4599 1203 4665 germano
1230 4576 1380 4644 Marcelli
1405 4578 1470 4645 Co·

1529 5023 1534 5105 l
