3098 5132
804 210 967 308 js-

312 403 458 472 Abbatls
475 404 601 472 sellioot
613 409 645 470 et
653 403 846 491 Zebisoelai,
861 402 905 470 sd
918 403 1073 470 maiorem
1084 401 1129 470 rei
1141 413 1234 488 geste
1244 399 1466 475 evidenuianr

326 517 450 580 cartam
467 516 651 597 presentem
662 510 799 577 fecimus
820 509 972 576 annotari
989 517 1022 576 et
1038 509 1140 592 sigilli
1157 511 1259 578 nostri
1276 514 1469 582 munimine
1542 535 1543 566 l

262 679 263 684 ,
322 619 479 705 roborari.
510 616 620 682 Prima
635 624 722 684 meta
738 615 839 700 igitur
854 617 951 683 huius
968 625 1052 684 torre
1067 617 1181 704 incipit
1197 620 1252 685 ubi
1269 621 1463 688 Dramonin

323 724 412 793 uadit
434 723 468 790 in
485 721 629 807 Glinam,
660 721 739 790 inde
769 722 938 790 deseendit
954 721 997 789 ad
1012 731 1112 810 eaput
1127 721 1273 792 eiusdem
1287 726 1395 800 rivuli,
1424 739 1463 794 et
1542 719 1543 802 l

321 830 442 898 deinde
456 831 500 898 ad
531 831 680 897 arborem
695 829 779 911 dob;
802 827 880 897 indo
895 829 988 898 vadit
1018 830 1063 898 ad
1077 829 1193 914 fossas,
1209 851 1274 916 que
1290 843 1464 901 vocentur

321 935 561 1022 Creniehisoba,
578 935 698 1004 deinde
729 937 833 1006 tendit
848 935 893 1008 ad
924 937 1065 1005 rivulum
1080 938 1136 1024 qni
1168 945 1303 1007 rooatar
1320 940 1469 1029 Uulehi,

320 1045 398 1112 indo
414 1042 504 1111 uadit
518 1043 561 1110 ad
576 1050 674 1130 eaput
690 1043 836 1113 eiusdem
851 1043 958 1129 rivuli,
974 1043 1052 1112 inde
1075 1045 1226 1114 aseendit
1242 1044 1286 1112 ad
1310 1057 1467 1116 montem.
1542 1039 1543 1042 ’

319 1153 375 1219 ubi
392 1157 441 1218 est
456 1157 659 1219 metaterrea
674 1169 775 1235 supra
799 1148 929 1218 domum
944 1151 1055 1236 Terse,
1072 1152 1148 1219 hine
1163 1152 1270 1220 tondit
1285 1154 1330 1222 ed
1346 1155 1461 1221 looum
1542 1191 1543 1196 ,

320 1259 378 1343 qui
393 1265 527 1328 voootur
544 1255 687 1341 (loliohe,
716 1257 838 1324 abhino
867 1257 957 1325 vonit
971 1258 1015 1324 ad
1032 1259 1148 1344 loonm,
1175 1261 1231 1345 qni
1263 1261 1462 1347 appellatur

321 1365 591 1454 Zlobinozanoep‚
621 1365 699 1433 inde
731 1365 879 1435 aseendit
910 1365 997 1434 viam
1029 1387 1092 1450 que
1124 1369 1225 1436 estin
1240 1376 1361 1454 monto,
1390 1388 1470 1452 que

323 1473 415 1540 uadit
445 1493 467 1540 a
497 1472 612 1559 Bayne
643 1471 686 1538 ad
717 1472 874 1555 Baohuse,
900 1473 978 1541 inde
1009 1491 1071 1560 per
1086 1474 1223 1540 eandem
1241 1475 1327 1542 viam
1354 1476 1458 1544 vadit
1542 1555 1543 1558 Ἴ

327 1579 488 1664 usquead
518 1581 624 1648 loonm
656 1579 712 1665 qui
743 1587 880 1649 uocatur
895 1579 1036 1664 Probod,
1060 1581 1138 1648 indo
1153 1582 1275 1648 dimoto
1300 1583 1468 1650 aseendit.
1542 1589 1543 1596 ’

324 1707 424 1773 supra
441 1706 594 1772 magnam
609 1686 752 1772 vineam,
767 1707 831 1772 que
843 1695 892 1754 est
903 1688 1049 1755 Eaelesis
1060 1689 1101 1755 do
1111 1689 1251 1774 Toplioa
1267 1697 1299 1756 et
1315 1689 1462 1756 deseen-

325 1792 373 1860 dit
387 1792 421 1860 in
435 1794 523 1861 viam
537 1813 602 1878 que
628 1794 720 1862 vadit
749 1793 793 1863 od
823 1795 988 1882 Baobuse,
1005 1803 1037 1862 et
1064 1815 1122 1880 per
1138 1797 1231 1861 illam
1256 1796 1342 1862 uiam
1358 1797 1457 1863 vadit
1542 1811 1543 1886 Ῑ

325 1901 368 1968 ad
391 1907 533 1968 montem
557 1900 614 1983 qui
645 1901 833 1988 appellatur
860 1901 977 1990 Wruit,
1003 1902 1059 1970 ubi
1074 1909 1124 1972 est
1138 1909 1226 1970 mota
1242 1910 1359 1986 terrea,
1374 1904 1457 1971 inde
1542 1933 1543 1944 ³

321 2009 414 2076 uadit
429 2007 472 2075 ad
489 2009 646 2089 arborem,
664 2027 726 2092 quo
738 2005 1029 2096 (voeaturlelenik
1044 2009 1099 2078 ubi
1114 2009 1316 2078 terminatur.
1332 2009 1465 2078 Autum-
1542 2003 1543 2090 Τ

324 2122 372 2184 ost
388 2117 449 2184 hoo
460 2137 546 2184 anno
564 2113 886 2184 GraaieMOGXXX.
903 2116 1033 2185 Andrea
1048 2136 1168 2202 magno
1179 2117 1268 2201 Rege
1280 2117 1463 2220 existente,

322 2223 405 2290 Bela
419 2223 486 2290 filio
503 2224 573 2291 eius
587 2223 737 2306 Regnum
753 2223 923 2308 Hungarie
933 2223 1146 2309 gubernante,
1163 2223 1339 2292 Golomano
1350 2226 1472 2293 tonius

325 2329 499 2397 Solanonie
531 2330 694 2396 Duoatum
734 2335 873 2415 tenente,
913 2331 1080 2417 Stephano
1112 2330 1255 2398 seeundo
1289 2331 1461 2418 Episcopo
1542 2397 1543 2428 ¹

323 2439 536 2518 Zagrablensi
563 2437 758 2526 presidente,
783 2439 906 2506 Mathia
930 2440 1107 2525 Proposito,
1132 2439 1274 2522 Pugrino
1291 2436 1447 2523 Oantore,
1542 2445 1543 2448 ’

323 2545 476 2612 Gabriele
501 2545 655 2631 Custode,
681 2547 842 2631 Symeone
868 2548 1002 2612 Deoano
1029 2525 1193 2613 et⁰oetsris
1216 2543 1390 2612 cononicis
1416 2547 1461 2613 im

324 2651 473 2718 Euolesia
488 2651 702 2734 Zagrabiensi
719 2651 859 2720 feliciter
876 2653 1104 2721 residentibus.

411 2845 573 2908 (Thalassius,
592 2848 799 2900 nonomine.
819 2850 913 2914 Episo.
931 2849 1128 2915 ngrabiensis
1146 2849 1169 2901 1.
1189 2849 1248 2900 ket.
1270 2853 1313 2899 dd.
1332 2849 1363 2911 l)

851 3663 927 3734 161.

320 3861 368 3928 Π.
385 3860 495 3926 Badra
519 3861 697 3946 kr'rdlyaak
722 3875 876 3928 aeaeaetea
898 3865 1045 3948 jaookat
1076 3871 1232 3950 tdrqpazd
1264 3867 1463 3953 adomdayoe
1542 3945 1543 3948 Ἴ

458 3967 574 4035 Tavus
591 3991 690 4036 comes
707 3969 830 4035 Makria
846 3972 1033 4056 bdonolcfia
1049 3977 1208 4039 ozdmdro.
1225 3971 1321 4037 1231.

427 4161 577 4231 Andreas
593 4163 656 4230 Dei
683 4165 795 4248 grauia
826 4175 886 4234 ete.
925 4167 1080 4234 Inmenss
1108 4167 1236 4252 Regum
1267 4167 1465 4260 dapsilitas,

321 4269 400 4336 lieet
416 4269 459 4339 ad
475 4271 638 4355 quoslibet
653 4293 752 4338 manu
768 4273 923 4360 largiflua
939 4273 1100 4359 equaliter
1117 4274 1238 4342 habere
1254 4295 1290 4343 se
1315 4275 1464 4362 debeat,
1542 4335 1543 4348 ,

320 4377 367 4444 ad
381 4377 459 4446 illos
474 4385 584 4445 tamen
599 4377 740 4447 uberiori
756 4381 869 4464 grauia
885 4387 1014 4450 tenetur
1040 4381 1200 4468 diffluere,
1226 4383 1282 4468 qni
1314 4385 1387 4450 loeo
1419 4393 1460 4452 ot
1542 4437 1543 4442 η

324 4493 471 4572 tempore
486 4503 546 4550 neo
562 4505 624 4571 res,
641 4506 702 4554 neo
718 4507 873 4572 personas
890 4509 968 4557 suas
983 4511 1041 4575 pro
1056 4489 1157 4576 Regis
1174 4489 1316 4558 utilitate
1331 4492 1365 4557 in
1391 4491 1462 4560 Re·
1542 4485 1543 4548 Ὗ
