3150 5162
836 291 903 360 506

304 489 404 556 nostri
419 490 581 577 priuilegii
598 487 780 576 patrocinio
797 489 1041 574 communimus,
1072 497 1106 557 et
1121 491 1246 577 pariter
1260 489 1430 558 confirma·

302 618 382 666 mus.
423 599 468 668 Ut
480 605 587 668 autem
604 599 664 666 hee
679 619 702 666 a
717 596 847 664 domiuo
863 599 953 684 Rege
969 597 1145 667 karissimo
1162 605 1256 684 patre
1272 605 1385 666 nostro
1401 603 1432 664 et

302 707 433 774 anobis
449 727 605 776 concessa
621 707 759 776 donacio
776 711 937 794 perpetuo
967 715 1163 796 perseueret,
1197 728 1258 776 uec
1288 727 1432 793 unquam

303 833 361 900 per
376 817 560 902 quempiam
578 818 612 884 iu
626 816 753 884 irritum
770 815 881 884 valeat
897 818 1056 903 reuocari,
1083 817 1127 884 ad
1143 818 1290 902 ipsorum
1308 817 1433 902 suppli·

303 923 466 990 cacieuem
483 923 611 989 litteras
629 929 758 990 uestras
774 919 923 988 dedimus
939 919 1103 1009 dupplicis
1131 923 1232 1006 sigilli
1256 923 1362 990 nostri
1388 923 1431 988 in·

303 1031 473 1119 pressione
488 1031 710 1098 communitas.
750 1031 871 1096 Datum
886 1049 946 1114 per
961 1050 1080 1097 manus
1097 1031 1246 1116 Magistri
1261 1029 1429 1098 Benedicti

302 1139 461 1224 Prepesiti
478 1137 705 1226 Scybiuieusis
722 1139 795 1205 aule
811 1144 922 1206 nostre
955 1137 1226 1224 ViceGaucellarij
1255 1140 1371 1207 dilecti
1401 1147 1432 1206 et

301 1244 409 1312 fidelis
424 1247 537 1334 uestri,
554 1265 641 1314 anuo
658 1246 789 1314 Domini
806 1245 981 1315 millesimo
997 1247 1218 1315 ducentesimo
1228 1247 1431 1333 sexagesimo

302 1373 415 1440 pnmo.

303 1552 445 1614 (Dredetie
463 1511 648 1618 bderlptn,
676 1552 795 1618 melyrbl
814 1552 911 1604 lrcvsu
929 1551 1018 1618 itisbb
1037 1551 1132 1617 lrirdly
1150 1553 1328 1620 pecsscjenek
1357 1557 1430 1606 taire·

490 1641 559 1693 delre
577 1643 665 1708 srigg3
684 1657 702 1693 a
719 1643 807 1693 budai
825 1643 878 1694 kir.
897 1642 1024 1694 hmsrui
1042 1641 1240 1706 levtltdrbau.)

826 2465 901 2533 ste.

300 2669 331 2726 A
348 2663 497 2728 celcoczcc'
511 2661 734 2748 kcrmduynak
755 2663 854 2750 chla
870 2665 997 2749 saipctct
1012 2667 1166 2750 tdrpyazd
1181 2667 1320 2730 temerate
1353 2667 1427 2732 acto

460 2776 580 2855 ceringa
595 2795 617 2835 a
633 2773 834 2859 Fraupcpda
849 2771 962 2836 caaldd
977 2775 1135 2838 szdmdra.
1165 2774 1263 2838 1261.

404 2967 442 3033 lu
473 2966 536 3034 Dei
566 2965 694 3033 nomine
725 2987 829 3035 amen.
862 2967 958 3033 Auno
983 2969 1025 3034 ab
1041 2964 1273 3034 luceruatione
1290 2968 1424 3036 Domini

299 3077 398 3142 uestri
416 3075 494 3144 Jesu
511 3075 629 3143 Christi
646 3074 818 3143 millesimo
834 3074 1055 3142 ducentesimo
1072 3076 1277 3162 sexagesimo
1310 3075 1426 3163 primo,

297 3183 474 3252 indictione
504 3181 614 3266 tercia,
630 3180 748 3249 mensis
767 3180 898 3267 Aprilis.
917 3181 1019 3249 Decet
1034 3181 1207 3251 cuiuslibet
1223 3181 1422 3250 dominantis

298 3291 465 3358 arbitrium
481 3288 632 3378 amplecti
647 3289 827 3357 liberaliter
843 3289 1017 3374 petitiones
1048 3291 1260 3358 rationabiles
1292 3289 1426 3357 devoto-

296 3419 376 3485 rum,
394 3398 481 3485 ipsas
499 3397 654 3485 precipue
670 3395 712 3464 ad
730 3396 948 3465 exauditionis
965 3397 1106 3482 gratiam
1123 3397 1341 3483 admittendo,
1359 3417 1423 3480 que

297 3527 360 3572 nou
393 3507 500 3572 miuus
532 3505 739 3590 regnantium
771 3503 887 3572 leudes
919 3525 1016 3589 quem
1032 3509 1189 3572 eteorum
1206 3503 1377 3574 commoda
1393 3514 1426 3572 et

297 3615 435 3681 bonores
460 3613 623 3700 respicere
639 3615 879 3700 dignoscuntur.
896 3614 980 3681 Hinc
996 3622 1053 3699 est,
1070 3613 1155 3699 quod
1171 3635 1232 3682 nos
1250 3613 1425 3682 Raiuerius

297 3720 387 3788 Geuo
419 3719 481 3788 Dei
512 3721 620 3804 gratie
651 3721 869 3806 Veneticum,
886 3722 1054 3790 Dalmacie
1070 3728 1170 3806 atque
1185 3721 1320 3790 (treacle
1335 3723 1424 3807 Dux,

296 3829 452 3894 Dominus
468 3828 592 3907 Quarte
607 3829 717 3895 Partis
734 3837 767 3897 et
782 3828 927 3897 Dimidie
959 3828 1064 3896 tocius
1088 3829 1222 3914 Imperii
1252 3829 1425 3916 Romauie,

295 3957 366 4003 eum
382 3937 501 4005 nostris
518 3936 686 4005 Judicibus
702 3945 733 4004 ct
748 3937 956 4024 Sapientibus
972 3937 1091 4004 uostris
1104 3937 1146 4004 de
1156 3938 1270 4006 Maiori
1281 3935 1427 4004 Consilio

295 4063 334 4110 se
351 4044 598 4113 collaudacione
628 4046 738 4133 populi
770 4047 802 4112 in
835 4045 966 4131 publiea
1005 4045 1167 4130 concione,
1210 4046 1422 4114 attendentes

295 4151 389 4219 fidem
415 4173 530 4238 puram
556 4157 588 4219 et
603 4157 723 4219 rectam
751 4153 971 4240 devociouem,
999 4175 1095 4237 quem
1122 4153 1245 4239 egregii
1288 4153 1352 4220 viri
1370 4157 1425 4224 Jo-

293 4262 427 4347 bauues,
443 4258 551 4326 (luido
568 4267 601 4327 et
617 4259 779 4328 Henricus
795 4260 871 4327 olim
888 4261 1031 4330 Comites
1062 4261 1175 4349 Vegle,
1207 4282 1247 4328 ae
1278 4261 1426 4347 ipsorum

294 4369 540 4455 predecessores
572 4368 614 4434 ad
646 4389 704 4436 uos
730 4377 762 4437 et
780 4370 1026 4455 predecessores
1042 4377 1172 4438 nostros
1188 4391 1227 4436 ac
1243 4367 1425 4439 Commune

293 4474 507 4542 Veueciarum
541 4485 674 4542 actenus
706 4477 897 4563 habueruut,
930 4479 1074 4564 ipserum
1106 4477 1265 4545 Comitum
1297 4480 1423 4546 meritis

295 4582 498 4664 respiciendo
516 4591 548 4650 et
566 4584 841 4672 benevolenciam,
860 4606 956 4671 quem
973 4607 1052 4670 erge
1068 4588 1160 4672 ipsos
1176 4585 1302 4654 nobiles
1320 4587 1422 4654 nostri
