3078 5128
688 831 763 900 218.

152 1036 188 1103 A
204 1033 309 1098 tedas·
324 1031 486 1119 kdptniaa
502 1031 608 1114 citiry'a
623 1028 669 1095 ΙΙ.
686 1029 797 1096 unsre
813 1029 992 1116 kirtlynak
1009 1031 1289 1123 Scckzithelyseqet

154 1142 315 1228 quyazt
344 1139 540 1222 sumnum
572 1161 592 1202 a
624 1137 817 1222 sycilrziyeti
857 1140 1086 1224 upctczuzctrda
1125 1147 1289 1211 ειάπιάνα.
1350 1134 1351 1137 “

611 1243 708 1309 1239.
730 1242 838 1307 turcl.

262 1436 546 1507 Excellentissimo
564 1437 694 1503 domino
710 1457 769 1502 suo
787 1443 819 1503 ct
836 1435 1035 1504 benefactori
1052 1439 1089 1504 B.
1114 1441 1176 1507 Dei
1208 1462 1283 1524 gra·

154 1552 207 1618 cia
221 1545 338 1615 inclito
354 1545 437 1628 Regi
456 1543 599 1628 Vngarie
615 1542 774 1627 Magister
790 1543 829 1609 A.
847 1541 1037 1628 Propositus
1063 1546 1223 1616 Budensis
1249 1557 1281 1617 et

154 1655 340 1742 Capitulum
358 1649 515 1733 eiusdem,
532 1650 582 1716 sui
598 1649 713 1716 fideles
730 1658 762 1716 et
778 1649 889 1718 deuoti
900 1651 1078 1734 capellani,
1092 1653 1283 1724 inclinacic·

155 1784 230 1831 nem
247 1769 280 1828 et
295 1758 484 1826 oracionum
501 1757 728 1826 continuarum
745 1756 903 1841 suffragia
918 1758 961 1824 ad
986 1758 1092 1826 Deum
1119 1781 1178 1846 pro
1202 1763 1284 1848 ipsc.

156 1872 297 1936 Litteras
313 1873 424 1932 cestre
438 1863 645 1932 Excellcncie
662 1863 844 1948 recepimus
860 1865 921 1932 sub
939 1865 1000 1932 hac
1016 1865 1139 1934 forma:

264 1975 301 2040 Β.
319 1972 382 2038 Dei
399 1972 513 2056 gracia
529 1972 598 2038 Rex
614 1969 759 2055 Vngarie
777 1973 838 2038 stb.
866 1969 1082 2058 (lxtvctkcnilx
1113 1975 1167 2040 IV.
1201 1976 1283 2043 Beia

157 2081 336 2168 kirtlynalx
353 2079 504 2147 atirattsi
520 2097 693 2164 parancsa,
710 2079 793 2144 mint
806 2079 942 2147 fentebb
959 2081 1034 2147 216.
1051 2099 1096 2146 ez.
1113 2079 1160 2168 a.)
1362 2067 1364 2074 X

262 2189 333 2254 Nos
349 2187 448 2270 igitur
464 2185 652 2254 mandatnm
669 2195 824 2270 uestrum,
858 2187 943 2254 sicut
958 2194 1114 2272 tenemur,
1145 2188 1287 2257 fideliter

157 2297 291 2382 exsequi
314 2295 494 2379 cupientes,
527 2295 738 2378 priuilegium
771 2293 877 2361 felicis
908 2294 1147 2362 recordacionis
1179 2297 1285 2381 patris

157 2403 254 2470 nestri
271 2402 370 2486 Regis
386 2401 517 2468 Andree
533 2421 591 2485 per
607 2400 781 2468 officialem
799 2421 944 2468 sororum
960 2401 1079 2470 Sancte
1108 2399 1284 2477 Marieide

163 2509 275 2578 Insula
290 2509 384 2578 nubis
400 2509 557 2578 exibitam
576 2507 751 2591 diligenter
767 2509 978 2593 inspeximus,
1011 2508 1102 2576 cuius
1127 2487 1284 2579 tenor-e't

159 2617 362 2684 continencia
378 2615 452 2684 talis
468 2623 532 2684 cst:

264 2723 304 2789 ln
319 2723 452 2790 nomine
467 2725 527 2790 stb.
544 2723 693 2792 Andreas
708 2722 770 2788 Dei
796 2723 910 2808 grecia
942 2722 1087 2808 Vngarie
1118 2724 1180 2792 stb.
1211 2725 1281 2794 Rex

159 2831 217 2896 stt.
234 2827 448 2917 (kitvetlxezilx
475 2831 518 2896 II.
550 2829 658 2896 llndre
690 2829 802 2916 kirtly
835 2831 972 2900 1233111
1003 2830 1284 2920 adcmtnylevele,

159 2937 237 3003 mint
253 2935 387 3003 ientebb
406 2938 480 3004 176.
497 2957 541 3004 sn.
557 2935 605 3020 a.)

263 3045 346 3110 Item
363 3042 512 3110 officialis
528 3063 673 3112 sororum
691 3046 810 3112 Sancte
826 3043 928 3112 Marie
944 3045 986 3111 de
1010 3043 1125 3110 Insula
1153 3046 1282 3113 litteras

161 3155 284 3218 uestras
300 3153 361 3220 sub
378 3151 485 3235 sigillo
503 3152 593 3218 anuli
609 3153 708 3219 uestri
726 3151 874 3219 exhibuit
889 3153 985 3220 nobis
1002 3153 1062 3219 sub
1078 3151 1141 3218 hac
1156 3151 1283 3221 forma:

260 3258 329 3326 Nos
345 3261 381 3326 B.
402 3261 464 3328 Dei
481 3259 595 3343 gracia
612 3261 681 3326 Rex
705 3260 852 3344 Vngarie
884 3261 945 3326 stb.
979 3258 1195 3345 (kunetkenik
1226 3263 1283 3328 IV.

159 3363 236 3433 Btla
249 3365 429 3450 kirtlynsk
445 3367 623 3452 okmtuya,
641 3367 723 3433 mint
738 3366 870 3434 fentcbb
886 3368 961 3436 202.
978 3389 1023 3437 sn.
1041 3364 1086 3454 a.)

160 3471 273 3540 Datum
288 3473 446 3541 vicesimo
463 3472 606 3541 secundo
622 3473 675 3540 die
691 3473 880 3541 festiuitatis
896 3473 1008 3542 Sancti
1023 3472 1203 3543 Michaelis

261 3580 431 3646 Krvut:
463 3579 747 3648 Excellentissimo
780 3581 912 3650 dominc
943 3601 1004 3649 suc
1034 3581 1162 3650 Illustri
1200 3584 1283 3665 Regi

162 3685 305 3772 Vngarie.

169 3885 295 3938 Eredctie
314 3883 501 3951 btrhatxtytn,
520 3901 538 3936 a
555 3884 637 3936 hitul
656 3887 711 3938 oda
730 3891 863 3951 nycmott
881 3887 974 3953 peccet
992 3889 1134 3952 elveszctt,
1162 3903 1179 3938 a
1197 3886 1290 3938 budai

507 3976 560 4028 kir.
579 3975 707 4028 kamarei
726 3976 925 4041 leutittrbsn.)
