3080 5146
790 273 948 375 gls-

307 477 404 560 lcras,
421 471 583 558 duppliois
598 472 698 557 sigilli
715 473 816 540 nostri
832 471 1010 536 munimine
1024 469 1059 536 in
1075 470 1127 536 ius
1142 469 1426 556 perpetuumrobo

307 589 407 649 ratas.
448 579 566 647 Datum
598 581 632 646 in
648 579 762 646 Zolum
779 599 867 645 anno
883 577 1054 646 Dominice
1070 578 1315 646 lucamaeionis
1330 579 1426 644 mille·

307 690 389 757 simo
405 687 624 756 ducentesimo
641 686 892 772 quadragesimo
908 685 1059 773 septimo,
1084 688 1185 754 tercio
1200 685 1274 754 idus
1290 687 1426 771 Septen·

309 798 385 878 bris,
408 796 513 882 Regni
529 801 640 864 autern
656 795 760 862 nostri
777 813 863 862 anno
879 793 1078 861 duodecimo.

305 995 466 1062 l'l'lsslesicr,
484 996 608 1050 Monuni.
627 996 692 1046 hist.
710 993 802 1058 Epiro.
822 993 942 1060 Zagrab.
960 993 983 1044 1.
1012 993 1071 1044 latit.
1103 997 1147 1044 ιι.
1179 993 1199 1043 l.
1228 995 1264 1050 V.
1294 996 1319 1052 ri,
1348 991 1424 1064 Fejtr

611 1083 676 1137 (lod.
695 1083 771 1150 Dipl.
790 1083 838 1138 IV.
859 1085 917 1136 not.
934 1087 958 1134 1.
977 1097 1000 1134 ι.
1020 1085 1081 1134 lli.
1095 1083 1125 1148 l.)

735 1367 1003 1386 Μ

834 1807 911 1882 tao.

307 2009 365 2076 IV.
383 2009 465 2074 Βέία
480 2007 658 2094 meyerb'st'lt'
677 2009 773 2074 1225.
788 2007 921 2094 kiadoll,
937 2007 986 2072 ke'l
1002 2009 1153 2095 toplt'oaac'
1167 2009 1356 2076 birtokrdsst
1365 2009 1428 2071 ἐάν·

307 2123 409 2208 pycari
423 2119 660 2208 alapitvclnyra
676 2115 849 2183 nonatlrozo'
860 2117 1120 2205 privilepiumcll,
1136 2143 1157 2183 a
1176 2115 1429 2204 adprdbikclpla·

698 2225 755 2289 lan
771 2227 930 2290 eadmero.
948 2224 1048 2292 1247.

414 2423 495 2490 Bela
510 2421 572 2489 Dei
589 2419 698 2508 gratia
714 2419 893 2505 Hungarie,
925 2419 1098 2508 Delmatia,
1128 2418 1290 2506 Obroatis,
1321 2421 1429 2504 Reme,

307 2533 428 2619 Seruis,
446 2529 587 2613 Gallitie,
604 2529 807 2617 Lodomerie,
824 2527 1045 2614 Cumanicque
1061 2531 1130 2598 Rex
1141 2525 1427 2598 universistlhristi
1527 2615 1528 2622 ἵ

309 2639 459 2706 fidelibus
474 2637 672 2724 presentium
689 2637 845 2706 noticiam
864 2637 1035 2726 habituris,
1066 2637 1205 2706 salutern
1230 2639 1264 2704 in
1295 2657 1345 2722 eo,
1376 2631 1428 2720 qui

306 2751 355 2816 est
369 2767 447 2814 vera
462 2747 563 2813 salus.
587 2745 786 2814 Accedentes
802 2745 846 2814 ati
862 2745 1060 2832 presentiam
1076 2751 1220 2813 nostram
1236 2743 1352 2812 fideles
1375 2761 1427 2808 no

307 2855 373 2938 stri,
390 2855 472 2940 Fyle
486 2855 673 2940 Propositus
689 2852 943 2940 Zagrabiensis3
973 2854 1133 2939 Magister
1149 2853 1212 2920 Job
1244 2852 1427 2939 Propositus
1526 2909 1527 2946 ζ

306 2961 507 3050 Bachlensis,
524 2961 641 3030 (lomes
658 2962 793 3048 (inpelle
809 2970 921 3031 nostre
938 2969 970 3030 et
986 2961 1170 3030 canonicus
1186 2960 1428 3046 Zagrebiensis;

307 3071 408 3157 Zoym
423 3070 612 3156 Propositus
627 3068 848 3156 Uiennensis,
880 3073 997 3138 Petrus
1023 3070 1143 3138 Cantor
1174 3068 1428 3136 Archidinoonus

307 3177 545 3264 Zegrabiensis,
568 3175 708 3244 Michael
723 3177 849 3266 Lector,
867 3185 900 3245 et
924 3177 1099 3246 Ladislans
1130 3179 1282 3245 Decanus
1313 3177 1429 3261 Zagra-
1525 3195 1526 3222 ³

308 3285 443 3370 biensis,
474 3287 589 3353 Petrus
605 3282 843 3352 Oamaricensis
860 3292 892 3352 et
907 3284 1025 3352 Petrus
1041 3283 1083 3352 de
1098 3283 1241 3352 Kenululs
1265 3283 1429 3352 archium

308 3391 393 3479 coni,
404 3397 436 3458 et
451 3389 510 3459 alii
526 3392 568 3459 ιι
583 3391 735 3477 capitulo
749 3392 974 3481 Zagrebiensi,
990 3391 1121 3461 nomine
1135 3413 1176 3460 ac
1190 3392 1260 3459 vice
1276 3391 1429 3479 capituli,

310 3497 523 3586 privilegium,
533 3501 788 3586 temporenostn'
798 3501 941 3568 Ducatus
952 3508 1183 3570 concessumst
1198 3506 1308 3568 nostro
1324 3498 1429 3568 ducali
1524 3487 1525 3490 '

314 3605 425 3688 sigillo
435 3606 640 3694 impressum,
655 3607 752 3675 nobis
767 3607 989 3696 exbibuerunt,
1006 3610 1092 3692 qood
1118 3609 1255 3676 vidimus
1279 3613 1313 3675 et
1337 3627 1431 3674 mann

307 3719 418 3782 nostra
432 3715 602 3801 tenuimus,
618 3733 658 3783 ac
673 3715 856 3783 invenimus
872 3715 982 3782 necin
998 3735 1083 3804 cera,
1110 3718 1221 3785 necin
1237 3723 1339 3802 carta,
1370 3733 1429 3781 nac

308 3821 343 3886 in
358 3820 469 3905 aliqua
484 3821 534 3889 sui
551 3829 645 3906 parta
659 3821 867 3906 aliquatenus
884 3823 1046 3909 viciatum,
1073 3824 1158 3910 quod
1174 3827 1272 3894 verbo
1287 3825 1333 3893 ad
1362 3843 1430 3894 ver·

308 3927 386 3996 bum
403 3929 609 4013 presentibus
625 3929 726 3997 inseri
742 3929 876 3998 fecimus
892 3931 926 3998 in
942 3931 1005 3998 hac
1019 3931 1142 4000 forma:

414 4033 453 4102 In
470 4035 600 4104 nomine
614 4039 675 4104 stb.
692 4037 774 4103 Belo
791 4038 853 4106 Dei
882 4038 996 4123 gracia
1026 4040 1096 4106 Rex
1127 4043 1190 4108 stb.
1222 4039 1432 4128 (korstkenilr

308 4143 391 4210 Bele
405 4141 514 4210 alskor
528 4143 635 4228 iljabb
652 4142 829 4229 kirtlynak
848 4145 983 4215 leae-ki
1000 4145 1237 4236 privilegiatus,
1265 4148 1350 4218 mint
1366 4151 1431 4217 len·

308 4252 385 4320 tebb
405 4255 476 4321 120.
493 4271 538 4320 sa.
559 4251 608 4338 a.)

414 4361 566 4428 Potentes
583 4359 749 4430 humiliter
766 4369 800 4429 et
815 4369 945 4444 attente,
962 4365 1434 4452 quatenusdignaremurillud

308 4465 416 4551 Reges,
427 4467 626 4535 auctoritatis
642 4468 792 4554 insigniis
809 4471 1009 4540 confirmare.
1049 4475 1116 4542 Nos
1133 4474 1236 4560 igitur
1250 4475 1348 4544 iustis
1379 4497 1432 4562 pe·

304 4573 439 4640 lentium
455 4573 624 4643 desideriis
640 4595 810 4646 assensum
824 4578 952 4650 facilem
968 4581 1169 4670 adhibentes,
1207 4582 1329 4654 dictum
1340 4586 1435 4672 privi-
