3208 5158
146 1156 332 1248 Ampe&
346 1155 574 1248 kdptalattnule
588 1156 860 1244 tisonpaepteede,
890 1159 975 1244 impp
993 1155 1115 1224 Timete
1142 1150 1280 1244 supertes·

146 1268 279 1354 pttspdk
294 1266 437 1356 Gerpely
454 1291 477 1333 a
490 1266 680 1332 kereeeteeek
704 1267 946 1332 resplenderunt
964 1264 1174 1354 joebeppcttet
1194 1267 1279 1354 πόρῃ

547 1373 673 1460 rzolpdt
688 1383 757 1439 vett.
785 1375 882 1442 1268.

224 1570 392 1639 (Tkelesies,
410 1571 532 1624 Menum.
551 1571 619 1624 hist.
639 1571 729 1637 Epise.
749 1571 945 1638 Zagrsbiensis
963 1573 985 1624 1.
1004 1571 1064 1624 ket.
1086 1576 1145 1624 137.
1164 1573 1195 1638 l.)

578 1857 846 1876 *anun-*m

675 2399 748 2474 418.

144 2598 174 2668 A
190 2598 328 2688 zdprdbi
343 2601 574 2689 kdptulannuk
589 2601 872 2692 bieonyedpleuele,
889 2599 971 2692 impij
987 2606 1157 2674 Juus'selau
1167 2601 1272 2674 Dimi-

138 2711 336 2808 'nutnakfiu
353 2713 385 2776 ds
410 2711 617 2780 erdettutrsai
641 2709 792 2798 dizonyee
808 2710 1021 2798 fetutimotet
1052 2714 1274 2814 Knezapolyai

491 2819 649 2888 Peumata
665 2819 805 2888 eludunt.
830 2820 928 2890 1268.

251 3015 438 3106 Capitulum
455 3013 687 3102 Zagrabiensis
702 3016 847 3086 Euelesie
863 3015 1013 3085 omuibus
1028 3035 1164 3105 presens
1194 3021 1272 3087 seri·

140 3129 233 3210 ptum
251 3125 447 3214 inspecturis
464 3126 602 3196 salutem
619 3123 653 3193 in
669 3125 818 3194 Domine.
856 3124 909 3191 Ad
934 3125 1158 3194 uniuersorum
1188 3128 1271 3194 neti·

140 3231 229 3298 eiam
257 3231 372 3300 herum
397 3232 482 3302 serie
512 3233 662 3302 uolumus
693 3233 896 3320 peruenire:
923 3231 1010 3317 qued
1042 3233 1206 3302 constituti
1237 3235 1270 3302 iu

139 3346 255 3406 nostre
271 3341 442 3426 presencia
453 3343 499 3410 ‘ab
515 3363 583 3410 nne
599 3348 691 3428 parte
706 3341 858 3410 Juniulee
874 3339 943 3408 filio
959 3339 1127 3422 Diminuk,
1152 3339 1270 3409 Wratk

140 3445 208 3514 lilio
226 3445 390 3537 Lubizlai,
421 3447 525 3517 Jeeuu
540 3449 608 3517 filio
625 3447 769 3536 Lubeeh,
799 3447 953 3516 Lubiulue
969 3449 1036 3516 filio
1053 3445 1200 3518 Gordese
1229 3449 1270 3516 de

139 3551 317 3641 Braehine,
335 3561 368 3622 et
384 3556 427 3623 eb
445 3555 553 3624 altera
567 3557 664 3622 Petro
679 3555 746 3622 filiu
762 3555 875 3623 Reduli
892 3554 932 3622 de
950 3555 1138 3642 Knesepolu
1148 3576 1157 3640 ;
1183 3555 1271 3624 idem

138 3660 311 3732 Juniulnus
327 3668 360 3730 et
376 3643 474 3730 ueteri
490 3663 530 3730 de
547 3669 642 3749 perte
657 3681 717 3730 sue
727 3663 888 3749 prenotati
899 3661 1064 3748 quendem
1074 3663 1272 3750 particulam

137 3779 226 3840 terre
244 3790 355 3839 eorum
369 3770 432 3837 site
448 3770 561 3838 subtus
577 3769 714 3857 Delum,
731 3769 917 3854 contiguam
927 3775 1013 3838 terre
1022 3772 1159 3856 predieti
1169 3773 1271 3858 Petri,

136 3877 284 3948 eeniessi
300 3885 375 3946 sunt
391 3895 428 3946 se
443 3877 633 3948 vendidisse
648 3877 797 3965 predicto
812 3878 918 3965 Petro,
950 3883 983 3947 et
1007 3898 1066 3964 per
1096 3898 1170 3947 eum
1202 3881 1271 3948 suis

135 3986 317 4055 heredibus
333 3985 556 4073 heredumque
572 3987 814 4056 suecessoribus
830 3985 900 4054 inre
924 3991 1080 4074 perpetuo
1105 3988 1270 4074 possiden·

138 4091 215 4162 dam
233 4112 293 4180 pre
310 4094 475 4178 quidecim
490 4094 600 4181 pensis
617 4094 821 4164 denariorum
838 4094 1117 4182 Zegrabiensium,
1134 4115 1269 4180 quorum

138 4201 273 4288 singule
288 4202 430 4288 quinque
446 4223 548 4290 pense
564 4224 708 4272 meream
724 4211 803 4272 tune
822 4203 976 4290 temperis
992 4202 1169 4294 ieeiebunt,
1187 4225 1269 4290 ques

135 4330 171 4378 se
190 4310 346 4378 dixerunt
361 4313 404 4380 ab
421 4310 533 4380 eedem
549 4314 696 4400 plenarie
721 4313 895 4400 recepisse.
932 4311 1043 4379 Prima
1073 4331 1151 4380 veru
1181 4319 1270 4380 mete

137 4424 222 4487 terre
237 4417 380 4505 uendite,
398 4419 482 4488 sieut
496 4425 608 4506 partes
623 4420 718 4487 uobis
733 4421 921 4506 retulerunt,
937 4417 1052 4506 incipit
1076 4419 1119 4486 ab
1145 4419 1271 4488 oriente

140 4527 273 4596 umetis
289 4533 376 4596 terre
391 4526 480 4596 Petri
495 4528 684 4616 supradicti,
717 4546 780 4613 que
804 4529 1016 4612 Kenesapola
1046 4531 1270 4616 nuncupatum

135 4633 212 4703 inde
228 4634 378 4726 procedit
394 4655 509 4708 verens
526 4637 683 4706 orientem
700 4636 791 4706 iuxta
807 4641 926 4705 terrem
942 4631 1090 4724 Reddam,
1105 4641 1137 4704 et
1153 4655 1269 4706 aseen-

959 4791 963 4794 -
1096 4741 1163 4818 et·
