3208 5158
674 255 830 355 „em-

184 441 429 542 lsgij'similiter
445 455 527 524 duas
542 463 647 525 metas
679 457 789 546 fuisse,
807 465 839 526 et
865 459 1026 542 quendam
1056 459 1196 526 riuulum
1227 459 1326 527 Reti·-

184 567 254 636 nuk
285 578 436 636 vocatum
469 566 632 651 egredere,
664 565 722 633 sed
752 587 811 650 per
841 573 967 652 partem
998 567 1172 636 aduersam
1187 574 1325 636 meatus

184 674 332 744 eiusdem
349 674 502 760 repletus,
518 679 551 741 et
566 675 672 741 dictas
689 681 793 742 metas
824 682 994 760 peraratas
1024 675 1125 744 fuisse
1155 674 1309 742 asseruis-

183 791 252 868 set,
277 781 343 870 ipsi
373 788 482 849 tamen
516 801 575 848 nec
606 781 653 848 ibi
668 782 781 866 aliqua
796 789 954 850 metarum
969 783 1111 868 vestigia
1127 789 1160 848 et
1174 781 1307 850 fluuium

184 889 410 976 egredientem
424 888 538 956 haberi
554 889 760 973 reperissent.
777 890 818 956 Et
849 890 970 957 abinde
1001 892 1085 958 bene
1117 888 1162 956 ad
1191 891 1316 956 iactum

183 999 278 1068 ruins
309 996 433 1084 lapidis
462 1003 667 1065 transeuntes
699 997 866 1066 venissent
897 998 940 1064 ad
968 997 1132 1084 quendam
1161 997 1310 1080 riuulum,

184 1125 280 1190 quem
311 1106 407 1173 ambe
438 1111 548 1191 partes
578 1105 718 1173 Rednulr
748 1107 869 1190 vocari,
898 1105 957 1174 sed
997 1107 1102 1175 dictus
1137 1105 1315 1174 Corrardus

184 1212 272 1280 hunc
302 1213 434 1280 fluuium
465 1211 616 1298 Rednuk,
640 1214 696 1297 qui
725 1214 761 1279 in
791 1215 970 1301 prescripto
1001 1215 1177 1301 priuilegio
1208 1212 1322 1298 signa·

186 1327 239 1386 tus
270 1318 450 1408 haberetur,
481 1340 560 1405 pars
590 1339 667 1385 vero
697 1320 839 1388 aduersa
868 1343 933 1388 non
963 1323 1066 1410 illum,
1106 1321 1165 1388 sed
1195 1319 1317 1386 dictum

186 1425 328 1494 Rednuk
367 1427 400 1492 in
440 1427 507 1492 alio
538 1427 608 1493 loco
638 1425 752 1494 haberi
782 1429 980 1497 contrariosa
1017 1428 1243 1514 allegassent3
1282 1429 1318 1493 in
1444 1421 1446 1425 ’

186 1553 249 1617 quo
289 1535 420 1618 quidem
453 1535 555 1602 riuulo
586 1533 754 1602 venissent
784 1536 827 1603 ad
857 1536 989 1605 fluuium
1020 1535 1132 1622 Sayou
1166 1532 1315 1622 supradi-

186 1647 295 1724 ctum;
345 1646 378 1710 et
416 1641 462 1708 ibi
509 1641 745 1710 demonstratio
787 1642 866 1710 dicti
904 1643 1056 1712 conardi
1095 1641 1318 1729 procuratoris

185 1751 292 1834 ipsius
306 1748 468 1817 iohannis
485 1749 635 1816 Litterati
651 1749 887 1818 terminaretur.
904 1751 967 1819 Vbi
983 1739 1103 1836 prefati
1133 1748 1306 1816 [ladislaus

187 1863 220 1923 et
235 1856 369 1923 Benhus
401 1875 441 1922 ac
456 1855 578 1924 Paulus
595 1855 676 1940 ipsis
696 1863 865 1925 curassent
884 1856 1064 1944 notificare,
1078 1857 1165 1940 qnod
1180 1877 1201 1921 a
1216 1854 1313 1922 dictis

186 1963 315 2032 duabus
331 1963 426 2030 metis
442 1963 476 2028 in
491 1963 669 2050 prescripto
686 1970 795 2032 monte
809 1965 993 2049 Augalicha
1008 1964 1129 2031 habitis
1145 1982 1247 2046 usque
1271 1961 1316 2028 ad

188 2071 311 2139 dictum
326 2069 459 2138 fluuium
475 2069 586 2156 Sayou
601 2091 665 2138 non
681 2071 775 2138 iuxta
790 2072 1026 2139 continenciam
1044 2069 1123 2138 dicti
1139 2067 1314 2156 priuilegij,

186 2178 246 2247 sed
262 2177 394 2246 omnino
411 2183 503 2244 extra
518 2185 663 2244 tenorem
690 2177 835 2247 eiusdem
851 2179 885 2245 in
915 2179 1023 2246 medio
1053 2186 1140 2245 terre
1170 2179 1318 2263 ipsorum

185 2283 386 2354 hereditarie
417 2283 521 2352 dictus
552 2283 731 2352 (tetrardus
756 2286 917 2372 prefatam
932 2285 1227 2354 reambulacionem
1243 2305 1316 2371 per·

186 2393 329 2478 fecisset,
345 2412 383 2460 ee
394 2392 480 2476 quod
497 2398 591 2479 mete,
608 2391 673 2476 via,
689 2394 780 2461 lucus
795 2400 828 2460 et
841 2396 965 2462 riuolus
974 2395 1158 2462 Rcdnnlrin
1168 2393 1319 2478 predicto

186 2499 361 2591 priuilegio
393 2498 565 2584 conscripti
591 2519 654 2565 non
669 2499 704 2564 in
720 2500 801 2584 ipsis
816 2499 936 2568 litteris
951 2501 1164 2587 pereundam
1187 2497 1318 2567 Corrat-

186 2609 265 2676 dum
284 2605 529 2694 demonstratis,
556 2605 614 2672 sed
630 2606 715 2671 alias
731 2606 935 2691 haberentur,
961 2614 994 2675 et
1010 2608 1098 2692 quod
1128 2608 1192 2694 ipsi
1222 2625 1321 2676 veras

187 2723 296 2785 metas
327 2712 431 2802 ipsius
461 2712 680 2800 possessionis
710 2713 796 2782 Kwn
815 2712 1039 2782 demonstrare
1055 2722 1164 2800 presto
1180 2714 1319 2785 fuissent

188 2823 366 2910 et·parati;
391 2830 423 2889 et
439 2820 559 2888 adhoc
585 2819 781 2908 faciendum,
798 2840 838 2886 ao
868 2821 912 2887 ad
943 2820 1140 2889 audiendum
1171 2824 1316 2908 ipsorum

186 2929 503 2999 demonstracionem
549 2927 764 3012 prescriptum
822 2927 1016 2996 Corrardum
1074 2937 1316 3014 procuratorem

184 3038 384 3108 incitassent
399 3044 431 3104 et
446 3035 647 3119 petiuissent.
677 3031 803 3113 Quibus
818 3035 981 3122 perceptis
1000 3033 1105 3103 dictus
1137 3036 1319 3104 Gorrardus

185 3151 381 3234 procurator
414 3164 455 3210 ex
471 3142 609 3210 aduerso
636 3143 822 3229 allegasset,
839 3142 927 3226 qnod
943 3143 972 3208 si
988 3139 1125 3228 predicti
1140 3141 1319 3212 Ladislaus

187 3263 221 3324 et
251 3253 387 3322 Benhus
418 3273 459 3319 ac
490 3251 614 3318 Paulus
644 3249 814 3318 euidentes
844 3259 948 3318 metas
978 3250 1064 3316 dicte
1103 3249 1320 3336 possessionis

185 3363 271 3432 Kwn
303 3361 397 3426 iuxta
427 3358 543 3426 seriem
576 3359 721 3427 eiusdem
751 3360 915 3446 priuilegij
942 3359 976 3426 in
991 3359 1067 3442 alijs
1082 3359 1163 3426 locis
1187 3359 1320 3426 demon·

186 3479 294 3539 strare
307 3468 473 3551 valerent,
499 3471 617 3533 extunc
648 3469 721 3552 ipse
748 3471 782 3534 in
809 3485 951 3552 persona
982 3467 1128 3562 eiusdem
1159 3466 1321 3536 Johannis

187 3575 340 3646 Litterati
373 3594 446 3641 cum
478 3575 579 3658 Regio
610 3578 642 3641 et
657 3573 734 3641 dicti
770 3573 913 3661 Capituli
945 3575 1131 3642 hominibus
1146 3595 1205 3662 pro
1221 3583 1318 3663 parte

188 3684 334 3754 eiusdem
359 3681 481 3750 ibidem
511 3679 662 3750 adductis
693 3684 833 3750 transire
864 3689 975 3769 presto
1009 3691 1096 3752 esset
1112 3689 1144 3750 et
1173 3691 1320 3768 paratus.

187 3795 230 3860 Et
262 3792 341 3875 quia
371 3790 544 3877 prescripti
559 3789 741 3872 Ladislaus,
766 3791 900 3858 Benhus
917 3798 949 3858 et
964 3787 1085 3858 Paulus
1101 3791 1161 3858 hoc
1175 3791 1318 3876 allegas-

187 3906 271 3986 sent,
283 3899 370 3984 quod
380 3899 444 3984 ipsi
454 3903 558 3966 metas
575 3897 720 3966 eiusdem
736 3897 953 3983 possessionis
969 3897 1056 3966 Kwn
1071 3899 1155 3966 tales
1172 3899 1321 3970 ostende·

190 4013 273 4094 rent,
291 4025 354 4090 que
370 4005 510 4074 forsitan
525 4005 616 4074 iuxta
633 4005 869 4074 continenciam
878 4005 982 4093 ipsius
997 4005 1159 4092 priuilegij
1176 4007 1322 4074 veriores

186 4123 220 4183 et
235 4114 463 4183 euidenoiores
479 4113 685 4203 haberentur,
700 4115 786 4184 idem
802 4114 907 4182 dictus
933 4113 1113 4181 Corrardus
1128 4113 1172 4180 ad
1202 4115 1318 4183 uiden·

182 4222 260 4290 dum
296 4222 592 4291 demontracionem
608 4223 710 4308 partis
726 4221 864 4290 aduerse
879 4223 942 4290 sibi
958 4221 1145 4306 ambiguam
1161 4223 1319 4290 accedere

185 4329 356 4399 noluisset.
391 4330 432 4396 Et
457 4331 535 4414 quia
565 4329 641 4397 talis
675 4330 848 4398 altercacio
880 4331 966 4396 inter
997 4336 1105 4416 partes
1133 4329 1215 4395 inibi
1245 4336 1320 4396 orta

187 4439 306 4507 fuisset
322 4462 330 4502 ε
346 4437 420 4505 ideo
451 4439 516 4522 ipsi
548 4458 609 4506 nec
641 4437 761 4506 dictam
803 4437 1092 4522 mensuracionem,
1125 4458 1185 4504 nec
1215 4437 1322 4506 eciam

186 4545 488 4633 possessionariam
504 4547 720 4616 statucienem
737 4547 821 4614 bono
837 4545 933 4615 modo
953 4545 1107 4630 perficere
1138 4545 1328 4628 potuissent.
