3208 5158
768 333 927 436 jer-

285 533 389 601 eunde
404 533 549 619 proxime
576 539 650 618 post
682 533 798 598 festum
830 533 923 600 Beati
954 534 1041 598 Luoe
1071 532 1290 617 Euangeliste
1323 556 1412 602 anno

284 643 415 710 Domini
431 641 605 707 millesimo
631 637 842 707 GOO⁰LXX⁰
873 641 972 708 tersio
1004 641 1192 726 preteritum
1225 644 1260 708 in
1292 642 1416 710 Nostre

285 747 481 817 Serenitatis
497 753 673 834 conspeetu
691 753 928 834 comparentes,
961 755 1075 815 eontra
1104 747 1279 817 Nicolaum
1312 751 1417 818 lilium

285 856 418 924 Habold
434 855 594 940 quasdam
611 857 740 922 litteras
757 854 902 940 Capituli
918 855 1066 922 Eeolesie
1099 857 1252 926 Aliensis
1284 859 1346 925 stb.
1379 858 1415 922 in

287 969 430 1032 nostrum
447 963 626 1032 eduxerant
642 969 850 1046 eouspeetum
882 963 1052 1048 habentes,
1083 965 1170 1048 qnod
1201 967 1236 1031 in
1268 965 1417 1050 personis

287 1075 431 1158 ipsorum
446 1070 588 1136 Palatini
604 1075 637 1136 et
651 1068 820 1156 Woyuode
832 1070 1032 1155 fratrumque
1042 1091 1150 1138 eornm
1162 1071 1281 1140 Nostre
1291 1073 1415 1138 dietum

288 1179 405 1247 inisset
420 1175 593 1263 Maiestati,
610 1175 696 1262 quod
711 1177 870 1244 Nieolans
886 1175 972 1242 tilius
983 1177 1113 1245 Nieolai
1125 1177 1166 1244 de
1178 1179 1311 1264 Habolt,
1328 1199 1416 1246 asse·

289 1307 363 1354 rens
376 1291 453 1378 jura
469 1305 530 1354 sua
544 1284 806 1372 possessionaria
822 1303 901 1368 erga
917 1287 1047 1352 eosdem
1064 1287 1259 1370 Palatinum,
1276 1287 1417 1374 Woyuo·

291 1396 378 1480 dam,
395 1401 427 1462 et
442 1393 559 1460 iratres
575 1393 720 1478 ipsorum
737 1391 888 1478 existere,
905 1393 1048 1460 obmissa
1064 1414 1197 1476 prorsus
1213 1393 1418 1461 consuetudi-

291 1503 383 1568 naria
398 1501 472 1586 lege
488 1499 591 1584 Regni
607 1499 709 1568 nostri
724 1501 766 1566 ab
783 1499 921 1583 antiqno
938 1507 1106 1586 samuelo,
1123 1520 1185 1569 nee
1199 1521 1264 1569 non
1286 1521 1416 1568 suorum

286 1610 419 1696 jurium,
436 1607 464 1675 si
481 1627 543 1692 que
559 1606 695 1674 haberet
710 1607 798 1673 eirea
815 1605 958 1694 easdem,
988 1608 1185 1674 exeeueione
1215 1615 1417 1693 postergata,

292 1717 391 1784 taeita
406 1715 544 1783 veritate
560 1725 592 1783 et
607 1722 762 1800 suggesta
782 1713 941 1799 salsitate,
958 1715 1186 1801 multiphariaa
1202 1715 1330 1783 litteras
1349 1737 1417 1802 pro·

293 1822 535 1906 testaeionales,
551 1821 786 1907 inquisitorias,
804 1821 1035 1908 prohibitorias
1053 1832 1085 1890 et
1108 1822 1349 1912 affirmatorias‚
1381 1845 1419 1890 ae

295 1932 380 1998 alias
392 1929 460 2017 juri
490 1931 635 2016 ipsorum
668 1929 925 2014 possessionario
957 1930 1190 2016 derogaremus,
1221 1932 1356 1998 silenter
1387 1938 1420 1999 et

296 2039 419 2106 merite
435 2044 547 2104 eontra
562 2037 651 2122 ipsos
667 2037 940 2105 emanarisaeere
971 2045 1186 2124 proeurasset,
1219 2047 1253 2106 et
1283 2045 1420 2125 protono

295 2153 493 2235 proeuraret
526 2145 619 2212 Vnde
635 2145 712 2230 quia
727 2167 786 2212 nos
803 2145 845 2214 de
876 2145 998 2212 talibus
1030 2145 1151 2212 dolosis
1182 2153 1214 2214 et
1245 2146 1419 2212 eautelosis

296 2256 397 2340 gestis
414 2263 446 2322 et
460 2251 580 2338 iniquis
595 2252 808 2338 processibus,
832 2275 873 2322 ne
898 2272 955 2340 per
985 2253 1047 2320 hoe
1078 2253 1152 2320 iura
1184 2253 1419 2338 regnicolamm

295 2371 474 2430 nostrornm
491 2360 751 2446 possessionaria
768 2363 802 2428 in
820 2361 966 2429 futurum
982 2361 1157 2446 periclitari
1184 2361 1420 2444 eontingerent,

296 2471 512 2538 voluissemus
529 2485 609 2533 sane
624 2467 796 2552 inuigilare
809 2493 817 2554 3
842 2468 918 2536 ideo
933 2469 1030 2535 nobis
1045 2467 1319 2536 committentibus
1335 2467 1421 2535 idem

296 2577 453 2644 Nieolans
468 2575 552 2642 filins
568 2573 694 2642 Nieolai
712 2575 796 2642 teria
812 2582 936 2660 quarta
952 2577 1100 2662 proxima
1128 2581 1202 2662 post
1227 2575 1423 2642 dominioam

298 2683 515 2752 Reminisoere
531 2681 676 2768 proxime
691 2690 768 2749 tuno
794 2685 982 2769 preteritum
1014 2704 1072 2768 per
1103 2690 1249 2752 nostrum
1281 2691 1313 2748 et
1344 2683 1422 2749 dieti

298 2789 441 2876 Capituli
457 2791 604 2857 homines
619 2789 652 2854 in
670 2791 876 2874 possessione
892 2811 953 2857 sua
969 2789 1081 2856 Bodon
1100 2797 1215 2858 vocata
1246 2810 1318 2857 enm
1353 2791 1422 2858 vni-

300 2898 402 2966 uersis
419 2897 611 2965 litteralibus
628 2895 696 2962 suis
712 2895 936 2963 instrumentis
952 2917 1010 2964 seu
1027 2895 1243 2984 munimentis,
1260 2899 1289 2965 si
1306 2917 1369 2983 que
1390 2898 1425 2963 in

298 3007 382 3075 dieto
395 3007 515 3093 Jnrinm
532 3025 661 3074 suornm
677 3005 1020 3090 possessionariorum,
1037 3025 1099 3089 que
1116 3025 1194 3090 erga
1211 3007 1300 3092 ipsos
1328 3006 1420 3072 Pala·

298 3119 410 3198 tinum,
425 3112 641 3198 Woynodam,
657 3111 841 3198 fratresque
858 3133 967 3180 eorum
986 3131 1058 3182 esse
1084 3113 1260 3201 allegerat,
1292 3114 1429 3181 baberet

298 3221 454 3306 eonieeta,
486 3227 599 3287 eontra
615 3218 745 3286 eosdem
762 3219 805 3285 ad
822 3228 955 3288 oetauas
972 3219 1036 3287 (liei
1054 3221 1152 3305 medij
1170 3220 1424 3306 quadragesime

299 3339 376 3397 tuno
392 3328 432 3396 de
447 3348 532 3395 nouo
550 3329 732 3414 preteritas,
749 3328 822 3394 sine
838 3327 1075 3396 crastinaeione
1091 3327 1124 3393 in
1151 3327 1335 3414 Speeialem
1360 3327 1426 3394 No·

299 3446 367 3504 stre
382 3435 566 3502 Maiestatis
583 3435 788 3504 Presenoiam
806 3443 958 3502 euoeatns
974 3435 1136 3502 extitisset
1152 3438 1233 3522 stb.;
1259 3436 1336 3518 qnia
1362 3437 1425 3501 stb.

300 3543 414 3611 eadem
430 3564 531 3611 eausa
562 3541 647 3610 int'er
679 3551 790 3627 partes
823 3541 1038 3610 diuersimode
1066 3543 1228 3611 ventilata
1260 3551 1428 3628 presentes

302 3657 437 3717 ootauas
452 3647 527 3716 festi
543 3647 788 3716 Purifieaeionis
804 3648 904 3715 Beate
921 3648 1065 3732 Virginis
1081 3649 1177 3716 modo
1193 3649 1345 3718 dilatoris
1355 3652 1431 3716 atti·

302 3759 421 3841 gisset3
445 3755 587 3842 denique
602 3755 684 3842 ipsis
701 3755 826 3822 oetanis
842 3755 1049 3842 instantibus,
1081 3757 1276 3842 interimque
1301 3756 1429 3842 prefato

302 3864 451 3932 limerieo
466 3864 629 3948 Palatino,
656 3869 690 3929 et
706 3861 873 3947 Stephano
890 3862 956 3929 lilio
972 3862 1063 3928 Petri
1080 3865 1121 3930 de
1147 3864 1255 3933 medio
1287 3863 1428 3931 sublatis

303 3972 364 4039 stb.
381 3973 486 4058 primo
502 3969 684 4054 prelibatus
701 3968 888 4053 Stephanus
904 3969 1078 4054 Woyuoda
1093 3971 1156 4036 tria
1173 3970 1348 4057 priuilegia
1364 3971 1425 4036 stb.

303 4087 414 4146 nostro
431 4077 539 4145 offerri
556 4077 683 4144 errauit
699 4076 839 4142 examini
850 4077 1027 4162 Judieiario
1043 4078 1106 4146 stb.
1117 4077 1264 4146 Tandem
1283 4085 1433 4165 prenota-

304 4207 360 4254 sus
376 4186 529 4254 Nieolaus
545 4185 631 4252 tilius
647 4185 777 4253 Nieolai
793 4189 864 4252 oeto
881 4185 1056 4272 priuilegia
1074 4188 1138 4254 stb.
1156 4186 1253 4253 simul
1269 4206 1342 4252 eum
1359 4184 1434 4268 alijs
1527 4185 1539 4196 “

307 4293 425 4379 viginti
441 4291 572 4360 duabus
588 4293 707 4361 litteris
723 4296 784 4361 stb.
804 4288 947 4362 nostrum
974 4295 1126 4380 produxit
1153 4295 1186 4359 in
1217 4299 1435 4378 eonspeotum.

307 4403 450 4480 Quorum
484 4401 615 4485 quidem
646 4401 893 4488 priuilegiorum
924 4403 1062 4490 primum
1093 4403 1155 4470 stb.
1213 4403 1323 4468 'I'enor
1351 4400 1436 4467 enim

316 4509 412 4576 vuius
428 4507 584 4575 (lietornm
602 4507 847 4593 priuilegiorum
864 4509 1007 4595 ipsorum
1023 4511 1058 4578 P.
1076 4509 1227 4596 Episeopi
1242 4517 1275 4577 et
1289 4509 1327 4577 R.
1353 4508 1438 4576 Baui

327 4637 415 4684 anno
431 4615 563 4684 Domini
579 4615 777 4684 M⁰OO⁰LX⁰
792 4623 908 4706 quarto
923 4618 1063 4686 eonfeoti
1078 4638 1137 4710 per
1146 4617 1274 4686 eosdem
1301 4617 1436 4706 Episeo·
