3208 5158
658 331 818 430 Q

175 526 303 591 tritura.
328 524 409 590 Item
426 524 514 590 ultra
529 529 727 593 voluntatem
744 546 853 592 eorum
871 543 929 608 per
946 523 1105 590 Comitem
1122 521 1164 589 ad
1184 523 1304 590 exerci-

172 639 242 698 tum
261 631 391 700 irenen
408 638 591 716 cogantur:
608 633 670 699 nisi
689 635 723 699 in
740 633 881 700 exercitu
899 633 996 716 Regis
1014 633 1072 696 sub
1091 630 1215 696 vexillo
1231 651 1300 714 suo,

174 741 227 805 vel
246 760 288 805 ex
304 739 459 806 mandato
475 739 620 806 eiusdem
637 741 783 826 speciali.
808 742 890 806 Item
907 737 1044 802 Villious
1060 756 1167 802 eorum
1185 737 1219 802 in
1245 739 1303 802 mi·

173 848 261 913 nutis
278 847 385 913 causis
402 847 491 930 ipsos
503 847 679 934 judicabit,
696 855 728 916 et
744 849 878 914 terciam
896 851 1017 932 partem
1030 843 1228 928 judiciorum
1239 844 1302 911 sibi

171 955 330 1040 seruabit‚
347 963 378 1020 et
394 955 459 1020 alie
475 954 537 1022 dne
553 965 665 1041 partes
682 955 799 1023 Comiti
817 977 927 1022 eorum
955 952 1178 1020 remanebunt.
1218 953 1301 1018 Item

173 1062 291 1128 Comiti
307 1063 349 1128 de
364 1062 490 1146 Segusd
508 1065 608 1130 semel
624 1064 657 1130 in
672 1085 761 1130 auno
778 1063 950 1148 prandium
967 1069 1000 1128 et
1016 1081 1130 1128 oenum
1147 1065 1302 1127 tenentur

170 1171 421 1250 amministrare,
440 1179 535 1254 prout
553 1172 609 1254 alij
638 1173 785 1238 eiusdem
812 1170 1015 1238 condicionis
1047 1169 1299 1234 amministrant.

171 1277 252 1343 Item
269 1295 329 1361 pro
345 1279 489 1344 nouitate
501 1278 633 1345 Comitis
651 1287 800 1346 tenentur
816 1279 897 1345 dare
915 1279 994 1344 duos
1011 1276 1161 1343 denarios
1179 1275 1220 1340 de
1236 1275 1300 1338 siu-

171 1387 255 1470 gulis
274 1386 494 1454 mansionibus
511 1389 690 1454 annuatim.
707 1390 787 1452 Item
805 1389 905 1453 semel
923 1385 955 1452 iu
974 1406 1059 1451 anno
1076 1383 1300 1464 Regimunera

172 1497 251 1560 dare
268 1500 436 1575 tenentum
462 1501 493 1560 et
509 1497 665 1580 pabulum
683 1493 769 1580 quod
785 1497 882 1579 uulgo
899 1493 1020 1559 dieitur
1035 1491 1169 1559 vamzob
1187 1488 1228 1554 ad
1246 1489 1298 1554 cli-

172 1605 254 1670 cium
273 1610 405 1686 portare
421 1624 479 1669 suo
496 1605 591 1670 modo
608 1604 856 1689 compellantur.
896 1604 978 1668 Item
996 1622 1052 1687 pro
1069 1597 1298 1686 purificaeione

171 1711 365 1780 sacramenti
385 1709 466 1777 duos
484 1711 635 1778 denarios
652 1713 779 1779 soluere
795 1713 999 1777 tenebuntur.
1035 1709 1077 1774 Vt
1108 1709 1207 1792 igitur
1237 1705 1298 1770 hee

170 1825 282 1886 nostra
300 1819 465 1886 ordinacio
482 1827 637 1905 perpetue
652 1820 813 1888 firmitatis
830 1819 929 1886 robur
946 1818 1099 1900 obtineat,
1118 1835 1179 1880 nec
1194 1813 1298 1900 possit

169 1931 384 2009 inposterum
418 1947 476 2009 per
508 1927 632 2010 aliquos
664 1928 795 2010 irritari,
821 1933 987 2012 presentes
1020 1925 1142 1990 litteras
1174 1919 1295 1986 eisdem

169 2033 352 2119 hospitibus
370 2039 587 2100 concessimus
604 2035 742 2120 duplicis
758 2034 860 2119 sigilli
877 2033 981 2100 nostri
999 2031 1174 2096 munimine
1185 2049 1296 2114 peren-

169 2142 256 2206 niter
272 2140 453 2207 roboratas.
494 2144 614 2207 Datum
631 2161 717 2207 anno
733 2141 865 2207 Domini
881 2139 1050 2206 millesimo
1076 2136 1294 2202 ducentesimo

169 2248 239 2314 LX.
255 2257 382 2330 quarto,
398 2249 509 2332 quinto
526 2250 600 2315 idus
616 2249 827 2334 Septembris,
845 2246 948 2331 Regni
965 2251 1074 2312 autem
1089 2244 1191 2312 nostri
1207 2264 1293 2312 anno

169 2359 245 2422 XX.
263 2362 390 2423 octauo.

168 2555 212 2616 (V.
234 2556 334 2605 Istvan
361 2556 512 2619 leiustlynalr
543 2557 653 2605 raro-ki
681 2555 847 2622 megerbslttt
879 2554 1133 2619 privilegiumtbtl,
1165 2569 1182 2602 a
1211 2551 1296 2602 budai

168 2646 221 2694 kir.
240 2645 371 2696 kamarai
398 2645 578 2696 leveltarban.
612 2646 690 2696 Tbbb
722 2650 865 2696 nevezetes
892 2645 1008 2696 hibtual
1037 2645 1140 2695 kiadva
1170 2641 1297 2709 Fejerntl

478 2733 700 2800 uod.ntp1.1v.
720 2737 778 2785 ket.
800 2739 823 2784 5.
843 2751 865 2786 r.
886 2739 946 2786 201.
967 2735 997 2797 l.)

598 3023 865 3034 ψ..

660 3684 662 3688 .
693 3595 767 3664 suo.

165 3793 227 3860 IV.
246 3797 332 3862 Belo
348 3796 529 3879 kirdlyuok
545 3797 708 3861 titulatos
724 3796 811 3860 tiras·
828 3798 981 3863 [celred
991 3821 1089 3864 comes
1099 3797 1294 3885 aolamepyoi

423 3904 589 3969 hirtuleius
607 3907 701 3968 atace
718 3906 927 3972 iate'zkednele.
943 3907 1038 3974 1264.

271 4099 340 4165 Nos
357 4097 539 4165 Lodouieus
556 4100 616 4164 Dei
634 4099 747 4188 gracia
764 4101 944 4188 Hungarie,
960 4100 1103 4188 Polonie,
1122 4103 1291 4170 Dalmaeie

158 4208 221 4274 stb.
239 4209 310 4272 Rex
327 4209 389 4272 stb.
406 4207 492 4290 quod
508 4207 569 4272 viri
585 4207 751 4291 Magnifici
768 4208 936 4274 Emerious
962 4211 1132 4276 Palatinus
1158 4217 1191 4275 et
1221 4210 1291 4276 Ste-

159 4315 289 4398 phanus
306 4313 477 4397 Woyucda
495 4316 733 4381 Transiluanus
751 4314 863 4381 fideles
879 4316 980 4382 nostri
998 4325 1029 4381 et
1047 4317 1157 4383 dlleoti
1184 4339 1290 4402 perso·

157 4421 276 4488 naliter
293 4421 386 4484 iuxta
403 4421 639 4486 continenciam
658 4423 837 4488 litterarum
857 4422 991 4489 Comitis
1018 4425 1148 4510 Capella
1179 4433 1288 4492 nostre

158 4528 422 4592 euocatoriarum
439 4527 632 4614 simplicium
650 4531 757 4614 ipsam
790 4531 1017 4597 euocacionem
1050 4533 1083 4597 in
1115 4533 1287 4619 Wisegrad
1381 4617 1385 4624 ¹

160 4635 244 4702 lucie
260 4633 305 4698 ad
323 4633 438 4700 faciem
455 4635 574 4702 saetam
593 4637 661 4702 sore
678 4637 906 4704 denotanclum
924 4641 1022 4706 tercio
1049 4640 1101 4706 elic
1131 4643 1209 4708 ferio
1241 4663 1287 4712 se·
