3098 5132
602 299 757 398 m..

127 491 266 574 uolumus,
284 491 375 573 quod
392 498 510 558 terram
526 492 621 578 ane,
640 512 735 576 quarn
753 515 773 558 a
790 491 904 560 Castro
921 491 1130 578 supruniensi
1149 512 1238 560 rece·

127 605 203 683 ptam
219 616 288 662 cum
306 599 437 682 populis
452 619 549 684 super
566 620 637 665 eam
655 599 938 684 commorantibus,
957 599 1052 666 sitam
1069 601 1103 666 in
1129 603 1236 667 Raba-

127 726 184 791 ειη,
199 705 292 771 Petro
308 705 473 792 Episcopo
488 705 664 773 Jawriensi
690 707 775 774 bone
800 707 954 774 memorie
985 707 1237 793 contuleramus,

128 834 179 896 que
193 813 392 898 postmodum
410 835 429 880 a
446 813 563 882 Oosrna
580 833 765 882 successore
781 834 840 882 suo
858 815 1001 882 alienata
1018 814 1136 901 suerat,
1152 836 1238 883 nunc

130 919 250 986 eandem
267 941 339 986 curn
356 929 468 989 nostro
484 923 685 1006 beneplacito
703 943 762 1008 per
776 923 900 1009 priores
917 931 948 990 et
961 925 1111 1007 antiquas
1123 931 1236 1009 metas,

129 1027 230 1111 quibus
245 1035 342 1094 autea
358 1035 480 1096 metata
495 1030 612 1114 fuerat,
629 1031 670 1096 ad
688 1051 799 1116 preces
816 1037 847 1096 et
856 1031 1030 1097 instantem
1043 1033 1236 1116 peticionem

129 1137 227 1202 dilecti
241 1143 274 1203 et
288 1137 395 1204 fidelis
410 1139 512 1204 nostri
529 1137 677 1223 Gregorij
695 1139 890 1208 Jawriensis
906 1141 1061 1226 Episcopi
1077 1160 1135 1224 per
1162 1139 1236 1206 lide·

130 1245 185 1310 lem
200 1251 339 1312 nostrum
358 1246 516 1314 Comitem
534 1245 591 1316 Osl
608 1247 706 1312 tilium
723 1245 780 1314 Osl
797 1246 931 1314 Comitis
947 1247 1093 1332 Ecolcsje
1118 1248 1237 1314 Sancte

130 1352 226 1435 llarie,
243 1351 281 1418 de
297 1373 373 1438 qna,
391 1355 475 1421 sicut
490 1354 691 1441 prediximus
707 1355 873 1422 subtracta
898 1354 1016 1441 fuerat,
1042 1354 1243 1422 restituimus

133 1461 355 1546 possidendam.
381 1464 424 1528 Et
439 1482 481 1529 ne
498 1462 631 1530 fortuitu
661 1464 702 1529 ab
729 1462 840 1529 eadem
873 1463 1020 1530 Ecclesia
1051 1464 1124 1550 ipsa
1155 1472 1242 1530 terra

134 1569 223 1651 possit
238 1569 290 1636 uel
307 1567 426 1636 debeat
450 1569 599 1657 alienari,
623 1579 805 1656 presentem
838 1569 1056 1638 concessimus
1085 1571 1239 1660 paginam

133 1675 219 1758 sigilli
234 1679 334 1743 nostri
350 1678 529 1744 munimine
544 1680 578 1744 in
595 1685 789 1763 perpetuum
804 1679 999 1745 roboratam.
1038 1679 1159 1746 Datum
1186 1698 1243 1764 per

133 1803 230 1849 nanus
245 1785 395 1870 Magistri
410 1784 566 1873 Stephani
582 1785 704 1853 domini
721 1787 814 1870 Pape
829 1785 1029 1853 Subdiaconi
1045 1787 1120 1854 aule
1132 1793 1243 1853 nostre

133 1891 310 1976 Cancellarij
339 1913 426 1959 anno
452 1894 495 1960 ab
519 1893 752 1960 lucarnacione
786 1893 916 1960 Domini
946 1893 1244 1961 credundum.

23 2033 25 2096 ᾗ
133 2001 304 2070 Venerabili
318 2002 444 2070 Thema
460 2003 685 2089 Strigoniensi,
702 2005 893 2072 Reuerendo
910 2004 1031 2088 Vgrino
1058 2003 1243 2070 Collocensi

23 2161 24 2168 ,
133 2109 381 2196 archiepiscopis
398 2111 622 2200 existentibus,
648 2112 821 2180 Desiderio
848 2111 1076 2196 Chenadieusi‚
1102 2111 1243 2176 Roberto

22 2283 23 2300 χ
133 2215 375 2302 Wesprimiensi‚
393 2219 561 2306 Stephano
578 2220 804 2306 Zagrabiensi‚
821 2199 1009 2286 Alexandro
1026 2215 1242 2302 Waradiensi,

22 2333 23 2408 ζ
131 2321 341 2390 Bartholomeo
366 2324 714 2410 Quinqueeeclesiensi,
742 2325 869 2392 Briccio
895 2324 1070 2409 Waciensi,
1095 2323 1242 2390 Renaldo

21 2479 23 2508 J
130 2427 331 2498 Transiluano
343 2433 513 2519 Episcopis
524 2433 736 2500 existentibus
747 2438 779 2500 et
789 2433 952 2500 Ecclesiae
963 2432 1026 2498 Dei
1037 2431 1174 2498 feliciter
1186 2450 1242 2514 gu-

21 2519 23 2628 ζ
131 2537 345 2622 hernantibns3
363 2538 439 2605 Jutu
454 2539 605 2606 Palatino
618 2549 650 2607 et
660 2541 785 2608 Gemite
793 2539 987 2606 Bruduiensi
998 2535 1096 2626 (lgy),
1106 2537 1242 2604 Nicolao

21 2645 22 2686 ³
131 2643 237 2711 Curiati
252 2647 376 2712 Comite
392 2647 518 2732 Regine
535 2655 567 2714 et
582 2647 705 2715 Gemite
716 2646 940 2734 Supruniensi,
956 2646 1130 2714 Salomone
1140 2647 1240 2728 Bono,

21 2799 22 2820 1
131 2751 271 2820 Ludinlao
288 2755 411 2820 Onniali
428 2755 552 2822 Gemite
568 2761 679 2822 nostro
696 2763 728 2821 et
744 2756 869 2823 Gemite
895 2753 1098 2842 Bekesiensi,
1124 2755 1239 2820 Deme·

21 2863 22 2946 ss
130 2860 184 2926 trio
197 2862 352 2946 Magistro
377 2862 616 2950 Dapiferorum,
648 2863 807 2948 Dyonisio
831 2864 987 2949 Magistro
1015 2862 1242 2930 Thawarnico-

21 3005 23 3054 μ
131 2987 198 3054 rum,
214 2970 372 3056 Dyonisio
388 2971 456 3037 filio
481 2971 630 3057 Dyonisij
657 2971 814 3055 Magistro
839 2971 1039 3054 Agermum,
1067 2975 1098 3038 et
1124 2970 1240 3036 ceteris

21 3081 22 3102 ¹
130 3079 378 3162 quamplurimis
402 3079 612 3164 Magistratus
638 3085 670 3144 et
694 3079 874 3146 Comitatus
905 3077 1100 3164 tenentibus,
1133 3077 1238 3160 Regni

21 3225 22 3266 ;
130 3185 217 3250 nostri
234 3187 387 3254 vicesimo
402 3188 519 3273 primo.
847 3179 853 3194 '

131 3379 159 3438 (Δ
176 3385 371 3445 pannouhslmi
391 3385 570 3436 ltonventnek
592 3385 704 3436 reor-ki
723 3346 885 3448 ritiratribdl‚
911 3385 986 3448 mely
1017 3401 1034 3435 a
1064 3382 1150 3434 budai
1184 3383 1237 3434 kir.

433 3475 560 3527 kamaraci
579 3476 754 3528 levelcarbsn
773 3477 927 3540 driztctilr.)
