3120 5148
818 271 979 371 „Ei-

332 470 425 556 liget,
443 467 534 536 duoit
548 465 591 533 ad
608 467 773 552 quandam
790 464 969 548 fossatnm3
994 462 1111 530 transit
1127 463 1230 548 illam,
1247 472 1281 531 et
1304 485 1363 550 ρετ
1388 483 1468 533 ean-
1542 459 1543 522 ἒ

332 577 405 644 dem
422 575 510 642 uiam
526 573 676 662 procedit
690 573 940 659 aliquantulum,
957 580 989 638 et
1005 571 1061 638 ria
1078 572 1405 642 derelictatendendo
1420 575 1467 646 ad

333 681 499 752 sinistram
514 679 663 768 peruenit
679 681 722 747 ad
737 680 871 748 fluuium
886 679 1013 765 Sueoa;
1038 685 1071 746 at
1086 699 1146 766 ρετ
1163 680 1302 746 eundem
1326 681 1460 750 fluuium
1542 719 1543 722 ¹

332 792 440 860 tendit
456 790 592 859 inferius
608 790 653 856 ad
669 809 769 857 unum
783 807 909 874 nemus,
926 786 1012 870 quod
1031 784 1148 852 dieitur
1162 787 1350 874 Lipounuo;
1375 798 1410 858 et
1425 791 1472 858 de

333 898 505 987 Lipounue
521 897 633 983 inoipit
649 905 759 964 tenere
775 903 894 964 metam
912 914 984 961 eum
1003 895 1084 963 nilla
1099 895 1228 981 Svslan,
1246 901 1279 962 et
1294 896 1385 962 uadit
1413 919 1464 965 ns·

198 1085 202 1090 ¹
334 1027 396 1092 qne
413 1007 457 1076 ad
473 1025 608 1092 namus;
632 1025 695 1090 quo
712 1023 842 1072 nemore
858 1005 995 1070 transito
1013 1021 1073 1088 ρετ
1088 1000 1228 1069 medium
1246 1003 1352 1070 tendit
1368 1025 1465 1091 supe
1542 1083 1543 1088 ἵ

333 1116 414 1204 rius,
432 1121 464 1183 et
480 1136 537 1202 ρετ
553 1121 656 1182 motas
672 1112 713 1180 de
729 1121 816 1180 tarra
832 1107 1048 1198 proaedendu
1080 1109 1213 1176 sinistra
1243 1118 1336 1194 parte
1367 1113 1465 1197 perti-

335 1229 430 1290 nente
446 1221 617 1291 advillam
634 1221 674 1288 de
690 1219 819 1303 Susian,
851 1217 938 1303 quod
969 1225 1019 1284 est
1050 1217 1094 1284 ad
1128 1217 1275 1287 dextram
1305 1224 1355 1285 est
1385 1219 1465 1285 dieti

334 1331 458 1398 Thema
475 1329 611 1398 Comitis
626 1348 728 1413 usque
745 1327 787 1394 ad
802 1327 939 1414 primam
958 1333 1090 1394 metam.
1127 1325 1216 1392 Inter
1232 1325 1336 1392 dietas
1353 1332 1467 1394 tamen
1542 1351 1543 1396 1

336 1447 439 1506 metas
456 1444 531 1506 sunt
547 1438 647 1504 multe
663 1437 728 1503 alie
744 1443 828 1503 meta
844 1435 887 1502 de
902 1440 988 1502 terra
1013 1441 1046 1501 et
1077 1452 1174 1518 super
1205 1434 1347 1522 arbores,
1381 1455 1466 1518 quas

336 1565 469 1614 neeesse
485 1565 550 1612 nou
565 1553 617 1612 est
632 1545 811 1612 nominare.
851 1543 970 1610 Verum
995 1541 1074 1628 quia
1104 1541 1266 1628 presentis
1297 1541 1464 1627 priuilegij

336 1654 437 1721 series
453 1653 571 1740 prioris
585 1652 687 1737 sigilli
703 1653 805 1719 nostri
820 1651 1011 1736 munimine,
1028 1649 1158 1733 quadiu
1169 1648 1468 1733 eooisionellegine
1542 1715 1543 1722 ,

340 1761 509 1828 Gertrudis
526 1767 633 1827 nostre
649 1760 858 1828 dilectissime
874 1759 1022 1843 coniugis
1039 1757 1099 1825 luit
1115 1759 1328 1844 deperditum,
1360 1761 1468 1827 oonsi-

341 1875 443 1954 gnatu
459 1868 581 1953 luerat3
607 1876 790 1954 presentem
807 1867 963 1954 paginam
980 1867 1201 1934 renouandam
1228 1869 1297 1936 lore
1328 1868 1465 1952 dignum

339 1975 499 2061 duximus,
516 1983 548 2044 et
562 1977 627 2045 alio
644 1976 763 2062 sigillo,
780 1975 865 2060 quod
881 1981 996 2043 eontra
1011 1973 1091 2042 falso
1107 1975 1330 2043 eauillaeionis
1345 1977 1468 2044 deleni-

339 2092 432 2171 tates,
451 2105 513 2170 oue
529 2093 663 2172 possent
679 2085 837 2172 aeoidere,
854 2084 963 2170 parari
981 2082 1126 2168 lenimus,
1148 2091 1183 2151 ut
1208 2084 1297 2151 faeta
1323 2103 1380 2170 ρετ
1405 2103 1469 2152 nos

340 2195 484 2280 prediete
499 2202 584 2261 terre
598 2194 707 2262 Bonan
732 2192 870 2260 donaoio
901 2200 969 2258 tam
1000 2193 1121 2260 uostris
1154 2211 1250 2276 qnam
1281 2200 1467 2260 nestrorum
1542 2237 1543 2248 τ

337 2321 555 2370 suceessorum
572 2302 771 2386 temporibus
788 2303 880 2367 firma
895 2319 1022 2386 semper
1047 2305 1080 2366 at
1109 2299 1361 2367 inretraotabilis
1393 2322 1476 2386 per·

294 2493 299 2502 1
338 2417 494 2488 maneret,
513 2409 547 2474 in
564 2415 755 2492 perpetuum
771 2409 1005 2476 roborabimus.
1045 2409 1250 2474 Renouatum
1266 2427 1327 2493 ρετ
1350 2426 1470 2477 manus

340 2515 465 2581 Thone
479 2515 631 2582 Albensis
647 2515 806 2600 Propositi
824 2521 856 2582 et
871 2515 948 2582 aule
963 2515 1063 2600 Regis
1079 2511 1286 2600 Oanoellarij,
1318 2535 1407 2582 anno
1426 2521 1471 2586 ab

339 2623 577 2692 Ineernaoione
591 2622 722 2690 Domini
738 2621 841 2690 M⁰OO
848 2623 937 2690 ⁰XVI
945 2635 963 2689 ⁰.
1002 2622 1191 2690 Venerabili
1206 2625 1230 2692 J
1232 2622 1361 2690 olranne
1385 2626 1473 2692 Stri-

341 2731 502 2817 goniensi,
518 2731 710 2798 Reuerendo
726 2730 902 2798 Bettholdo
919 2730 1088 2798 Goloeeusi
1111 2729 1374 2817 Arubiepisoopis
1400 2733 1473 2800 exi·

339 2839 507 2906 stentibus.
542 2841 665 2907 (lalana
697 2838 1048 2926 Quinqueaeelasiensi,
1081 2837 1274 2924 cathapano
1304 2837 1472 2927 Agrlensi‚

340 2943 510 3013 Desiderio
528 2946 756 3033 Gbenudiausi,
773 2945 915 3032 Symoue
930 2943 1150 3034 waradiensi,
1168 2945 1330 3012 Willelmo
1345 2947 1472 3014 uram-

339 3055 531 3135 elnonensi,
547 3055 645 3122 Petro
660 3053 842 3141 Govriensi,
867 3055 1008 3121 lieberto
1035 3052 1294 3140 Wesprimiensi,
1326 3061 1359 3122 et
1389 3055 1474 3140 alijs

341 3161 510 3249 llpisoopis
526 3164 689 3231 Ecclesias
722 3163 860 3231 lalioiter·
889 3164 1154 3246 gubernantibus.
1193 3162 1271 3229 Jvla
1301 3160 1475 3250 Palatino,

338 3269 447 3339 Pensa
463 3273 563 3356 Bane,
580 3271 739 3359 Dyonisio
755 3273 913 3356 Magistro
929 3272 1195 3339 'lawarnioorum
1210 3279 1242 3336 et
1258 3270 1343 3338 Noni
1359 3269 1475 3338 (lustri

340 3374 486 3462 Gemite,
525 3380 635 3448 Oebuz
667 3380 790 3447 Cunall
823 3378 948 3447 Gemite
978 3378 1204 3462 existentibus,
1231 3376 1336 3462 Regni
1366 3379 1482 3444 noemi.

339 3505 424 3555 anuo
442 3488 535 3554 XII0.

340 3683 483 3744 (Ετεᾱειτε
501 3684 686 3748 borhtrtysn,
708 3700 725 3736 a
737 3686 986 3753 ktlr-srlrgsuo'rbs
998 3685 1236 3750 selyemusinbron
1248 3686 1366 3750 ttiggbtt
1377 3686 1479 3748 penset

340 3776 489 3837 elvsszett3
521 3775 642 3825 abudei
660 3776 713 3826 lrir.
734 3777 862 3828 kamarai
890 3776 1073 3828 levelttrbsn.
1104 3777 1146 3826 Az
1178 3775 1359 3838 olrmrlnynalr
1391 3777 1483 3826 resno

340 3863 444 3914 kiatlva
461 3864 591 3929 Fejernel
611 3861 675 3916 (lod.
694 3863 770 3930 Dipl.
790 3864 854 3918 VII.
874 3867 934 3917 ret.
955 3871 978 3916 2.
998 3881 1020 3916 r.
1042 3868 1103 3918 4⁷5.
1117 3867 1136 3916 1.
1166 3867 1199 3917 V.
1220 3867 1245 3916 ὅ.
1266 3879 1292 3914 u.
1313 3879 1337 3914 0.
1358 3867 1424 3914 464.
1446 3866 1486 3929 l.)

771 4151 1039 4167 auu—*a-
