3164 5154
828 353 850 416 4

761 438 920 452 ———-

277 549 458 613 continetur
475 546 667 614 constitucio
683 553 715 612 et
730 545 898 612 ordinacio
916 543 956 612 de
973 545 1106 612 decimis
1123 538 1309 632 Monosterij
1328 547 1409 613 San·

259 650 322 722 'cti
339 655 470 722 Martini
487 653 622 740 predicti
639 653 673 720 in
700 652 794 720 dicta
812 653 988 743 Prouincia
1012 659 1044 720 ct
1071 651 1235 720 Comitatu
1267 655 1415 742 Symigi·-

279 757 589 842 ensi'existentibua
607 761 650 827 ad
666 763 841 829 cerciorem
867 766 899 827 et
927 759 1099 827 firmiorem
1124 761 1299 830 tuicionem
1324 760 1407 830 deci·

284 888 408 936 marum
427 867 573 935 eiusdem
590 867 777 952 Monasterij
795 867 909 933 humili
933 886 1005 934 cum
1030 867 1193 934 instancia
1219 869 1413 956 suplicauit,

279 982 314 1040 vt
331 975 464 1040 rescribi
481 974 672 1060 laceremus,
689 982 865 1056 nostroque
881 973 991 1059 sigillo
1007 973 1192 1043 authentico
1208 976 1407 1043 communiri.

282 1079 388 1148 Cuius
399 1082 528 1166 quidem
544 1083 706 1167 particule
724 1082 865 1167 legende
880 1082 1067 1150 authentice
1083 1090 1115 1148 et
1124 1086 1306 1169 approbate
1316 1089 1407 1150 tenor

275 1189 353 1256 talis
369 1195 437 1255 est:
806 1243 814 1252 .

392 1295 489 1362 »Post
506 1297 630 1362 obitum
646 1315 721 1361 vero
736 1299 839 1380 patris
855 1297 1039 1380 Stephanus
1064 1297 1172 1364 adhuc
1203 1299 1405 1387 adolescens,

281 1404 395 1472 fauore
411 1404 591 1489 principum
610 1411 642 1468 et
657 1403 762 1486 plebis
779 1403 813 1469 in
829 1406 932 1488 patris
949 1405 1063 1472 solium
1077 1405 1282 1472 laudabiliter
1292 1429 1404 1492 proue-

286 1515 368 1595 ctus,
386 1511 572 1577 ardentiori
599 1510 706 1576 auimo
732 1511 816 1596 cepit
846 1511 992 1578 veritatis
1022 1521 1221 1598 propagator
1250 1514 1412 1600 existerep

282 1620 361 1700 quia
376 1619 525 1699 quamuis
541 1617 765 1684 adolescencie
776 1617 871 1684 anuis
888 1619 1026 1704 floreret,
1038 1627 1219 1688 nontamen
1231 1622 1329 1686 corin
1340 1644 1404 1710 ore,

284 1725 445 1790 sedosin
472 1726 568 1792 corde
598 1723 760 1808 habebat;
794 1726 1256 1815 scripturarum'Diuinarum,
1287 1729 1422 1813 quibus·

287 1831 437 1915 adprime
453 1827 626 1915 flagrabat,
644 1853 709 1898 nou
734 1831 909 1914 immemor,
933 1832 1086 1916 judicium
1118 1842 1150 1900 et
1174 1835 1343 1919 justiciam
1374 1838 1406 1905 in

285 1938 388 2006 oculis
407 1939 615 2023 proponebat,
632 1941 724 2006 iuxta
741 1940 822 2005 illud
848 1939 1055 2006 Salomonis:
1082 1941 1248 2010 »Audiens
1273 1944 1406 2029 sapiens

281 2046 488 2131 disciplinam
504 2046 688 2130 sapieneior
703 2047 773 2132 erit,
790 2053 821 2112 et
838 2047 1027 2132 intelligens
1044 2047 1268 2129 gubernacula
1300 2053 1408 2136 possi-

278 2153 399 2220 debit«.
423 2152 461 2219 ln
477 2154 625 2220 omnihus
649 2155 760 2236 itaque
784 2153 950 2220 mandatis
974 2155 1044 2220 Deo
1068 2155 1176 2221 fidelis
1201 2155 1407 2240 dispensator

279 2263 430 2348 existens,
447 2257 535 2344 apud
550 2279 586 2326 ae
602 2262 687 2346 cepit
704 2258 867 2342 meditari,
883 2259 1024 2341 qualiter
1039 2260 1216 2327 subiectum
1233 2262 1295 2328 sibi
1306 2283 1406 2350 popu-

283 2370 348 2434 lurn
365 2369 460 2434 unius
475 2367 538 2434 Dei
555 2366 653 2460 cultui
669 2367 876 2451 manciparet
899 2364 995 2442 Quod
1011 2367 1088 2449 quia
1103 2367 1323 2453 perpendebat
1333 2374 1407 2438 aba

279 2496 342 2560 que
357 2475 537 2542 vicinarum
562 2472 709 2556 gencium
736 2473 997 2540 confederatione
1022 2472 1091 2540 lieri
1123 2475 1253 2542 minime
1284 2497 1409 2563 posse;

280 2601 394 2668 pacem
413 2601 483 2647 cum
500 2587 682 2647 exterarum
697 2577 943 2646 Prouinciarum
970 2580 1097 2667 populis
1122 2582 1258 2649 fideliter
1284 2585 1407 2652 institu-

286 2696 352 2760 tam
369 2687 547 2770 redomuit,
565 2693 598 2754 vt
614 2708 652 2755 eo
678 2686 832 2772 securius,
858 2687 945 2771 qnod
971 2687 1005 2750 in
1031 2695 1138 2754 mente
1169 2695 1337 2780 tractabat,
1370 2695 1408 2761 in

287 2797 422 2863 nouella
438 2797 644 2880 plantacionc
661 2795 916 2862 Christianitatis
932 2797 1089 2881 expleret.
1113 2798 1179 2864 Sed
1195 2799 1407 2869 aduersarius

278 2905 384 2971 tocius
401 2903 563 2990 bonitatis,
581 2903 703 2969 inuidia
719 2903 835 2986 plenus
852 2913 884 2968 et
901 2902 1028 2968 malicie
1039 2903 1195 2990 diabolus,
1212 2915 1407 2976 rtsancturn

284 3011 404 3080 Christi
421 3014 544 3098 tyronis
560 3011 761 3096 propositum
788 3009 996 3096 disturbaret,
1022 3011 1177 3078 intestina
1202 3012 1289 3079 bella
1321 3034 1407 3080 corn·

283 3119 401 3207 mouit;
425 3119 577 3203 quoniam
595 3120 665 3186 eius
680 3117 837 3184 instinctu
853 3118 944 3202 plebs
961 3117 1095 3200 gentilis
1121 3119 1304 3186 Christiane
1328 3121 1408 3189 fidei

283 3231 358 3314 iugo
375 3231 460 3297 colla
476 3227 664 3296 submittere
679 3245 827 3308 renuens,
846 3244 917 3290 cum
935 3225 1131 3311 principibus
1146 3225 1215 3294 suis
1231 3226 1407 3296 adominic

281 3338 387 3420 ipsius
403 3357 437 3408 se
454 3335 643 3402 subtrahere
658 3332 863 3400 moliebatur.
897 3332 1058 3418 Ceperunt
1081 3333 1164 3400 enim
1191 3335 1286 3402 urbes
1311 3335 1416 3404 desc-

275 3446 355 3526 lare,
374 3443 488 3528 predia
505 3447 645 3520 vastare,
673 3441 898 3524 possessiones
929 3439 1112 3526 depredari,
1136 3460 1250 3508 seruos
1276 3442 1406 3528 cedere,

280 3558 311 3619 et
330 3587 366 3598 -
388 3557 423 3617 ut
440 3555 547 3614 cetera
562 3548 676 3614 sileam
703 3580 745 3594 -
769 3546 834 3632 ipsi
859 3549 1031 3614 insultare.
1065 3547 1206 3632 Cumque
1236 3549 1408 3618 declinare

280 3657 346 3743 ipsi
361 3657 402 3723 de
417 3657 472 3722 ria
485 3675 544 3722 sua
560 3675 716 3739 peruersa
731 3655 866 3742 nollent,
881 3673 941 3721 nec
956 3654 1044 3722 furor
1061 3674 1170 3722 eorum
1201 3657 1407 3744 saciaretur;

282 3767 357 3831 Dux
372 3765 443 3850 ipsc
459 3762 621 3830 confidens
637 3762 677 3828 de
693 3769 805 3828 eterna
820 3762 947 3850 virtute,
964 3763 1008 3828 ad
1023 3762 1241 3848 superandam
1259 3765 1412 3832 hostium

281 3872 406 3938 rabiem
422 3867 624 3938 multitudine
640 3869 799 3938 exercitur
816 3870 866 3936 sui
882 3873 942 3937 suh
958 3871 1078 3938 vexillo
1093 3869 1164 3937 Deo
1180 3869 1290 3938 dilecti
1320 3872 1427 3938 Pon--

281 3978 377 4046 tificis
392 3977 531 4062 Martini,
549 3979 718 4062 sanctique
733 3979 875 4045 martiris
892 3977 1024 4064 Georgij
1041 3985 1208 4064 processit.
1231 3977 1304 4044 Illis
1319 3977 1416 4048 forte

282 4087 396 4153 diebus
412 4087 531 4169 vrbem,
557 4107 618 4170 que
642 4087 727 4172 wigo
752 4087 924 4172 Wesprem
948 4091 1163 4170 nuncupatur,
1195 4085 1415 4177 obsederant,

278 4194 338 4260 hec
353 4191 396 4260 ad
412 4195 560 4261 conuicia
584 4194 653 4262 eius
679 4203 934 4280 commonentes;
958 4194 1082 4287 scilicet
1110 4199 1146 4259 rt
1178 4192 1230 4260 vhi
1262 4192 1426 4265 Duualis.

278 4321 428 4372 accessus
445 4305 721 4372 conuersatorium
737 4303 926 4388 habebatur,
943 4303 988 4370 ibi
1005 4301 1229 4389 consederent,
1245 4321 1309 4385 qno
1325 4299 1423 4371 iaci-

278 4413 341 4480 lior
355 4412 523 4496 ingressus
549 4411 686 4478 adalia
712 4411 830 4498 predia
860 4409 1049 4497 occupanda
1079 4408 1290 4477 inueniretur.
1328 4410 1425 4496 Ipse

278 4539 353 4599 vero
369 4519 492 4585 D‘iuina
507 4525 661 4604 preeunte
677 4519 855 4587 clemencia
880 4516 1037 4586 aduersus
1063 4537 1118 4586 eos
1142 4528 1437 4611 consurrexerat,

279 4631 312 4695 et
326 4627 380 4694 hic
394 4626 428 4690 in
444 4626 519 4714 tide,
537 4627 585 4692 illi
600 4647 677 4694 rero
693 4633 819 4697 tanturn
834 4630 868 4696 in
892 4628 992 4695 armis
1018 4625 1226 4709 confidentes,
1255 4626 1440 4710 unaque
