3120 5148
567 327 728 425 Q

98 525 179 592 intrat
206 526 239 590 in
271 522 442 608 quandam
474 539 593 605 aquam
617 520 747 587 nomine
762 521 911 605 Temna;
944 527 977 588 et
993 541 1050 606 per
1074 518 1212 587 eandem

98 653 197 715 aquam
211 631 386 698 derivatur
402 631 506 698 donec
522 629 669 716 predicta
685 629 819 696 Tornna
836 628 950 696 defluit
965 631 999 695 in
1017 629 1159 714 Zcuam,
1176 635 1211 698 et

97 760 191 807 sersus
216 739 399 807 australem
426 741 552 822 partem
578 737 692 805 eadem
718 736 819 804 cha
843 737 960 805 circuit
996 756 1108 804 omnes
1126 736 1210 802 alias

99 855 187 914 terras
214 846 362 914 eiusdem
389 845 512 911 Barani
537 843 663 912 Decani
688 843 763 911 huic
778 851 863 910 terre
890 843 1072 931 contiguas,
1090 842 1129 909 de
1146 861 1215 926 qna

101 956 126 1020 in
138 953 278 1040 presenti
295 953 414 1040 agitur,
433 972 473 1017 ac
488 972 547 1038 per
563 952 701 1019 eandem
726 972 845 1036 aquam
862 951 961 1019 Zowa
977 949 1150 1019 revertitur
1167 949 1211 1016 ad

101 1060 306 1146 supradictam
323 1059 435 1125 villam
461 1057 625 1145 Sepnicha
652 1059 738 1126 unde
764 1060 868 1145 primo
884 1065 971 1127 meta
996 1067 1210 1145 processerat.

103 1168 288 1234 indulsimus
322 1165 427 1232 eciam
459 1165 565 1233 eidem
596 1165 727 1234 Barano
758 1167 901 1255 Decaoo,
918 1173 951 1233 et
981 1187 1040 1251 per
1056 1187 1128 1233 eum
1143 1167 1212 1234 suis

98 1274 253 1340 heredibus
269 1281 428 1358 perpetuo
454 1274 653 1341 marturinas
678 1276 703 1342 Ο
729 1276 944 1356 mansionum,
970 1275 1012 1341 de
1041 1280 1134 1359 parte
1149 1291 1216 1358 qne

99 1403 147 1450 nos
173 1381 342 1466 contingit,
383 1382 430 1447 ita
461 1388 497 1447 ut
528 1381 637 1448 nullus
680 1383 774 1448 homo
808 1381 891 1450 Bani
922 1383 967 1448 ad
1009 1382 1214 1466 colligendas

99 1491 277 1558 marturinas
302 1489 516 1557 transmissus
552 1510 650 1576 super
688 1487 853 1575 predictas
888 1487 914 1556 0
949 1490 1136 1558 mansiones
1172 1489 1213 1558 de

98 1599 206 1684 populo
229 1597 295 1664 mm
324 1596 402 1662 dicti
428 1596 545 1664 decani
562 1596 769 1683 descendere,
798 1605 856 1664 aut
871 1598 1042 1664 collectam
1060 1599 1212 1665 martori-

99 1725 196 1772 mrnm
222 1707 263 1773 de
289 1716 396 1774 cetero
433 1707 564 1792 exigere
589 1714 765 1792 presumat,
792 1707 852 1774 sed
876 1707 1020 1775 totaliter
1046 1708 1213 1792 sepedicto

99 1813 213 1880 Barano
237 1815 374 1882 Decano
402 1813 567 1898 relinquat
593 1813 627 1880 in
643 1833 726 1898 paee
743 1813 939 1898 colligenda.
958 1812 1125 1880 Utautem
1153 1815 1218 1882 bec.

100 1923 213 1989 anobis
228 1920 398 2006 supralata
423 1929 565 1987 terreae
589 1921 841 1988 martorinamm
858 1921 947 1989 lacta
964 1919 1097 1988 donatio
1113 1922 1218 1990 nullis

99 2048 226 2112 unquam
250 2028 362 2095 valeat
385 2029 584 2113 temporibus
609 2031 792 2114 retractari,
809 2036 841 2094 et
856 2047 899 2094 ne
915 2031 987 2112 quis
1014 2029 1212 2114 sepedictum

98 2134 246 2202 Baranum
272 2137 440 2202 Decanum
464 2142 522 2201 ant
547 2136 616 2202 eins
655 2154 856 2202 successores
881 2153 979 2220 snper
1004 2135 1067 2201 hiis
1090 2135 1215 2232 ,audeat

99 2243 131 2307 de
145 2252 248 2312 cetero
272 2240 458 2330 molestare,
483 2249 667 2328 presentem
693 2243 849 2328 paginam
875 2241 973 2327 sigilli
990 2242 1092 2309 nostri
1107 2260 1214 2310 carac-

99 2357 154 2418 tere
167 2351 303 2420 ieeimus
329 2351 491 2436 insigniri.
517 2341 637 2416 Datum
663 2371 723 2438 per
738 2372 854 2420 manns
869 2350 993 2419 Thome
1011 2351 1093 2418 Aulo
1110 2351 1214 2437 Regia

98 2454 280 2526 cmcellarii
318 2467 350 2526 et
384 2458 540 2526 Albensis
575 2458 745 2546 Propositi,
779 2479 866 2526 anno
907 2460 949 2527 ab
982 2457 1220 2528 incarnacione

97 2563 213 2634 Domini
237 2566 433 2634 ucoxlln.
458 2565 647 2635 Venerabili
681 2565 833 2634 Johannc
860 2567 1088 2654 Strigoniensi,
1114 2569 1217 2636 Reve-

99 2675 185 2741 rendo
194 2673 369 2742 Bertholdo
380 2675 547 2742 (tolonensi
560 2673 825 2760 Archiepiscopis
846 2675 1073 2764 existentibus,
1084 2677 1220 2744 Kalano-

97 2775 435 2868 Quinqueecclesiensi,
446 2781 638 2868 (lathapano
648 2783 809 2866 Agrionsi,
822 2781 995 2851 Desiderio
1011 2783 1215 2870 Oenediensi,

98 2885 227 2971 Symone
251 2890 470 2972 Waradiensi,
504 2888 666 2956 Willelmo
707 2890 1002 2978 Ultrasylvanensi,
1045 2890 1218 2961 Gotbardo

97 2994 310 3084 Zograbiensi,
327 2998 424 3066 Petro
440 2997 623 3080 (lensiensi,
641 2997 783 3065 Roberto
809 2997 1067 3089 wesprimiensi,
1091 2999 1218 3068 Jacobo

96 3101 251 3171 Watiensi
268 3105 440 3192 Episcopis
455 3105 622 3173 Ecclesiae
636 3103 774 3174 feliciter
790 3107 1056 3192 gubemantibns.
1082 3106 1214 3188 Nycho·

96 3209 142 3276 lac
166 3213 318 3280 Palatino
342 3219 375 3279 et
399 3212 522 3280 (lomite
549 3210 799 3299 Budrugniensi,
827 3213 913 3281 Ocnz
930 3215 1020 3281 Bano
1037 3221 1070 3282 et
1087 3211 1216 3284 Comito

96 3317 293 3405 symigiensi,
309 3319 386 3388 Jvla
403 3320 607 3408 Woyawoda
622 3327 655 3387 et
671 3319 796 3388 Oomite
811 3321 1031 3390 Zounukiensi
1049 3321 1145 3389 exist.
1155 3323 1216 3392 nti-

96 3425 1217 3518 bns,SalamoneBachiensi,--llagistroTawamicornm,Micba

96 3532 280 3625 Bihoriensi,
331 3533 500 3623 Soyargdo
542 3535 745 3624 Posoniensi,
789 3537 939 3604 Johanne
989 3537 1217 3624 Supruniensi,

25 3653 26 3734 ᾗ
96 3639 472 3728 Potbonelinssuniensi,
483 3641 705 3710 MiscaFerrei
725 3643 843 3732 Casiri,
859 3645 1001 3713 Martino
1019 3645 1216 3716 Genadienai

25 3817 27 3836 ἱ
96 3755 121 3811 et
143 3749 263 3817 Guriali
291 3750 428 3837 comite,
454 3750 627 3837 Nycholao
647 3749 801 3840 Albensi,
819 3751 1001 3822 Comitatus
1018 3755 1215 3824 tenentibus.

25 3867 26 3886 ³
95 3854 188 3941 Regni
206 3859 309 3928 nostri
325 3879 413 3925 anno
429 3878 523 3928 nono.

175 4057 338 4121 (Tkalcsics,
358 4057 484 4109 Monum.
503 4057 569 4108 hist.
588 4057 682 4121 npiac.
701 4057 897 4124 zagrablcnsis
914 4059 937 4110 Ι.
956 4059 1015 4110 kot.
1037 4061 1079 4110 8⁵.
1097 4058 1129 4122 l.)

193 4747 297 4783 ΙΟΙῙἘΙ.
313 4746 395 4783 EUM.
414 4743 484 4783 mu.
503 4757 542 4770 ⁸·-
560 4745 633 4785 nlrn.
648 4745 691 4782 XX.
