3098 5132
619 895 689 965 lll.

105 1098 274 1164 Zellooellus
291 1099 435 1183 rapozoa'
451 1119 549 1162 eomes
566 1119 585 1160 a
601 1095 846 1182 opulntou'oknak
862 1107 913 1160 eat
931 1095 1022 1182 iperi,
1038 1095 1119 1179 kopp
1148 1087 1215 1152 Ra-

195 1204 340 1290 pazobua
356 1205 532 1270 aadmnlrra
549 1208 684 1290 iqoasctp
692 1204 759 1291 fop
775 1203 994 1290 saolpdltatni.
1015 1201 1109 1268 1222.

198 1399 396 1468 Zellouellus
412 1400 475 1466 Dei
491 1408 522 1468 et
538 1401 642 1466 inoliti
658 1401 759 1468 Duois
785 1399 992 1468 venetiarum
1018 1398 1126 1481 gratia
1150 1395 1214 1460 Ra·

105 1508 249 1593 gusiensis
266 1508 385 1576 (lomes
403 1507 504 1575 nobili
521 1515 553 1574 et
569 1508 709 1576 disereto
725 1507 797 1576 uiro
814 1506 928 1576 eadem
941 1505 1215 1593 gratiaVeloinno

104 1616 273 1699 Spatalensi
287 1617 451 1684 Potestati
469 1624 501 1683 et
517 1617 725 1701 Traguriensi
745 1616 870 1702 Comiti,
887 1615 1051 1684 nobilibus
1075 1632 1114 1679 ae
1140 1611 1213 1678 reli·

105 1725 153 1806 qui
165 1723 355 1810 plenitudini
374 1723 520 1792 eiusdem
539 1725 690 1793 Ciuitatis
707 1745 817 1791 eorum
836 1731 869 1790 nt
896 1723 1048 1793 fratribus
1076 1721 1215 1788 salutem

105 1841 132 1898 et
145 1832 352 1900 dilectionem.
379 1829 537 1900 Omnibus
552 1835 671 1920 quippe
688 1839 789 1918 patet,
807 1831 892 1918 quod
910 1839 941 1899 ot
957 1831 1049 1900 vobis
1075 1851 1139 1898 non
1167 1831 1216 1894 est

104 1941 240 2025 neutum,
257 1941 411 2024 quoniam
427 1939 543 2026 Judas,
561 1941 637 2006 olim
653 1939 856 2026 Ragnsensis
870 1940 1009 2026 Comes,
1038 1959 1097 2007 neo
1122 1935 1214 2006 vobis

102 2067 152 2114 neo
167 2049 232 2115 suis
249 2045 374 2114 niuibus
391 2047 548 2114 iustitiam
566 2046 673 2115 faeere
698 2047 808 2131 voluit,
836 2055 867 2114 et
899 2045 972 2114 ideo
1005 2047 1150 2114 disensio
1184 2053 1216 2112 et

103 2155 227 2241 pignora
243 2159 326 2224 inter
343 2175 402 2224 uos
419 2163 450 2224 et
464 2155 635 2240 Ragnseos
651 2156 692 2224 de
708 2155 761 2224 die
777 2157 810 2222 in
828 2155 881 2222 dis
903 2154 1083 2223 oresoebat.
1122 2155 1216 2220 Nuno

102 2270 208 2352 autem,
226 2264 303 2350 quia
319 2265 430 2350 gratia
448 2263 510 2330 Dei
523 2265 647 2332 Civitas
656 2265 858 2350 Rugusensls
872 2265 911 2332 de
923 2262 1101 2331 oonlinibus
1112 2262 1216 2330 Vene-

101 2374 206 2440 tiurum
224 2373 373 2460 habetur,
391 2374 546 2459 velemus,
565 2380 598 2440 ut
613 2373 702 2439 mula
719 2373 837 2460 omnia,
864 2393 927 2458 que
952 2379 1039 2439 retro
1069 2379 1214 2456 tempore

101 2501 193 2563 usqne
208 2501 295 2548 nuno
311 2487 384 2548 eota
401 2487 485 2568 sunt,
504 2482 713 2570 extirpentur,
731 2481 778 2548 ita
795 2488 830 2548 nt
856 2481 985 2548 omnino
1018 2500 1083 2549 non
1115 2481 1215 2547 nomi·

100 2596 219 2677 nentur,
236 2595 284 2656 set
302 2589 412 2656 omnia
429 2607 500 2656 oum
519 2589 644 2656 institia
659 2590 893 2677 examinentur,
922 2597 954 2658 et
986 2587 1135 2658 ammodo
1169 2587 1215 2673 pi·

97 2717 190 2780 gnora
205 2696 291 2764 inter
308 2716 366 2763 vos
382 2704 414 2764 et
431 2699 599 2781 Raguseos
616 2717 680 2764 non
697 2697 749 2765 sit.
767 2697 803 2762 Si
820 2697 892 2782 quis
908 2703 1017 2764 antem
1033 2705 1212 2765 vestrorum

97 2803 210 2888 aliquid
227 2803 328 2872 habet
344 2803 501 2873 adversus
517 2807 659 2890 aliquem
676 2807 871 2891 Raguseum,
900 2805 1009 2873 veniat
1025 2811 1057 2872 ot
1074 2804 1216 2889 aooipiat

97 2912 249 2980 iustitiam
266 2914 349 2980 siout
365 2914 398 2979 in
415 2918 533 3002 patria,
549 2919 581 2982 et
596 2913 714 2982 nostris
738 2911 921 2998 Ragusueis
947 2912 1024 2979 illue
1055 2911 1214 2978 venienti·

98 3023 150 3088 bus
167 3025 296 3109 plenam
313 3023 468 3090 iustitiam
486 3021 556 3090 fieri
572 3024 671 3090 fuoite
688 3025 715 3090 si
734 3025 851 3110 planet,
869 3031 900 3090 et
918 3041 1010 3090 nemo
1027 3019 1147 3087 audeat
1162 3019 1212 3084 vol

95 3139 255 3213 presumat
271 3130 444 3216 pignorare
460 3129 604 3212 aliquem
622 3137 797 3214 antequam
829 3127 1008 3196 oonvioerit
1037 3127 1127 3192 illum
1159 3144 1214 3210 per

95 3237 424 3324 ratonemqmniam
443 3238 548 3325 parati
574 3258 683 3306 sumus
715 3237 863 3304 omnibus
897 3234 1052 3302 iustitiam
1084 3232 1214 3318 plenam

94 3345 198 3412 faeere
213 3353 249 3412 ut
265 3345 420 3413 fratribus
438 3353 468 3413 et
483 3345 606 3412 amieis.

196 3455 330 3520 Ktvttl
365 3479 372 3518 :
404 3454 513 3521 Nobili
547 3461 578 3520 et
604 3452 742 3521 disoreto
768 3453 837 3520 viro
855 3453 1011 3519 Veloinno
1028 3447 1214 3537 Spalatensi

92 3565 249 3632 Potestati
267 3571 297 3630 et
313 3563 524 3648 Traguriousi
541 3563 658 3630 Comiti
676 3568 708 3628 et
723 3561 888 3628 nobilibus
899 3557 1043 3627 eiusdem
1054 3557 1214 3626 Civitatis.

92 3765 226 3831 (Ljubios,
252 3765 436 3816 Monumenta
461 3761 621 3828 spectantia
646 3762 796 3813 historiam
815 3763 962 3814 slavorum
985 3759 1215 3812 Meridionalium

553 3852 576 3902 1.
589 3851 648 3902 kot.
670 3853 711 3901 31.
725 3851 756 3914 1.)
