3078 5128
501 282 658 378 -.us

28 475 234 559 Apostolorum
270 475 342 539 eius
375 493 408 540 se
440 477 564 542 noverit
581 479 794 544 incursurum.
828 479 948 543 Datum
963 476 1064 542 Reate
1081 475 1142 543 XI.

28 580 157 646 kalendis
173 581 330 664 Augusti.
349 582 558 650 Pontificatus
575 584 678 650 nostri
696 604 781 650 anno
800 591 902 650 sexto.

29 779 156 842 tTlnlcsis,
174 779 307 830 Monnm.
327 780 427 829 histor.
447 781 536 843 Episc.
557 781 716 848 Zagrub.1.
737 783 795 832 kun.
818 789 858 831 73.
880 782 934 844 lap.
967 783 999 832 V.
1020 785 1044 832 ὃ.
1064 781 1145 846 Fejdr

323 869 387 920 Cod.
406 869 479 932 Dipl.
500 871 550 920 III.
570 872 628 922 leot.
650 877 673 922 2.
693 887 714 921 r.
737 877 796 922 290.
816 873 845 934 l.)

32 1895 204 1983 Fronqepdu
222 1900 321 1981 Indu,
338 1895 445 1964 Cnido
462 1901 491 1964 c's
510 1900 637 1962 Hero-lle
652 1898 760 1984 seqlui
776 1899 973 1984 [sudfolcezeu
984 1903 1144 1986 sziyetnelq

262 2008 515 2089 kosmu'nyzcisdt
531 2008 773 2092 szubdlyozzdlr.
792 2011 886 2072 1232.

117 2204 152 2268 ln
168 2204 304 2270 numine
336 2202 460 2268 domini
477 2203 536 2270 Dei
553 2209 584 2269 et
608 2204 778 2270 salvatoris
794 2203 895 2270 nostri
912 2205 989 2271 lesu
1008 2205 1138 2271 Christi.

34 2311 105 2375 luno
139 2311 273 2377 Domini
316 2308 487 2379 millesimo
527 2310 742 2376 ducentesimo
783 2312 946 2396 trigesimo
986 2313 1139 2395 secundo,

33 2439 121 2482 nense
144 2421 331 2503 Decembri,
358 2419 535 2486 indictione
560 2425 664 2504 sextu,
696 2419 846 2485 Rivoulti.
882 2419 975 2484 Natis
1003 2441 1138 2488 noscen-

33 2525 155 2608 libusque
172 2529 243 2592 sive
271 2521 447 2592 nascendis
464 2527 549 2590 inter
574 2545 633 2591 nos
652 2525 822 2592 discordiis
839 2526 1018 2610 litigiisque
1037 2536 1137 2613 alque

34 2633 240 2700 controuersiis
269 2634 390 2719 orioro,
418 2641 451 2698 el
471 2632 515 2698 ad
540 2653 580 2698 eu
596 2651 724 2718 semper
741 2633 879 2700 sollicite
906 2653 945 2700 ac
968 2635 1143 2718 diligenter

34 2739 186 2827 intendere,
203 2762 270 2824 qnc
288 2748 363 2806 sunt
389 2741 570 2824 concordie,
589 2741 723 2808 unitatis
740 2748 772 2806 et
797 2741 898 2827 pacis,
915 2749 947 2807 el
970 2742 1138 2810 credentes

32 2850 298 2934 quamplurimum
322 2851 532 2934 complacere,
565 2850 619 2930 qni
652 2869 729 2934 pars
754 2855 869 2916 nostru
894 2851 972 2917 lecit
998 2857 1135 2935 utraque

36 2975 110 3019 unum
126 2955 204 3024 dnos
219 2959 366 3042 parieles
382 2955 549 3024 venientes
566 2977 605 3024 ex
622 2957 749 3024 diverso
765 2958 941 3042 coniunges
958 2959 992 3024 in
1009 2979 1045 3026 sc
1070 2961 1139 3045 ipso

33 3061 118 3146 lupide
133 3066 298 3150 ungulari.
317 3065 384 3130 Nus
417 3065 594 3152 lohannes,
626 3065 734 3132 Cnido
752 3074 783 3133 et
814 3067 973 3134 Henrlcns
996 3066 1138 3134 Comites

33 3168 185 3252 l'eglenes
197 3173 494 3256 consanguinitatis
504 3172 633 3241 vinculo
644 3176 791 3262 connexi,
802 3175 893 3242 citati
905 3195 964 3260 per
974 3172 1136 3240 dominnm

34 3276 132 3345 Ducem
144 3281 363 3350 Veneuiurnm
374 3289 407 3348 et
424 3285 494 3348 eins
510 3278 697 3368 Consilium,
713 3287 750 3348 ut
761 3301 871 3368 norum
886 3283 932 3350 eis
943 3281 1137 3369 veniremus,

34 3393 56 3450 et
76 3389 159 3458 nobis
189 3411 301 3457 coram
330 3392 377 3456 eis
404 3392 621 3476 personaliter
648 3393 928 3469 existentibusuu
954 3389 1137 3457 iurantibus

34 3514 120 3562 eornm
131 3506 217 3566 sture
229 3499 393 3566 mandatis
404 3519 507 3583 usqne
518 3501 620 3566 Pasce
631 3500 909 3567 Resurrectionem
920 3499 1077 3586 proxime,
1095 3499 1136 3565 de

34 3606 184 3674 eomndem
220 3608 376 3674 mandato
407 3628 447 3673 ac
477 3615 587 3675 nostru
618 3609 777 3676 cummuni
813 3609 978 3675 vuluntate
1003 3617 1035 3673 et
1066 3608 1138 3692 puri

34 3729 169 3782 consensu
202 3717 238 3782 in
272 3738 328 3782 ros
360 3717 447 3784 viros
479 3717 604 3784 nobiles
635 3724 666 3784 et
694 3720 851 3786 discretos
877 3716 1138 3783 Bartholomeum

33 3816 64 3882 da
89 3821 196 3908 Canal,
215 3823 369 3890 Romenm
403 3821 578 3904 Quirinum,
609 3827 750 3892 Murcum
783 3823 1137 3911 Cenum,Albertiuum

35 3927 231 3998 llaurieenum
247 3933 300 3998 vel
318 3932 472 4000 maiorem
499 3939 622 4018 partem
655 3942 794 3999 restrum
827 3933 1071 3998 conveniremus
1096 3932 1138 3996 ud

35 4054 124 4124 pacem
140 4041 226 4108 inter
245 4063 304 4108 nos
321 4042 576 4128 componendam
593 4062 690 4127 snper
705 4041 799 4109 dictis
816 4039 1001 4124 discordiis,
1018 4039 1137 4122 litigiis

36 4155 112 4226 atone
127 4149 353 4218 controversiis
380 4169 419 4216 er
437 4157 547 4217 nostro
574 4149 735 4216 Comitatu
768 4157 799 4216 et
815 4150 910 4216 rebus
943 4147 1028 4216 aliis.
1045 4145 1139 4225 Quod

36 4253 141 4330 quidem
172 4259 247 4324 licet
273 4258 365 4324 nobis
406 4265 492 4324 esset
524 4257 745 4339 honorificum,
777 4265 884 4324 tamen
916 4258 958 4323 ob
990 4257 1137 4340 graciam

37 4356 195 4431 dilectionis
213 4367 386 4452 clamoris,
404 4385 498 4447 quiunt
518 4387 598 4448 erga
614 4386 673 4431 uos
695 4369 791 4450 plene
809 4365 921 4447 geritis
939 4364 1041 4432 maior
1058 4383 1135 4448 pars
1220 4397 1224 4404 ·

38 4477 162 4560 restrum,
188 4493 323 4558 qnorum
340 4476 470 4539 nomina
486 4480 560 4538 sunt
590 4475 712 4559 scriptu
745 4472 880 4540 inlerins
914 4473 974 4538 tali
991 4473 1085 4540 modo
1105 4483 1136 4539 ct

37 4575 123 4644 ordine
154 4586 186 4649 in
220 4583 376 4650 Veueoiis.
410 4582 561 4671 Inprimis
592 4582 678 4668 quod
710 4583 853 4668 regimen
893 4581 995 4648 tocius
1036 4577 1137 4650 nostri
