3078 5128
965 329 1030 394 244

431 523 471 588 de
487 521 627 608 partium
653 521 819 587 voluntate
851 526 1032 590 commissa.
1064 525 1182 590 Verurn
1201 530 1276 610 post
1291 525 1382 606 longi
1408 527 1538 609 temporis

430 637 576 713 tractum,
608 637 681 713 post
698 629 828 696 diversa
862 629 1022 718 rescripta
1038 655 1058 698 a
1077 621 1363 716 predecessoribus
1394 633 1538 700 nostriset

428 737 522 802 nobis
554 735 698 816 obtenta,
730 737 771 802 ad
804 740 992 824 Apostolicc
1025 739 1121 806 Sedis
1154 727 1291 807 examen
1324 741 1486 826 negotium
1501 749 1538 807 est

430 842 607 912 reductum.
624 845 683 910 Oui
700 845 794 912 finem
820 849 984 916 sententia
1009 847 1087 925 done
1104 869 1170 914 non
1187 829 1291 934 potuit
1307 869 1356 934 eo,
1386 848 1469 932 quod
1483 851 1537 914 litis

430 951 699 1018 contestationem
730 953 910 1038 legitimam
943 963 1019 1022 aeta
1034 955 1148 1023 iudicii
1180 977 1244 1024 nou
1261 957 1435 1023 habebant.
1463 956 1535 1033 Quia

430 1077 505 1124 vero
537 1059 602 1124 litis
638 1061 810 1144 protractio
843 1083 1075 1146 nonnunquam
1091 1063 1264 1150 dispendia
1288 1065 1403 1147 grania
1435 1073 1499 1150 post
1515 1085 1538 1130 sc

429 1166 535 1253 trabit,
553 1167 735 1253 sumptibus
751 1177 848 1254 atque
863 1170 1029 1236 laboribus
1058 1171 1224 1256 litigantes
1242 1177 1386 1240 atterere
1397 1181 1538 1250 consueta

428 1276 559 1341 intorte
586 1295 626 1342 ac
652 1277 813 1362 prefatum
840 1277 1011 1362 abbatem,
1038 1281 1187 1346 concordi
1205 1287 1346 1346 tractatu
1373 1279 1538 1364 prehabito,

430 1383 612 1451 huiusmodi
625 1385 818 1470 compositio
834 1385 1019 1470 intervenit,
1035 1387 1203 1454 videlicet:
1220 1368 1430 1472 quod⁰dietus
1446 1388 1538 1452 Abbau

428 1513 485 1578 pro
503 1513 539 1560 se
557 1514 594 1559 ac
611 1493 807 1561 lllouastcrio
823 1513 882 1562 suo
914 1495 1057 1562 decimas
1075 1500 1106 1560 et
1124 1498 1235 1562 omnia
1250 1495 1328 1578 alia,
1354 1517 1538 1579 quecumque

430 1600 701 1688 comprehendere
733 1609 860 1685 poterat
892 1603 961 1668 eius
993 1603 1117 1687 petitio,
1142 1605 1227 1669 ultra
1243 1581 1377 1670 fluvium
1404 1607 1535 1670 Drusum

431 1707 522 1774 infra
553 1709 804 1792 Zagtabicnsem
835 1710 1011 1794 Diocesim,
1045 1731 1157 1778 versus
1191 1711 1410 1796 Sclanoniarn,
1443 1712 1496 1779 tibi
1520 1719 1538 1776 et

430 1815 796 1902 EcclesieZagrabieusi
814 1825 931 1884 extoto
953 1817 1088 1902 pacifice
1105 1839 1142 1884 ac
1153 1820 1262 1902 quiete
1273 1819 1407 1904 dimisit,
1427 1820 1538 1904 promit

432 1933 503 1992 tens
535 1947 593 2011 pro
612 1946 648 1994 se
679 1937 710 1992 et
727 1927 922 1993 monasterio
955 1947 1023 2012 suo,
1041 1927 1127 2010 qnod
1158 1947 1255 2012 super
1270 1930 1440 2014 premissis
1471 1939 1538 1992 teat

431 2055 635 2102 successores
648 2043 720 2100 tuos
736 2036 787 2100 vel
798 2040 884 2101 tritta
897 2035 1078 2101 lleolcsiam
1090 2034 1211 2100 iudicio
1228 2037 1279 2100 uel
1296 2043 1388 2101 extra
1406 2033 1538 2100 iudiciun

432 2145 521 2208 utullo
540 2165 680 2227 uuquam
698 2151 843 2229 tempore
860 2143 1052 2210 molestabit.
1068 2143 1118 2208 Tu
1134 2162 1210 2208 uero
1231 2164 1289 2228 pro
1307 2151 1338 2208 tc
1354 2164 1394 2209 ae
1410 2141 1538 2209 Ecclesia

427 2261 486 2318 tua
503 2252 646 2320 dcoimns
663 2259 800 2334 quantor
816 2252 1012 2336 capellarum
1030 2251 1174 2318 scilicet:
1191 2251 1308 2316 Sancte
1320 2251 1432 2338 llarie,
1443 2251 1538 2316 Sunett

428 2358 608 2446 Trinitatis,
627 2360 737 2426 Sancti
753 2359 913 2444 Barnabc,
932 2365 964 2426 et
979 2359 1099 2426 Sancte
1116 2359 1228 2425 Crucis
1239 2379 1352 2425 versus
1363 2357 1533 2442 Vugarian

428 2473 460 2534 ot
491 2467 643 2550 quicquid
676 2469 755 2535 iuris
786 2469 819 2533 in
852 2467 972 2534 eisdem
1006 2467 1140 2552 capellis
1174 2467 1328 2553 habebas,
1369 2465 1490 2533 Abbati
1518 2465 1538 2528 el

431 2575 627 2642 Monastcrio
644 2577 830 2643 memoratis
841 2576 993 2642 dimisisti
1009 2574 1143 2662 pacifice
1155 2580 1186 2642 ct
1197 2574 1315 2659 quiete.
1335 2577 1484 2642 Ceterum
1500 2591 1537 2656 pn

430 2682 622 2768 quibusdam
640 2683 796 2750 fructibus
812 2691 844 2748 et
877 2685 1029 2768 expensis
1059 2684 1256 2767 quingentas
1281 2703 1411 2749 marcas
1428 2687 1537 2764 argent

430 2792 474 2858 ad
491 2793 615 2878 pondus
634 2792 787 2876 lugaria,
805 2793 960 2860 bonorum
979 2799 1010 2859 ct
1028 2793 1205 2859 electorum
1232 2791 1466 2860 srisatricorum
1484 2807 1533 2852 ve

429 2901 574 2967 dentium
594 2911 621 2966 ct
657 2901 841 2986 cmonlinrn,
859 2907 924 2966 tam
941 2923 999 2988 pro
1031 2901 1300 2986 possessionibus,
1326 2919 1426 2983 quam
1458 2897 1531 2962 rebu

428 3009 503 3075 aliis
519 3009 710 3076 commercio
742 3011 993 3095 competentium
1026 3016 1119 3093 prout
1135 3008 1231 3075 vendi
1249 3007 1419 3074 consuevit
1435 3013 1467 3074 et
1494 3025 1533 3068 cu

428 3117 515 3203 apud
532 3126 680 3202 castrum,
699 3118 784 3199 quod
801 3119 886 3184 Alba
913 3115 1072 3182 communi
1100 3117 1257 3183 vocabulo
1289 3123 1506 3199 nuncupatur,
1522 3119 1531 3175 t

433 3227 613 3296 soluturum
629 3227 749 3293 Abbati
766 3232 822 3290 aut
839 3225 907 3292 eins
926 3233 1013 3292 certo
1031 3223 1145 3290 nuntio
1170 3224 1366 3311 promisisti3
1384 3225 1445 3304 ita,
1470 3219 1537 3304 quo'

432 3335 639 3402 medietatem
672 3354 794 3400 summe
837 3333 982 3420 prcdicte
1014 3352 1115 3416 rusque
1144 3333 1187 3398 ad
1219 3331 1338 3398 festum
1371 3327 1537 3415 proximu

428 3443 667 3508 Purificationis
701 3445 803 3508 Beate
833 3441 943 3524 Marie,
962 3442 1115 3508 aoalium
1149 3439 1357 3506 medietatem
1383 3459 1486 3522 usque
1514 3455 1536 3499 a

429 3549 589 3616 kalendas
621 3550 760 3632 llugnsti
778 3551 923 3634 proximo
956 3555 1031 3614 tuuc
1063 3549 1161 3616 lutari
1185 3551 1307 3633 absque
1338 3546 1536 3612 diminution

430 3659 543 3741 aliqua
558 3658 735 3740 persolues.
753 3656 900 3741 Denique
933 3655 1199 3740 compositionem
1215 3653 1402 3721 huiusmodi
1430 3649 1536 3738 propri

434 3768 614 3832 iuramento
630 3765 790 3830 firmatam
808 3770 841 3828 tu
859 3773 890 3829 ot
915 3761 1001 3829 idem
1026 3763 1137 3829 Abbas
1170 3761 1363 3847 postulastis
1395 3760 1536 3828 humilite

430 3875 616 3960 apostolice
633 3874 728 3940 Sedis
747 3873 923 3939 rnuninrine
939 3872 1092 3940 roborari.
1112 3871 1191 3939 Cum
1208 3871 1306 3955 igitur
1335 3871 1432 3937 finem
1451 3869 1536 3936 litibu

431 3983 650 4052 desideremus
667 3983 788 4069 imponi
806 3990 838 4047 et
855 3982 1055 4064 litigantium
1087 3979 1293 4046 concordiam
1310 3979 1536 4064 amplectamut

430 4093 693 4177 compositionem
725 4089 905 4174 predictam
937 4097 1065 4172 gratam
1099 4109 1138 4154 nc
1171 4094 1274 4155 ratam
1291 4087 1464 4174 habentes,
1491 4103 1536 4152 car

425 4200 617 4267 arroteritatc
650 4199 838 4284 Aprostolica
893 4199 1120 4265 confirmamus
1168 4206 1200 4262 et
1244 4196 1405 4283 presentis
1449 4197 1536 4280 script

430 4307 611 4394 patrocinio
629 4307 871 4373 communimus.
906 4306 993 4370 Nulli
1012 4287 1089 4388 ergo
1122 4306 1255 4371 omnino
1273 4304 1441 4372 hominum
1462 4305 1536 4370 licen

423 4417 676 4502 hatrcpaginatn
695 4423 804 4481 nostre
836 4416 1091 4480 confirtrnotionls
1123 4416 1314 4499 infringere,
1349 4413 1401 4479 uel
1420 4419 1451 4480 ci
1471 4433 1535 4480 arist

423 4527 594 4594 temerario
605 4525 774 4590 contraire.
787 4523 821 4587 Si
833 4523 906 4607 qrris
916 4529 1025 4588 autem
1034 4521 1096 4588 lroc
1107 4527 1299 4608 attemptare
1308 4519 1535 4608 presumpserit

428 4633 693 4713 indignacionem
711 4630 950 4714 Omnipoteutis
966 4631 1027 4697 Dei
1046 4637 1076 4695 ct
1102 4629 1274 4696 Beatorum
1291 4629 1379 4694 Petri
1401 4637 1434 4696 ct
1469 4632 1531 4694 Pau
