<?xml version="1.0" encoding="UTF-8"?>
<!DOCTYPE html PUBLIC "-//W3C//DTD XHTML 1.0 Transitional//EN"
    "http://www.w3.org/TR/xhtml1/DTD/xhtml1-transitional.dtd">
<html xmlns="http://www.w3.org/1999/xhtml" xml:lang="en" lang="en">
 <head>
  <title>
</title>
<meta http-equiv="Content-Type" content="text/html;charset=utf-8" />
  <meta name='ocr-system' content='tesseract 3.04.00' />
  <meta name='ocr-capabilities' content='ocr_page ocr_carea ocr_par ocr_line ocrx_word'/>
</head>
<body>
  <div class='ocr_page' id='page_1' title='image "./codexdiplomatic10wenzgoog_0090.png"; bbox 0 0 3164 5154; ppageno 0'>
   <div class='ocr_carea' id='block_1_1' title="bbox 654 313 697 402">
    <p class='ocr_par' dir='ltr' id='par_1_1' title="bbox 654 313 697 402">
     <span class='ocr_line' id='line_1_1' title="bbox 654 313 697 402; baseline -0.093 0"><span class='ocrx_word' id='word_1_1' title='bbox 654 313 697 402; x_wconf 80' lang='lat' dir='ltr'>n</span> 
     </span>
    </p>
   </div>
   <div class='ocr_carea' id='block_1_2' title="bbox 121 519 1242 1790">
    <p class='ocr_par' dir='ltr' id='par_1_2' title="bbox 121 519 1242 1790">
     <span class='ocr_line' id='line_1_2' title="bbox 123 519 1240 620; baseline 0.001 -21"><span class='ocrx_word' id='word_1_2' title='bbox 123 529 239 599; x_wconf 71' lang='lat' dir='ltr'>mnam</span> <span class='ocrx_word' id='word_1_3' title='bbox 276 529 311 596; x_wconf 93' lang='lat' dir='ltr'>in</span> <span class='ocrx_word' id='word_1_4' title='bbox 350 533 492 599; x_wconf 90' lang='lat' dir='ltr'>eternum</span> <span class='ocrx_word' id='word_1_5' title='bbox 534 529 733 618; x_wconf 85' lang='lat' dir='ltr'>tenendam,</span> <span class='ocrx_word' id='word_1_6' title='bbox 773 531 833 599; x_wconf 90' lang='lat' dir='ltr'>hec</span> <span class='ocrx_word' id='word_1_7' title='bbox 862 535 1044 600; x_wconf 85' lang='lat' dir='ltr'>statuerunt</span> <span class='ocrx_word' id='word_1_8' title='bbox 1074 552 1115 601; x_wconf 86' lang='lat' dir='ltr'>ex</span> <span class='ocrx_word' id='word_1_9' title='bbox 1146 519 1240 620; x_wconf 84' lang='lat' dir='ltr'>parte&#39;</span> 
     </span>
     <span class='ocr_line' id='line_1_3' title="bbox 123 635 1241 726; baseline 0 -20"><span class='ocrx_word' id='word_1_10' title='bbox 123 639 213 708; x_wconf 90' lang='lat' dir='ltr'>tocius</span> <span class='ocrx_word' id='word_1_11' title='bbox 257 635 368 707; x_wconf 79' lang='lat' dir='ltr'>catari</span> <span class='ocrx_word' id='word_1_12' title='bbox 399 657 470 705; x_wconf 89' lang='lat' dir='ltr'>cnm</span> <span class='ocrx_word' id='word_1_13' title='bbox 500 637 664 707; x_wconf 87' lang='lat' dir='ltr'>Wascono</span> <span class='ocrx_word' id='word_1_14' title='bbox 701 645 734 706; x_wconf 89' lang='lat' dir='ltr'>et</span> <span class='ocrx_word' id='word_1_15' title='bbox 772 643 842 707; x_wconf 88' lang='lat' dir='ltr'>tota</span> <span class='ocrx_word' id='word_1_16' title='bbox 865 639 1104 710; x_wconf 79' lang='lat' dir='ltr'>Communitate</span> <span class='ocrx_word' id='word_1_17' title='bbox 1135 639 1241 726; x_wconf 73' lang='lat' dir='ltr'>Ragn-</span> 
     </span>
     <span class='ocr_line' id='line_1_4' title="bbox 122 746 1240 832; baseline 0.002 -18"><span class='ocrx_word' id='word_1_18' title='bbox 122 749 186 814; x_wconf 88' lang='lat' dir='ltr'>rina</span> <span class='ocrx_word' id='word_1_19' title='bbox 216 773 226 815; x_wconf 73' lang='grc' dir='ltr'><strong>ε</strong></span> <span class='ocrx_word' id='word_1_20' title='bbox 265 753 302 814; x_wconf 93' lang='lat' dir='ltr'>nt</span> <span class='ocrx_word' id='word_1_21' title='bbox 339 747 531 831; x_wconf 77' lang='lat' dir='ltr'>quicumque</span> <span class='ocrx_word' id='word_1_22' title='bbox 567 747 738 832; x_wconf 78' lang='lat' dir='ltr'>Ragnsens</span> <span class='ocrx_word' id='word_1_23' title='bbox 776 747 829 817; x_wconf 78' lang='lat' dir='ltr'>rel</span> <span class='ocrx_word' id='word_1_24' title='bbox 866 747 1040 816; x_wconf 79' lang='lat' dir='ltr'>Ostoriuns</span> <span class='ocrx_word' id='word_1_25' title='bbox 1065 746 1240 816; x_wconf 89' lang='lat' dir='ltr'>crediderit</span> 
     </span>
     <span class='ocr_line' id='line_1_5' title="bbox 125 852 1240 944; baseline 0 -21"><span class='ocrx_word' id='word_1_26' title='bbox 125 877 186 941; x_wconf 93' lang='lat' dir='ltr'>sua,</span> <span class='ocrx_word' id='word_1_27' title='bbox 200 855 342 942; x_wconf 90' lang='lat' dir='ltr'>primum</span> <span class='ocrx_word' id='word_1_28' title='bbox 358 852 468 923; x_wconf 83' lang='lat' dir='ltr'>videat</span> <span class='ocrx_word' id='word_1_29' title='bbox 483 855 533 923; x_wconf 91' lang='lat' dir='ltr'>cni</span> <span class='ocrx_word' id='word_1_30' title='bbox 543 855 673 944; x_wconf 79' lang='lat' dir='ltr'>credat3</span> <span class='ocrx_word' id='word_1_31' title='bbox 689 861 723 924; x_wconf 90' lang='lat' dir='ltr'>et</span> <span class='ocrx_word' id='word_1_32' title='bbox 738 855 814 924; x_wconf 91' lang='lat' dir='ltr'>dnm</span> <span class='ocrx_word' id='word_1_33' title='bbox 830 855 1006 924; x_wconf 78' lang='lat' dir='ltr'>crediderit</span> <span class='ocrx_word' id='word_1_34' title='bbox 1020 877 1118 943; x_wconf 91' lang='lat' dir='ltr'>snper</span> <span class='ocrx_word' id='word_1_35' title='bbox 1128 856 1240 944; x_wconf 88' lang='lat' dir='ltr'>aliurn,</span> 
     </span>
     <span class='ocr_line' id='line_1_6' title="bbox 128 963 1242 1053; baseline 0.004 -23"><span class='ocrx_word' id='word_1_36' title='bbox 128 985 184 1030; x_wconf 92' lang='lat' dir='ltr'>uon</span> <span class='ocrx_word' id='word_1_37' title='bbox 220 965 334 1032; x_wconf 82' lang='lat' dir='ltr'>valeat</span> <span class='ocrx_word' id='word_1_38' title='bbox 371 970 482 1032; x_wconf 86' lang='lat' dir='ltr'>tencre</span> <span class='ocrx_word' id='word_1_39' title='bbox 519 985 555 1033; x_wconf 89' lang='lat' dir='ltr'>se</span> <span class='ocrx_word' id='word_1_40' title='bbox 580 963 645 1032; x_wconf 90' lang='lat' dir='ltr'>nisi</span> <span class='ocrx_word' id='word_1_41' title='bbox 669 983 765 1053; x_wconf 90' lang='lat' dir='ltr'>super</span> <span class='ocrx_word' id='word_1_42' title='bbox 790 964 934 1034; x_wconf 81' lang='lat' dir='ltr'>debitore</span> <span class='ocrx_word' id='word_1_43' title='bbox 949 985 1018 1033; x_wconf 89' lang='lat' dir='ltr'>suo.</span> <span class='ocrx_word' id='word_1_44' title='bbox 1043 963 1088 1032; x_wconf 91' lang='lat' dir='ltr'>Ut</span> <span class='ocrx_word' id='word_1_45' title='bbox 1103 966 1242 1052; x_wconf 79' lang='lat' dir='ltr'>pignora</span> 
     </span>
     <span class='ocr_line' id='line_1_7' title="bbox 126 1072 1239 1160; baseline -0.001 -20"><span class='ocrx_word' id='word_1_46' title='bbox 126 1093 182 1141; x_wconf 92' lang='lat' dir='ltr'>uon</span> <span class='ocrx_word' id='word_1_47' title='bbox 195 1073 263 1141; x_wconf 84' lang='lat' dir='ltr'>siut</span> <span class='ocrx_word' id='word_1_48' title='bbox 275 1073 363 1140; x_wconf 91' lang='lat' dir='ltr'>intra</span> <span class='ocrx_word' id='word_1_49' title='bbox 378 1072 556 1157; x_wconf 83' lang='lat' dir='ltr'>Rngnsium</span> <span class='ocrx_word' id='word_1_50' title='bbox 574 1079 605 1140; x_wconf 92' lang='lat' dir='ltr'>et</span> <span class='ocrx_word' id='word_1_51' title='bbox 619 1073 788 1158; x_wconf 76' lang='lat' dir='ltr'>datarum,</span> <span class='ocrx_word' id='word_1_52' title='bbox 814 1075 1056 1160; x_wconf 80' lang='lat' dir='ltr'>etquicunque</span> <span class='ocrx_word' id='word_1_53' title='bbox 1071 1074 1239 1158; x_wconf 82' lang='lat' dir='ltr'>Ragnseus</span> 
     </span>
     <span class='ocr_line' id='line_1_8' title="bbox 126 1176 1240 1266; baseline 0.002 -21"><span class='ocrx_word' id='word_1_54' title='bbox 126 1180 174 1247; x_wconf 85' lang='lat' dir='ltr'>rei·</span> <span class='ocrx_word' id='word_1_55' title='bbox 183 1179 352 1247; x_wconf 67' lang='lat' dir='ltr'>damnans</span> <span class='ocrx_word' id='word_1_56' title='bbox 362 1179 521 1248; x_wconf 89' lang='lat' dir='ltr'>iusticiam</span> <span class='ocrx_word' id='word_1_57' title='bbox 532 1180 686 1266; x_wconf 78' lang='lat' dir='ltr'>quesierit</span> <span class='ocrx_word' id='word_1_58' title='bbox 701 1201 773 1250; x_wconf 90' lang='lat' dir='ltr'>cnm</span> <span class='ocrx_word' id='word_1_59' title='bbox 789 1189 880 1249; x_wconf 88' lang='lat' dir='ltr'>carta</span> <span class='ocrx_word' id='word_1_60' title='bbox 890 1181 931 1248; x_wconf 92' lang='lat' dir='ltr'>de</span> <span class='ocrx_word' id='word_1_61' title='bbox 941 1179 1109 1248; x_wconf 80' lang='lat' dir='ltr'>Communi</span> <span class='ocrx_word' id='word_1_62' title='bbox 1121 1176 1240 1248; x_wconf 82' lang='lat' dir='ltr'>Civita-</span> 
     </span>
     <span class='ocr_line' id='line_1_9' title="bbox 128 1286 1236 1375; baseline 0.005 -24"><span class='ocrx_word' id='word_1_63' title='bbox 128 1287 173 1374; x_wconf 90' lang='lat' dir='ltr'>tis,</span> <span class='ocrx_word' id='word_1_64' title='bbox 187 1286 287 1354; x_wconf 88' lang='lat' dir='ltr'>vadat</span> <span class='ocrx_word' id='word_1_65' title='bbox 301 1286 343 1354; x_wconf 87' lang='lat' dir='ltr'>ad</span> <span class='ocrx_word' id='word_1_66' title='bbox 359 1287 555 1372; x_wconf 83' lang='lat' dir='ltr'>querendam</span> <span class='ocrx_word' id='word_1_67' title='bbox 571 1287 737 1375; x_wconf 88' lang='lat' dir='ltr'>iustitiam,</span> <span class='ocrx_word' id='word_1_68' title='bbox 749 1296 781 1356; x_wconf 90' lang='lat' dir='ltr'>et</span> <span class='ocrx_word' id='word_1_69' title='bbox 795 1289 926 1357; x_wconf 89' lang='lat' dir='ltr'>rediens</span> <span class='ocrx_word' id='word_1_70' title='bbox 941 1288 986 1355; x_wconf 93' lang='lat' dir='ltr'>ad</span> <span class='ocrx_word' id='word_1_71' title='bbox 995 1287 1170 1355; x_wconf 82' lang='lat' dir='ltr'>Civitatem</span> <span class='ocrx_word' id='word_1_72' title='bbox 1184 1309 1236 1358; x_wconf 91' lang='lat' dir='ltr'>su·</span> 
     </span>
     <span class='ocr_line' id='line_1_10' title="bbox 127 1393 1238 1484; baseline 0.003 -26"><span class='ocrx_word' id='word_1_73' title='bbox 127 1413 181 1480; x_wconf 85' lang='lat' dir='ltr'>am,</span> <span class='ocrx_word' id='word_1_74' title='bbox 198 1401 321 1463; x_wconf 86' lang='lat' dir='ltr'>cartam</span> <span class='ocrx_word' id='word_1_75' title='bbox 353 1393 498 1464; x_wconf 88' lang='lat' dir='ltr'>adducat</span> <span class='ocrx_word' id='word_1_76' title='bbox 513 1396 554 1463; x_wconf 87' lang='lat' dir='ltr'>de</span> <span class='ocrx_word' id='word_1_77' title='bbox 571 1396 805 1464; x_wconf 74' lang='lat' dir='ltr'>communitate</span> <span class='ocrx_word' id='word_1_78' title='bbox 821 1396 982 1483; x_wconf 80' lang='lat' dir='ltr'>Civitatis,</span> <span class='ocrx_word' id='word_1_79' title='bbox 999 1395 1040 1464; x_wconf 90' lang='lat' dir='ltr'>de</span> <span class='ocrx_word' id='word_1_80' title='bbox 1056 1396 1187 1484; x_wconf 80' lang='lat' dir='ltr'>inJusto,</span> <span class='ocrx_word' id='word_1_81' title='bbox 1202 1401 1238 1464; x_wconf 85' lang='lat' dir='ltr'>ut</span> 
     </span>
     <span class='ocr_line' id='line_1_11' title="bbox 121 1500 1238 1594; baseline 0.002 -26"><span class='ocrx_word' id='word_1_82' title='bbox 121 1500 256 1590; x_wconf 86' lang='lat' dir='ltr'>justicia,</span> <span class='ocrx_word' id='word_1_83' title='bbox 272 1503 359 1587; x_wconf 91' lang='lat' dir='ltr'>quod</span> <span class='ocrx_word' id='word_1_84' title='bbox 375 1502 472 1571; x_wconf 89' lang='lat' dir='ltr'>inerit</span> <span class='ocrx_word' id='word_1_85' title='bbox 485 1524 672 1594; x_wconf 87' lang='lat' dir='ltr'>perpessus,</span> <span class='ocrx_word' id='word_1_86' title='bbox 698 1525 769 1573; x_wconf 91' lang='lat' dir='ltr'>cum</span> <span class='ocrx_word' id='word_1_87' title='bbox 787 1513 878 1573; x_wconf 86' lang='lat' dir='ltr'>carta</span> <span class='ocrx_word' id='word_1_88' title='bbox 893 1504 995 1572; x_wconf 80' lang='lat' dir='ltr'>vadat</span> <span class='ocrx_word' id='word_1_89' title='bbox 1009 1510 1042 1571; x_wconf 91' lang='lat' dir='ltr'>ct</span> <span class='ocrx_word' id='word_1_90' title='bbox 1056 1523 1128 1572; x_wconf 92' lang='lat' dir='ltr'>cum</span> <span class='ocrx_word' id='word_1_91' title='bbox 1145 1511 1238 1572; x_wconf 88' lang='lat' dir='ltr'>carta</span> 
     </span>
     <span class='ocr_line' id='line_1_12' title="bbox 125 1610 1236 1682; baseline 0.005 -7"><span class='ocrx_word' id='word_1_92' title='bbox 125 1611 235 1678; x_wconf 87' lang='lat' dir='ltr'>redeat.</span> <span class='ocrx_word' id='word_1_93' title='bbox 260 1611 351 1680; x_wconf 77' lang='lat' dir='ltr'>Nulli</span> <span class='ocrx_word' id='word_1_94' title='bbox 383 1611 531 1680; x_wconf 91' lang='lat' dir='ltr'>credatur</span> <span class='ocrx_word' id='word_1_95' title='bbox 546 1613 610 1681; x_wconf 90' lang='lat' dir='ltr'>nisi</span> <span class='ocrx_word' id='word_1_96' title='bbox 627 1619 748 1682; x_wconf 87' lang='lat' dir='ltr'>cartam</span> <span class='ocrx_word' id='word_1_97' title='bbox 779 1612 927 1682; x_wconf 89' lang='lat' dir='ltr'>habuerit</span> <span class='ocrx_word' id='word_1_98' title='bbox 942 1612 984 1680; x_wconf 90' lang='lat' dir='ltr'>de</span> <span class='ocrx_word' id='word_1_99' title='bbox 999 1610 1236 1681; x_wconf 78' lang='lat' dir='ltr'>Communitate</span> 
     </span>
     <span class='ocr_line' id='line_1_13' title="bbox 126 1717 274 1790; baseline 0.034 -5"><span class='ocrx_word' id='word_1_100' title='bbox 126 1717 274 1790; x_wconf 77' lang='lat' dir='ltr'>diritatis.</span> 
     </span>
    </p>
   </div>
   <div class='ocr_carea' id='block_1_3' title="bbox 235 1919 1108 1989">
    <p class='ocr_par' dir='ltr' id='par_1_3' title="bbox 235 1919 1108 1989">
     <span class='ocr_line' id='line_1_14' title="bbox 235 1919 1108 1989; baseline -0.001 -16"><span class='ocrx_word' id='word_1_101' title='bbox 235 1919 371 1988; x_wconf 76' lang='lat' dir='ltr'>(Ljnbics,</span> <span class='ocrx_word' id='word_1_102' title='bbox 391 1920 516 1974; x_wconf 74' lang='lat' dir='ltr'>Menum.</span> <span class='ocrx_word' id='word_1_103' title='bbox 535 1936 576 1986; x_wconf 81' lang='lat' dir='ltr'>sp.</span> <span class='ocrx_word' id='word_1_104' title='bbox 595 1921 660 1974; x_wconf 84' lang='lat' dir='ltr'>hist.</span> <span class='ocrx_word' id='word_1_105' title='bbox 679 1922 754 1974; x_wconf 81' lang='lat' dir='ltr'>Sina.</span> <span class='ocrx_word' id='word_1_106' title='bbox 773 1921 873 1974; x_wconf 79' lang='lat' dir='ltr'>Merid.</span> <span class='ocrx_word' id='word_1_107' title='bbox 892 1921 913 1973; x_wconf 86' lang='grc' dir='ltr'>Ι.</span> <span class='ocrx_word' id='word_1_108' title='bbox 933 1920 992 1974; x_wconf 77' lang='lat' dir='ltr'>ket.</span> <span class='ocrx_word' id='word_1_109' title='bbox 1015 1925 1055 1974; x_wconf 87' lang='lat'>11.</span> <span class='ocrx_word' id='word_1_110' title='bbox 1078 1923 1108 1989; x_wconf 81' lang='lat'>1.)</span> 
     </span>
    </p>
   </div>
   <div class='ocr_carea' id='block_1_4' title="bbox 544 2209 810 2223">
    <p class='ocr_par' dir='ltr' id='par_1_4' title="bbox 544 2209 810 2223">
     <span class='ocr_line' id='line_1_15' title="bbox 544 2209 810 2223; baseline -0.004 -1"><span class='ocrx_word' id='word_1_111' title='bbox 544 2209 810 2223; x_wconf 59' lang='grc' dir='ltr'>Ἣ-</span> 
     </span>
    </p>
   </div>
   <div class='ocr_carea' id='block_1_5' title="bbox 650 2739 704 2815">
    <p class='ocr_par' dir='ltr' id='par_1_5' title="bbox 650 2739 704 2815">
     <span class='ocr_line' id='line_1_16' title="bbox 650 2739 704 2815; baseline -0.037 0"><span class='ocrx_word' id='word_1_112' title='bbox 650 2739 704 2815; x_wconf 75' lang='lat'>80.</span> 
     </span>
    </p>
   </div>
   <div class='ocr_carea' id='block_1_6' title="bbox 130 2942 1239 3123">
    <p class='ocr_par' dir='ltr' id='par_1_6' title="bbox 130 2942 1239 3123">
     <span class='ocr_line' id='line_1_17' title="bbox 130 2942 1239 3035; baseline 0.007 -27"><span class='ocrx_word' id='word_1_113' title='bbox 130 2942 181 3012; x_wconf 85' lang='lat' dir='ltr'>HI.</span> <span class='ocrx_word' id='word_1_114' title='bbox 206 2945 287 3014; x_wconf 78' lang='lat' dir='ltr'>sea</span> <span class='ocrx_word' id='word_1_115' title='bbox 311 2945 490 3032; x_wconf 79' lang='lat' dir='ltr'>icirdlpnoir</span> <span class='ocrx_word' id='word_1_116' title='bbox 514 2945 699 3032; x_wconf 77' lang='lat' dir='ltr'>cdcmdnyo</span> <span class='ocrx_word' id='word_1_117' title='bbox 730 2969 752 3013; x_wconf 85' lang='lat' dir='ltr'>n</span> <span class='ocrx_word' id='word_1_118' title='bbox 782 2945 909 3033; x_wconf 77' lang='lat' dir='ltr'>epitroi</span> <span class='ocrx_word' id='word_1_119' title='bbox 939 2947 1059 3035; x_wconf 68' lang='lat' dir='ltr'>oppida</span> <span class='ocrx_word' id='word_1_120' title='bbox 1081 2951 1239 3022; x_wconf 81' lang='lat' dir='ltr'>eadmdra.</span> 
     </span>
     <span class='ocr_line' id='line_1_18' title="bbox 631 3054 725 3123; baseline 0.043 -5"><span class='ocrx_word' id='word_1_121' title='bbox 631 3054 725 3123; x_wconf 80' lang='lat'><strong><em>1183.</em></strong></span> 
     </span>
    </p>
   </div>
   <div class='ocr_carea' id='block_1_7' title="bbox 221 3247 1239 3332">
    <p class='ocr_par' dir='ltr' id='par_1_7' title="bbox 221 3247 1239 3332">
     <span class='ocr_line' id='line_1_19' title="bbox 221 3247 1239 3332; baseline -0.004 -11"><span class='ocrx_word' id='word_1_122' title='bbox 221 3253 259 3321; x_wconf 89' lang='lat' dir='ltr'>in</span> <span class='ocrx_word' id='word_1_123' title='bbox 273 3252 404 3321; x_wconf 88' lang='lat' dir='ltr'>nominc</span> <span class='ocrx_word' id='word_1_124' title='bbox 420 3252 541 3321; x_wconf 85' lang='lat' dir='ltr'>Sancte</span> <span class='ocrx_word' id='word_1_125' title='bbox 556 3251 726 3320; x_wconf 72' lang='lat' dir='ltr'>Trinitatis</span> <span class='ocrx_word' id='word_1_126' title='bbox 743 3259 776 3321; x_wconf 89' lang='lat' dir='ltr'>et</span> <span class='ocrx_word' id='word_1_127' title='bbox 790 3248 961 3320; x_wconf 86' lang='lat' dir='ltr'>Indiuidne</span> <span class='ocrx_word' id='word_1_128' title='bbox 976 3247 1132 3318; x_wconf 89' lang='lat' dir='ltr'>Unitatis.</span> <span class='ocrx_word' id='word_1_129' title='bbox 1168 3249 1239 3332; x_wconf 81' lang='lat' dir='ltr'>Qua</span> 
     </span>
    </p>
   </div>
   <div class='ocr_carea' id='block_1_8' title="bbox 129 3347 1377 3448">
    <p class='ocr_par' dir='ltr' id='par_1_8' title="bbox 129 3347 1377 3448">
     <span class='ocr_line' id='line_1_20' title="bbox 129 3347 1377 3448; baseline 0 -26"><span class='ocrx_word' id='word_1_130' title='bbox 129 3357 301 3430; x_wconf 80' lang='lat' dir='ltr'>racionabili</span> <span class='ocrx_word' id='word_1_131' title='bbox 317 3361 451 3448; x_wconf 89' lang='lat' dir='ltr'>pietatis</span> <span class='ocrx_word' id='word_1_132' title='bbox 468 3358 576 3428; x_wconf 89' lang='lat' dir='ltr'>studio</span> <span class='ocrx_word' id='word_1_133' title='bbox 591 3358 817 3428; x_wconf 87' lang='lat' dir='ltr'>Sacrosauotis</span> <span class='ocrx_word' id='word_1_134' title='bbox 832 3357 991 3444; x_wconf 79' lang='lat' dir='ltr'>EcclesiJ&#39;s</span> <span class='ocrx_word' id='word_1_135' title='bbox 1019 3357 1236 3444; x_wconf 80' lang='lat' dir='ltr'>conteruntur,</span> <span class='ocrx_word' id='word_1_136' title='bbox 1370 3347 1377 3372; x_wconf 88' lang='lat'>&#39;</span> 
     </span>
    </p>
   </div>
   <div class='ocr_carea' id='block_1_9' title="bbox 129 3465 1240 4745">
    <p class='ocr_par' dir='ltr' id='par_1_9' title="bbox 129 3465 1240 4745">
     <span class='ocr_line' id='line_1_21' title="bbox 129 3465 1239 3556; baseline 0.004 -27"><span class='ocrx_word' id='word_1_137' title='bbox 129 3471 158 3530; x_wconf 90' lang='lat' dir='ltr'>nt</span> <span class='ocrx_word' id='word_1_138' title='bbox 170 3469 313 3537; x_wconf 87' lang='lat' dir='ltr'>memorie</span> <span class='ocrx_word' id='word_1_139' title='bbox 328 3475 528 3556; x_wconf 77' lang='lat' dir='ltr'>posterorum</span> <span class='ocrx_word' id='word_1_140' title='bbox 544 3467 703 3537; x_wconf 80' lang='lat' dir='ltr'>tenaciter</span> <span class='ocrx_word' id='word_1_141' title='bbox 717 3465 899 3551; x_wconf 79' lang='lat' dir='ltr'>inhereant,</span> <span class='ocrx_word' id='word_1_142' title='bbox 921 3475 953 3534; x_wconf 91' lang='lat' dir='ltr'>ct</span> <span class='ocrx_word' id='word_1_143' title='bbox 978 3465 1137 3535; x_wconf 88' lang='lat' dir='ltr'>inuiolata</span> <span class='ocrx_word' id='word_1_144' title='bbox 1168 3485 1239 3554; x_wconf 89' lang='lat' dir='ltr'>per·</span> 
     </span>
     <span class='ocr_line' id='line_1_22' title="bbox 132 3572 1238 3664; baseline 0.003 -27"><span class='ocrx_word' id='word_1_145' title='bbox 132 3584 278 3664; x_wconf 86' lang='lat' dir='ltr'>maneant,</span> <span class='ocrx_word' id='word_1_146' title='bbox 294 3575 433 3664; x_wconf 80' lang='lat' dir='ltr'>procide</span> <span class='ocrx_word' id='word_1_147' title='bbox 448 3577 563 3644; x_wconf 81' lang='lat' dir='ltr'>statuit</span> <span class='ocrx_word' id='word_1_148' title='bbox 578 3577 755 3660; x_wconf 76' lang='lat' dir='ltr'>antiquitas</span> <span class='ocrx_word' id='word_1_149' title='bbox 770 3595 811 3642; x_wconf 90' lang='lat' dir='ltr'>ea</span> <span class='ocrx_word' id='word_1_150' title='bbox 825 3573 1068 3663; x_wconf 84' lang='lat' dir='ltr'>priuilegiorum</span> <span class='ocrx_word' id='word_1_151' title='bbox 1083 3572 1238 3642; x_wconf 84' lang='lat' dir='ltr'>firmitate</span> 
     </span>
     <span class='ocr_line' id='line_1_23' title="bbox 132 3681 1238 3774; baseline -0.002 -24"><span class='ocrx_word' id='word_1_152' title='bbox 132 3685 307 3768; x_wconf 86' lang='lat' dir='ltr'>perpetuari.</span> <span class='ocrx_word' id='word_1_153' title='bbox 324 3681 530 3774; x_wconf 80' lang='lat' dir='ltr'>Quapropter</span> <span class='ocrx_word' id='word_1_154' title='bbox 540 3686 611 3770; x_wconf 80' lang='lat' dir='ltr'>Ego</span> <span class='ocrx_word' id='word_1_155' title='bbox 627 3685 708 3753; x_wconf 89' lang='lat' dir='ltr'>Bela</span> <span class='ocrx_word' id='word_1_156' title='bbox 723 3683 841 3752; x_wconf 89' lang='lat' dir='ltr'>tercius</span> <span class='ocrx_word' id='word_1_157' title='bbox 857 3684 920 3752; x_wconf 90' lang='lat' dir='ltr'>Dei</span> <span class='ocrx_word' id='word_1_158' title='bbox 935 3681 1047 3768; x_wconf 82' lang='lat' dir='ltr'>gracia</span> <span class='ocrx_word' id='word_1_159' title='bbox 1062 3681 1238 3768; x_wconf 77' lang='lat' dir='ltr'>Hungarie,</span> 
     </span>
     <span class='ocr_line' id='line_1_24' title="bbox 131 3788 1238 3878; baseline 0.002 -24"><span class='ocrx_word' id='word_1_160' title='bbox 131 3789 294 3877; x_wconf 86' lang='lat' dir='ltr'>Dainacie,</span> <span class='ocrx_word' id='word_1_161' title='bbox 310 3791 478 3862; x_wconf 71' lang='lat' dir='ltr'>drowacie</span> <span class='ocrx_word' id='word_1_162' title='bbox 491 3795 657 3878; x_wconf 88' lang='lat' dir='ltr'>Rameque</span> <span class='ocrx_word' id='word_1_163' title='bbox 673 3795 743 3863; x_wconf 89' lang='lat' dir='ltr'>Rex</span> <span class='ocrx_word' id='word_1_164' title='bbox 757 3800 868 3860; x_wconf 90' lang='lat' dir='ltr'>notum</span> <span class='ocrx_word' id='word_1_165' title='bbox 884 3789 970 3860; x_wconf 84' lang='lat' dir='ltr'>facio</span> <span class='ocrx_word' id='word_1_166' title='bbox 980 3791 1106 3860; x_wconf 91' lang='lat' dir='ltr'>cunctis</span> <span class='ocrx_word' id='word_1_167' title='bbox 1117 3788 1238 3860; x_wconf 81' lang='lat' dir='ltr'>Christi</span> 
     </span>
     <span class='ocr_line' id='line_1_25' title="bbox 130 3894 1238 3988; baseline 0.005 -27"><span class='ocrx_word' id='word_1_168' title='bbox 130 3894 264 3968; x_wconf 89' lang='lat' dir='ltr'>ideiibns</span> <span class='ocrx_word' id='word_1_169' title='bbox 279 3909 345 3968; x_wconf 89' lang='lat' dir='ltr'>iam</span> <span class='ocrx_word' id='word_1_170' title='bbox 361 3901 525 3970; x_wconf 88' lang='lat' dir='ltr'>modernis</span> <span class='ocrx_word' id='word_1_171' title='bbox 541 3923 637 3987; x_wconf 90' lang='lat' dir='ltr'>quam</span> <span class='ocrx_word' id='word_1_172' title='bbox 654 3899 801 3988; x_wconf 89' lang='lat' dir='ltr'>posteris,</span> <span class='ocrx_word' id='word_1_173' title='bbox 818 3899 904 3985; x_wconf 91' lang='lat' dir='ltr'>quod</span> <span class='ocrx_word' id='word_1_174' title='bbox 920 3899 974 3985; x_wconf 89' lang='lat' dir='ltr'>pie</span> <span class='ocrx_word' id='word_1_175' title='bbox 998 3901 1151 3968; x_wconf 91' lang='lat' dir='ltr'>memorie</span> <span class='ocrx_word' id='word_1_176' title='bbox 1181 3917 1238 3984; x_wconf 83' lang='lat' dir='ltr'>pa·</span> 
     </span>
     <span class='ocr_line' id='line_1_26' title="bbox 130 4007 1236 4097; baseline 0.005 -29"><span class='ocrx_word' id='word_1_177' title='bbox 130 4007 170 4071; x_wconf 85' lang='lat' dir='ltr'>ter</span> <span class='ocrx_word' id='word_1_178' title='bbox 184 4026 268 4077; x_wconf 86' lang='lat' dir='ltr'>mens</span> <span class='ocrx_word' id='word_1_179' title='bbox 281 4009 353 4076; x_wconf 83' lang='lat' dir='ltr'>Rex</span> <span class='ocrx_word' id='word_1_180' title='bbox 369 4010 482 4097; x_wconf 80' lang='lat' dir='ltr'>Geysa</span> <span class='ocrx_word' id='word_1_181' title='bbox 498 4009 540 4077; x_wconf 93' lang='lat' dir='ltr'>de</span> <span class='ocrx_word' id='word_1_182' title='bbox 557 4009 676 4078; x_wconf 90' lang='lat' dir='ltr'>tributo</span> <span class='ocrx_word' id='word_1_183' title='bbox 692 4007 755 4076; x_wconf 83' lang='lat' dir='ltr'>sori</span> <span class='ocrx_word' id='word_1_184' title='bbox 769 4007 942 4080; x_wconf 86' lang='lat' dir='ltr'>Nitrieusis</span> <span class='ocrx_word' id='word_1_185' title='bbox 972 4007 1129 4076; x_wconf 85' lang='lat' dir='ltr'>ducentas</span> <span class='ocrx_word' id='word_1_186' title='bbox 1160 4026 1236 4094; x_wconf 90' lang='lat' dir='ltr'>pen·</span> 
     </span>
     <span class='ocr_line' id='line_1_27' title="bbox 132 4114 1239 4205; baseline 0.005 -27"><span class='ocrx_word' id='word_1_187' title='bbox 132 4130 188 4196; x_wconf 85' lang='lat' dir='ltr'>sas,</span> <span class='ocrx_word' id='word_1_188' title='bbox 203 4115 283 4184; x_wconf 87' lang='lat' dir='ltr'>sicut</span> <span class='ocrx_word' id='word_1_189' title='bbox 298 4119 334 4185; x_wconf 93' lang='lat' dir='ltr'>in</span> <span class='ocrx_word' id='word_1_190' title='bbox 349 4118 521 4205; x_wconf 85' lang='lat' dir='ltr'>priuilegio</span> <span class='ocrx_word' id='word_1_191' title='bbox 537 4117 640 4204; x_wconf 87' lang='lat' dir='ltr'>ipsius</span> <span class='ocrx_word' id='word_1_192' title='bbox 656 4119 846 4204; x_wconf 87' lang='lat' dir='ltr'>continetur,</span> <span class='ocrx_word' id='word_1_193' title='bbox 860 4117 1017 4204; x_wconf 89' lang='lat' dir='ltr'>hospitali</span> <span class='ocrx_word' id='word_1_194' title='bbox 1036 4114 1145 4184; x_wconf 90' lang='lat' dir='ltr'>domui</span> <span class='ocrx_word' id='word_1_195' title='bbox 1155 4115 1239 4183; x_wconf 84' lang='lat' dir='ltr'>eius·</span> 
     </span>
     <span class='ocr_line' id='line_1_28' title="bbox 130 4217 1238 4311; baseline 0.002 -28"><span class='ocrx_word' id='word_1_196' title='bbox 130 4217 192 4286; x_wconf 88' lang='lat' dir='ltr'>dem</span> <span class='ocrx_word' id='word_1_197' title='bbox 206 4223 276 4309; x_wconf 89' lang='lat' dir='ltr'>ioci,</span> <span class='ocrx_word' id='word_1_198' title='bbox 294 4225 465 4291; x_wconf 90' lang='lat' dir='ltr'>annuatim</span> <span class='ocrx_word' id='word_1_199' title='bbox 480 4222 714 4311; x_wconf 90' lang='lat' dir='ltr'>persoluendas</span> <span class='ocrx_word' id='word_1_200' title='bbox 731 4223 920 4292; x_wconf 89' lang='lat' dir='ltr'>contulerat.</span> <span class='ocrx_word' id='word_1_201' title='bbox 953 4222 1161 4292; x_wconf 90' lang='lat' dir='ltr'>Postmodum</span> <span class='ocrx_word' id='word_1_202' title='bbox 1178 4239 1238 4305; x_wconf 83' lang='lat' dir='ltr'>ego</span> 
     </span>
     <span class='ocr_line' id='line_1_29' title="bbox 130 4328 1239 4420; baseline 0.001 -28"><span class='ocrx_word' id='word_1_203' title='bbox 130 4333 249 4410; x_wconf 88' lang='lat' dir='ltr'>paterne</span> <span class='ocrx_word' id='word_1_204' title='bbox 265 4329 453 4400; x_wconf 90' lang='lat' dir='ltr'>denocionis</span> <span class='ocrx_word' id='word_1_205' title='bbox 469 4353 508 4398; x_wconf 91' lang='lat' dir='ltr'>ac</span> <span class='ocrx_word' id='word_1_206' title='bbox 533 4331 664 4420; x_wconf 87' lang='lat' dir='ltr'>pietatis</span> <span class='ocrx_word' id='word_1_207' title='bbox 695 4331 847 4419; x_wconf 89' lang='lat' dir='ltr'>imitator,</span> <span class='ocrx_word' id='word_1_208' title='bbox 877 4331 1061 4418; x_wconf 84' lang='lat' dir='ltr'>paupertati</span> <span class='ocrx_word' id='word_1_209' title='bbox 1092 4328 1239 4396; x_wconf 76' lang='lat' dir='ltr'>Ecclesia</span> 
     </span>
     <span class='ocr_line' id='line_1_30' title="bbox 133 4431 1238 4529; baseline 0.002 -32"><span class='ocrx_word' id='word_1_210' title='bbox 133 4431 293 4506; x_wconf 82' lang='lat' dir='ltr'>Nitriensis</span> <span class='ocrx_word' id='word_1_211' title='bbox 308 4441 363 4526; x_wconf 89' lang='lat' dir='ltr'>pie</span> <span class='ocrx_word' id='word_1_212' title='bbox 379 4441 596 4529; x_wconf 89' lang='lat' dir='ltr'>compaciens,</span> <span class='ocrx_word' id='word_1_213' title='bbox 627 4440 761 4508; x_wconf 88' lang='lat' dir='ltr'>terciam</span> <span class='ocrx_word' id='word_1_214' title='bbox 792 4445 917 4524; x_wconf 86' lang='lat' dir='ltr'>partem</span> <span class='ocrx_word' id='word_1_215' title='bbox 948 4438 1093 4508; x_wconf 89' lang='lat' dir='ltr'>eiusdem</span> <span class='ocrx_word' id='word_1_216' title='bbox 1125 4433 1238 4506; x_wconf 91' lang='lat' dir='ltr'>tributi</span> 
     </span>
     <span class='ocr_line' id='line_1_31' title="bbox 131 4543 1239 4634; baseline 0.005 -30"><span class='ocrx_word' id='word_1_217' title='bbox 131 4544 225 4620; x_wconf 82' lang='lat' dir='ltr'>pontis</span> <span class='ocrx_word' id='word_1_218' title='bbox 238 4545 382 4634; x_wconf 78' lang='lat' dir='ltr'>Narhyd,</span> <span class='ocrx_word' id='word_1_219' title='bbox 398 4554 430 4614; x_wconf 91' lang='lat' dir='ltr'>et</span> <span class='ocrx_word' id='word_1_220' title='bbox 446 4550 553 4634; x_wconf 89' lang='lat' dir='ltr'>pontis</span> <span class='ocrx_word' id='word_1_221' title='bbox 568 4549 623 4633; x_wconf 92' lang='lat' dir='ltr'>qui</span> <span class='ocrx_word' id='word_1_222' title='bbox 638 4555 686 4616; x_wconf 90' lang='lat' dir='ltr'>cst</span> <span class='ocrx_word' id='word_1_223' title='bbox 702 4567 815 4616; x_wconf 90' lang='lat' dir='ltr'>uersus</span> <span class='ocrx_word' id='word_1_224' title='bbox 830 4546 949 4634; x_wconf 88' lang='lat' dir='ltr'>anur,</span> <span class='ocrx_word' id='word_1_225' title='bbox 982 4553 1014 4614; x_wconf 87' lang='lat' dir='ltr'>et</span> <span class='ocrx_word' id='word_1_226' title='bbox 1045 4544 1166 4616; x_wconf 89' lang='lat' dir='ltr'>telonei</span> <span class='ocrx_word' id='word_1_227' title='bbox 1197 4543 1239 4610; x_wconf 88' lang='lat' dir='ltr'>de</span> 
     </span>
     <span class='ocr_line' id='line_1_32' title="bbox 134 4643 1240 4745; baseline 0.014 -37"><span class='ocrx_word' id='word_1_228' title='bbox 134 4643 206 4715; x_wconf 79' lang='lat' dir='ltr'>Turn</span> <span class='ocrx_word' id='word_1_229' title='bbox 220 4671 341 4724; x_wconf 84' lang='lat' dir='ltr'>annexa</span> <span class='ocrx_word' id='word_1_230' title='bbox 358 4663 418 4745; x_wconf 87' lang='lat' dir='ltr'>est,</span> <span class='ocrx_word' id='word_1_231' title='bbox 435 4676 508 4724; x_wconf 90' lang='lat' dir='ltr'>cum</span> <span class='ocrx_word' id='word_1_232' title='bbox 525 4657 635 4726; x_wconf 88' lang='lat' dir='ltr'>bitotis</span> <span class='ocrx_word' id='word_1_233' title='bbox 661 4655 857 4745; x_wconf 80' lang='lat' dir='ltr'>forensibus,</span> <span class='ocrx_word' id='word_1_234' title='bbox 891 4674 1025 4742; x_wconf 89' lang='lat' dir='ltr'>quornm</span> <span class='ocrx_word' id='word_1_235' title='bbox 1057 4655 1159 4724; x_wconf 88' lang='lat' dir='ltr'>maior</span> <span class='ocrx_word' id='word_1_236' title='bbox 1190 4662 1240 4724; x_wconf 87' lang='lat' dir='ltr'>est</span> 
     </span>
    </p>
   </div>
   <div class='ocr_carea' id='block_1_10' title="bbox 0 0 1586 5154">
    <p class='ocr_par' dir='ltr' id='par_1_10' title="bbox 0 0 1586 5154">
     <span class='ocr_line' id='line_1_33' title="bbox 0 0 1586 5154; baseline 0 0"><span class='ocrx_word' id='word_1_237' title='bbox 0 0 1586 5154; x_wconf 95' lang='lat' dir='ltr'> </span> 
     </span>
    </p>
   </div>
  </div>
 </body>
</html>
