3098 5132
809 275 965 372 Q

322 467 551 539 sollicitudinis
567 467 746 536 extcndere
762 469 933 556 actionem,
951 487 1008 551 per
1023 465 1155 534 nuncios
1181 473 1213 532 et
1237 466 1362 534 litteras
1378 475 1444 532 stu-
1529 465 1530 550 ἶ

322 577 429 646 doctis
445 575 585 658 efficere,
600 579 636 642 ut
651 572 694 642 ad
710 583 882 643 vacantem
899 575 1020 642 Sedem
1034 573 1142 641 nullus
1158 571 1300 657 eligatur
1326 574 1450 655 absque

325 693 433 754 vestra
449 682 651 752 conscientia
665 687 698 750 et
713 681 856 768 Capituli
870 680 1087 769 Spalatensis.
1111 679 1171 748 His
1186 680 1247 748 rite
1261 681 1401 767 peractis
1417 687 1450 747 et

331 794 418 860 viem
436 787 582 879 aggredi,
601 795 633 857 et
648 789 779 856 Curiam
796 790 946 876 poteritis
970 789 1097 875 absque
1123 787 1345 873 ambiguitatis
1369 809 1458 854 sern-

330 901 408 986 pulo
424 897 569 966 visitare.
594 899 697 984 Super
716 917 848 966 causam
863 919 953 985 vero,
970 917 1067 983 qnam
1085 896 1213 964 habetis
1229 914 1303 961 curn
1320 897 1451 962 concive

327 1012 434 1074 vestro
450 1001 630 1091 theodoro,
645 1024 718 1072 cunr
735 1023 836 1072 sonus
861 1003 963 1092 fuero,
991 1004 1214 1092 responsalem
1239 999 1456 1070 sufficientem

329 1115 522 1182 instructum
537 1112 692 1196 mittetis;
717 1116 751 1178 in
767 1113 859 1180 onius
877 1119 910 1179 et
925 1109 1106 1179 adversarii
1131 1113 1299 1196 presentia
1326 1109 1371 1194 id,
1403 1130 1455 1176 ro·

329 1222 417 1290 lente
432 1223 582 1304 Domino,
600 1219 786 1303 dictabitur,
810 1218 896 1302 qnod
922 1219 965 1284 de
991 1219 1067 1301 jnre
1096 1218 1257 1284 videbitur
1289 1215 1451 1304 expedire.

330 1329 420 1398 Bene
436 1330 554 1397 valete.

543 1525 672 1586 (Parieti,
692 1523 839 1588 Illyricum
858 1523 975 1574 Sacrum
993 1525 1040 1575 1v.
1060 1525 1120 1574 lriit.
1142 1522 1252 1581 337.1.)

868 2234 941 2302 149.

338 2435 484 2521 steteque
499 2436 591 2497 traci
600 2433 730 2519 pltepbk
744 2431 940 2513 kanonolrjctt
956 2431 1144 2496 Prodcnust
1168 2455 1190 2494 e
1207 2433 1354 2518 epalaloi
1377 2434 1458 2518 batp-

633 2563 640 2574 ’
684 2539 838 2604 solennat
854 2537 993 2624 ajdulja.
1021 2537 1117 2604 1228.

447 2733 525 2800 Viro
539 2732 720 2803 venerabili
737 2736 770 2799 et
785 2732 890 2800 amico
906 2731 1092 2819 karissimo,
1110 2731 1241 2802 domino
1259 2733 1294 2801 G.
1311 2733 1373 2800 Dei
1389 2755 1464 2818 gra·

339 2841 391 2908 cia
406 2839 593 2926 Spalatensi
608 2837 847 2908 Arcbidieeono
863 2847 896 2905 et
913 2837 1058 2907 eiusdem
1072 2840 1215 2908 Ecclesie
1224 2839 1375 2925 Oapitnlo
1385 2841 1466 2909 Tre·

339 2965 467 3031 gnanus
493 2945 704 3034 permissione
729 2945 850 3014 Divina
881 2945 1112 3032 'I'rrgnriensis
1143 2947 1288 3016 Ecclesie
1317 2949 1467 3017 minister

341 3054 481 3139 humilis,
498 3074 608 3122 eornm
623 3053 772 3122 subditus
797 3059 830 3121 et
854 3053 981 3123 amicus
996 3053 1029 3119 in
1045 3074 1123 3122 vero
1151 3055 1290 3123 salutari
1315 3057 1467 3125 salntem.

338 3160 592 3230 Universitatem
609 3161 770 3247 Vestram,
786 3161 829 3228 de
844 3180 910 3244 qua
926 3181 1004 3246 gero
1021 3170 1052 3229 et
1067 3162 1156 3248 gessi
1182 3181 1310 3248 semper
1338 3163 1466 3231 indubi-

338 3275 441 3336 tatam
457 3269 618 3354 fiduciam,
636 3268 816 3354 rogandam
832 3267 911 3336 duxi
926 3271 1120 3357 propensius
1136 3278 1169 3338 et
1195 3269 1361 3356 urendum,
1389 3293 1469 3356 qne-

338 3385 434 3444 tenus
448 3396 591 3444 meorum
610 3375 838 3460 obsequiorum
854 3375 983 3460 intuitu,
998 3376 1028 3444 si
1044 3397 1109 3461 qua
1124 3384 1209 3466 sunt
1225 3379 1278 3444 vel
1296 3378 1387 3446 vobis
1403 3381 1465 3446 ali-

340 3483 480 3568 qualiter
517 3483 705 3552 necessaria
744 3503 814 3551 esse
852 3491 1012 3571 poterunt,
1052 3483 1234 3552 Prodcucm
1267 3489 1470 3555 servientem

340 3595 485 3657 nostrum
501 3590 602 3658 filium
619 3597 651 3659 et
667 3591 918 3659 concanonicum
937 3591 1059 3678 injure
1075 3593 1304 3662 beneficiorum
1329 3615 1351 3660 a
1376 3595 1472 3662 beni-

341 3699 467 3781 gnitate
493 3703 602 3764 restrc
627 3698 692 3765 sibi
723 3698 975 3766 misericorditer
1006 3701 1208 3786 collatorum,
1240 3706 1467 3788 manutenere,

341 3804 453 3871 ionere
468 3809 500 3870 et
515 3803 629 3871 iuvare
645 3805 834 3893 dignemini,
850 3811 886 3872 ut
901 3805 972 3891 ipse
988 3813 1097 3875 vestro
1113 3805 1227 3875 lavore
1238 3809 1470 3878 resistentibus

339 3911 451 3978 valeat
466 3913 638 3996 contraire,
656 3912 833 3999 optinendo
849 3933 1027 3998 concessa3
1052 3923 1085 3982 et
1101 3936 1164 4002 ego
1180 3917 1214 3983 in
1230 3916 1300 4004 hoc,
1326 3919 1472 4002 qualiter

339 4039 391 4084 me
407 4017 553 4107 diligitis,
571 4022 700 4089 valeam
719 4040 925 4108 cognoscere,
943 4027 976 4088 et
990 4023 1205 4092 Universitati
1221 4025 1334 4092 Vestre
1350 4043 1474 4094 serena

339 4145 468 4212 semper
483 4131 650 4196 voluntate
665 4129 843 4212 gratiarum
861 4127 1045 4212 expendere
1060 4130 1211 4200 rationes.

547 4325 678 4388 OEarlati,
697 4325 844 4392 Illyricum
863 4327 979 4380 Sacrum
998 4330 1120 4381 1v.soe
1142 4333 1202 4382 338.
1215 4331 1246 4394 l.)
