3078 5128
556 353 716 470 Q

83 551 261 650 fragrancia
277 563 405 636 dilatari
422 563 549 650 debeat,
565 562 609 630 ad
634 563 708 630 illos
738 567 848 628 umen
880 557 1108 632 abundanoius
1141 577 1200 654 sne

81 672 295 742 munificencie
311 673 478 740 dexteram
494 677 622 739 tenetur
646 669 831 756 extendere,
857 689 937 754 quos
951 669 1109 755 preterita
1134 689 1201 750 me:

79 779 204 848 ritorum
220 779 365 863 insignia
379 778 518 846 reddunt
535 776 822 863 commendabiles,
839 783 872 845 et
898 794 1087 844 excrescens
1118 777 1201 844 bene

80 886 236 956 seruiendi
252 884 396 954 studium
412 883 454 954 de
469 883 523 954 die
538 885 573 952 in
589 883 675 952 diem
685 903 766 952 esse
798 882 989 970 comprobat
1018 884 1200 969 prompeio-

79 1014 133 1062 res
154 993 296 1062 Proinde
310 995 533 1062 uniuersorum
549 998 617 1060 tum
632 992 860 1060 modernorum
886 1011 983 1074 quam
1016 990 1198 1058 futurorum

79 1101 189 1169 Sancte
203 1101 322 1170 histris
337 1101 482 1169 Ecclesie
498 1100 636 1168 filiorum
654 1100 774 1168 noticie
790 1098 994 1186 presencium
1011 1097 1095 1168 serie
1106 1098 1199 1167 duxt-
1287 1109 1289 1113 ·

81 1229 143 1277 mus
159 1206 405 1297 declarandum,
422 1208 509 1293 quod
525 1229 584 1277 nos
602 1206 765 1293 quandam
781 1213 900 1274 terram
933 1207 1063 1274 nomine
1095 1205 1194 1276 Sous-

79 1317 161 1403 huth,
176 1337 273 1402 quam
291 1340 312 1385 a
327 1318 475 1384 Fabiano
491 1316 615 1385 Gemite
646 1317 745 1384 tratre
770 1315 916 1383 Marcelli
948 1335 1007 1402 pro
1039 1315 1198 1399 quinqua·

80 1423 162 1506 ginta
175 1425 297 1492 inercie
314 1426 584 1511 comparauimus,
600 1425 691 1491 cuius
717 1421 856 1512 pecunie
888 1443 1046 1490 summam
1079 1443 1099 1488 a
1131 1423 1196 1491 ium

82 1529 161 1599 dicto
175 1531 279 1600 tratre
294 1552 353 1600 sno
369 1531 493 1600 Gemite
510 1531 644 1599 (lamere
660 1537 770 1599 nostre
788 1529 1028 1616 tunotemporis
1039 1528 1198 1596 existente

79 1637 133 1705 sibi
148 1639 405 1724 assignanimus,
420 1639 468 1706 ita
484 1639 570 1722 quod
587 1637 676 1707 facto
694 1659 767 1705 enm
792 1635 905 1705 eodem
916 1644 1064 1724 compoto
1075 1635 1198 1706 dictam

80 1744 240 1830 mensium
256 1746 363 1832 ipsum
379 1746 567 1814 Marcellum
595 1745 751 1815 Comitem
782 1745 873 1813 fratri
906 1763 966 1812 suo
997 1743 1195 1831 persolnisse

80 1855 261 1940 innenimns,
277 1854 398 1924 dilecto
414 1849 446 1924 et
462 1847 551 1924 fideli
568 1863 678 1924 nostro
693 1855 791 1924 Naue
807 1847 1007 1942 procuratcri
1024 1849 1057 1922 et'
1089 1838 1197 1942 proni-

78 1961 133 2029 sori
148 1983 303 2046 equorum
321 1971 505 2034 nostrornm
521 1984 580 2051 pro
596 1963 664 2032 suis
689 1959 840 2032 fidelibus
871 1961 1020 2048 seruioijs
1050 1963 1093 2030 ab
1125 1963 1196 2050 ipso

78 2071 161 2139 uobis
174 2079 243 2138 tam
260 2073 296 2138 in
313 2071 425 2157 Regno
442 2092 539 2156 quam
556 2081 646 2140 extra
662 2073 817 2159 Regnum,
833 2077 865 2138 et
875 2069 1196 2138 maximeinRuchia

78 2177 129 2243 snb
143 2176 286 2263 quodum
303 2184 409 2246 castro
425 2180 556 2247 nomine
572 2177 707 2248 Ytoslov
717 2199 843 2246 summa
853 2173 1056 2264 strenuitate,
1072 2197 1197 2247 summo

81 2283 305 2353 sollicitudinis
321 2305 418 2372 opere
435 2287 641 2355 laudabiliter
656 2286 820 2376 exhibitis,
838 2286 900 2355 sibi
918 2291 949 2353 et
965 2305 1024 2372 per
1040 2303 1113 2352 enm
1130 2285 1197 2380 suis

78 2391 241 2461 heredibus
257 2411 298 2460 ac
314 2394 470 2462 heredum
486 2395 727 2464 successorihus
744 2395 812 2462 iure
828 2401 985 2481 perpetuo
1001 2391 1196 2463 contulimus

76 2500 314 2589 possidendam,
332 2507 364 2569 et
379 2503 413 2569 in
430 2504 672 2588 possessionem
689 2503 794 2588 ipsius
810 2509 892 2571 terre
909 2525 967 2589 per
984 2499 1115 2570 fidelem
1131 2501 1195 2588 pri·

77 2608 209 2676 shldnm
227 2617 374 2678 nostrum
392 2613 535 2681 Marcum
552 2612 593 2678 de
610 2611 705 2696 Gurg
723 2612 919 2679 auctoritate
950 2610 1055 2695 Regis
1086 2611 1194 2696 ipsum

79 2714 209 2784 lecimus
226 2717 399 2788 introduci.
423 2719 465 2786 Vt
480 2719 580 2806 igitur
597 2719 657 2788 hec
683 2741 704 2787 a
734 2719 827 2788 nobis
859 2713 1061 2787 liberalitate
1091 2719 1196 2804 Regia

78 2823 160 2892 lucta
177 2823 317 2894 donacio
334 2827 435 2896 nullis
452 2845 603 2913 umquam
615 2828 816 2913 temporibus
830 2828 935 2913 possit
945 2827 1129 2914 retraetari,
1139 2827 1197 2895 sed

76 2931 165 3002 salua
179 2951 310 3021 semper
326 2943 358 3002 et
373 2934 568 3006 inconeussa
584 2943 782 3025 permaneat,
798 2935 832 3002 in
849 2941 1076 3022 argumentum
1094 2921 1193 3015 dona·

74 3035 169 3107 rionis
184 3042 317 3109 anobis
333 3041 419 3110 lacte
436 3050 468 3111 et
484 3043 650 3128 amplioris
667 3042 744 3110 fidei
755 3044 991 3131 certitudinem,
1008 3049 1194 3138 presentem

73 3147 288 3218 concessimus
304 3151 461 3236 paginam
478 3143 720 3241 priuilegiautis
737 3149 839 3236 sigilli
856 3151 956 3220 nostri
974 3151 1150 3219 munimine
1160 3152 1194 3219 in

71 3261 259 3344 perpetuum
275 3261 467 3328 roboratam.
505 3261 624 3327 Datum
642 3281 700 3346 per
716 3279 832 3328 manus
847 3257 1034 3328 Reuerendi
1060 3258 1195 3346 Vgnlini

72 3359 257 3432 dolocensis
274 3367 523 3453 archiepiscopi
555 3371 589 3434 et
620 3369 695 3436 aule
725 3375 835 3436 nostre
868 3355 1194 3452 Cancellarij,'anno

70 3465 234 3539 Dominice
250 3473 497 3542 Incarnuciouis
514 3473 824 3543 M⁰CC⁰XXX⁰IIlt
849 3471 1038 3543 Venerabili
1054 3473 1193 3544 Roberto

69 3573 283 3664 Strigouiensi
330 3581 584 3670 Archiepiscopo
633 3583 814 3668 existente;
861 3581 977 3651 Cletbo
1032 3581 1193 3669 Agriensi‚

70 3679 223 3766 Gregorio
254 3685 436 3772 (lauriensi,
469 3687 596 3757 Briecio
621 3689 818 3775 Wachieusi,
843 3687 1074 3759 Bartholomeo'
1104 3691 1193 3760 Wes-

67 3790 245 3878 prumiensi,
271 3791 436 3880 Stephano
477 3795 702 3883 Zagrahiensi,
735 3793 961 3865 Bartholomoo
992 3795 1193 3883 Quinqueec-

66 3895 227 3986 clesiensi,
283 3899 454 3988 Reynuldo
485 3903 715 3987 'l'ransiluanm
762 3904 939 3974 Benedicto
986 3903 1192 3990 waradiensi

65 4005 248 4094 Episcopis,
274 4008 438 4080 Ecclesiae
470 4009 532 4078 Dei
564 4010 703 4080 feliciter
733 4012 1010 4102 gubernantibus,
1034 4011 1192 4099 Dyonisio

66 4110 185 4182 Comite
201 4113 364 4202 Palatino,
380 4107 545 4185 Demetrio
563 4119 637 4187 aule
654 4126 762 4187 nostre
779 4119 875 4187 Ouuie
906 4119 1031 4187 (inmite
1062 4125 1094 4187 et
1128 4113 1191 4212 bs*

66 4217 198 4310 eliensi,
213 4221 353 4291 Nicolao
370 4225 437 4293 filio
454 4227 558 4294 Boreh
571 4226 795 4313 supruniensi,
810 4229 969 4296 Ladialao
979 4229 1193 4320 blnsunienai,

65 4324 158 4397 Petro
173 4327 275 4398 fratre
291 4330 435 4401 Marcelli
445 4333 615 4420 Nitriensl,
634 4335 784 4405 Tcodoro
793 4337 879 4404 Noui
889 4335 1004 4418 (taetri,
1023 4333 1190 4424 Stephano

64 4431 284 4522 Bychoriensi,
301 4437 473 4526 lllyeheele
490 4441 556 4510 tilio
587 4442 683 4530 Opud
715 4443 863 4526 Albensi,
894 4441 1037 4511 Abranm
1068 4445 1191 4533 Ferrey

65 4541 167 4614 Csstri
200 4542 399 4632 comitibus3
440 4547 576 4620 Nicolao
608 4549 764 4634 Magistro
793 4551 1005 4622 Tamiccrum
1038 4547 1125 4642 (lgy)
1156 4559 1191 4638 et

65 4648 187 4724 comita
216 4651 422 4742 Posoniensi,
454 4655 609 4726 Mauricio
641 4659 888 4750 Dapiserorum,
919 4661 1092 4754 Myehnele
1123 4661 1188 4732 tilio

165 4790 270 4838 nom·
288 4789 372 4840 nuso.
388 4789 459 4846 etur,
478 4802 516 4822 -··
535 4795 606 4839 nucu.
624 4796 668 4850 xx,
1040 4773 1083 4876 ll,
