3078 5128
633 349 789 453 ‚aaa

155 544 294 628 gratnita
320 544 518 630 quandoque
536 516 702 630 gessimus)
711 565 788 630 erga
803 567 871 630 vos,
888 550 971 613 siant
987 553 1095 615 vestra
1121 543 1275 614 diseretio

153 652 260 719 melius
285 651 405 738 poterit
431 671 615 737 agnoscere
646 649 752 730 Quum
770 673 928 722 memores
946 655 1025 720 estis
1050 654 1212 722 credimus
1237 655 1277 720 de

156 781 276 847 guerra,
302 781 367 846 que
383 762 466 828 inter
481 782 540 828 nos
558 769 626 827 erat
643 760 770 846 quidem
798 768 830 826 et
847 762 1003 830 Comitem
1020 765 1162 846 Petrum,
1179 783 1274 846 quem

155 868 250 936 nichii
278 870 318 936 de
334 870 431 937 rebus
447 871 565 936 vestris
582 889 666 954 peno
692 890 751 936 nos
777 869 898 938 babere
913 871 1084 951 voluimus,
1102 871 1201 936 immo
1227 870 1275 936 di·

155 977 253 1044 ximus
280 983 312 1044 et
328 983 440 1044 notum
466 976 556 1044 uobis
581 977 729 1062 fecimus,
754 985 790 1043 ut
816 977 924 1044 omnia
941 998 1130 1062 quecunque
1155 984 1273 1064 vestra,

153 1105 210 1168 que
234 1092 327 1152 erant
351 1085 385 1150 in
403 1084 519 1152 insulis
544 1084 623 1150 etin
649 1084 719 1151 eius
736 1083 896 1172 districtu,
924 1087 1018 1152 saiva
1046 1094 1157 1153 essent
1186 1083 1273 1170 apud

153 1213 218 1258 nos.
249 1193 338 1272 Quia
352 1193 483 1260 inimico
500 1199 612 1260 nostro
631 1194 855 1278 prenominato
872 1193 996 1261 Comite
1012 1196 1107 1263 Petro
1124 1196 1158 1261 in
1174 1194 1275 1261 omni·

151 1301 214 1384 bus,
238 1299 463 1385 quodcumque
496 1299 659 1386 potuimus
690 1301 863 1388 offendere,
890 1302 974 1368 uuili
999 1323 1172 1388 pareamus
1202 1303 1275 1369 abs·

153 1428 209 1492 que
232 1407 330 1474 rebus
356 1407 483 1475 vestris.
516 1409 557 1473 Et
584 1409 612 1474 si
637 1407 757 1492 aliquis
791 1408 831 1476 de
862 1411 1061 1477 nostratibus
1085 1410 1277 1492 ignoranter

153 1515 306 1602 fecerunt,
324 1523 356 1582 et
372 1515 412 1581 de
428 1505 526 1583 rebus
543 1517 660 1584 vestris
683 1525 887 1604 acceperunt,
899 1520 1010 1586 statim
1025 1518 1134 1584 omnia
1149 1518 1274 1602 integre
1297 1548 1300 1554 ¹

154 1621 193 1689 ad
218 1643 274 1692 uos
302 1623 502 1691 rediderunt.
527 1623 592 1690 Sed
610 1645 666 1692 vos
682 1624 716 1690 in
733 1625 846 1693 eodem
864 1626 959 1692 modo
976 1646 1025 1712 ca,
1053 1645 1114 1711 que
1140 1626 1234 1692 uobis
1258 1645 1279 1690 a

158 1731 350 1800 vestratibus
368 1738 443 1798 sunt
458 1731 579 1816 ablata,
596 1731 689 1799 reddi
705 1732 839 1800 fecistis.
874 1733 924 1800 De
941 1734 1001 1802 boo
1028 1733 1114 1818 quod
1140 1729 1277 1818 queritis

154 1857 203 1906 res
225 1841 327 1906 vestri
357 1840 481 1906 inimici
495 1841 605 1924 Regis,
626 1841 712 1925 quod
738 1841 858 1908 cotidie
882 1863 939 1908 vos
966 1841 1112 1925 insidiet,
1141 1839 1276 1906 multum

158 1946 344 2033 gaudemus,
371 1947 399 2015 si
424 1949 574 2015 resistere
603 1949 663 2015 sibi
683 1948 839 2034 poteritis.
861 1949 1041 2034 Propterea
1065 1948 1108 2014 ad
1128 1949 1275 2032 benigni·

156 2059 249 2120 tatem
286 2063 428 2122 vestram
463 2055 627 2124 domiuum
654 2056 835 2124 Jobannem
876 2056 1023 2126 Judioem
1063 2075 1135 2145 eum
1163 2055 1277 2121 eodem

154 2160 279 2230 domino
306 2163 449 2249 Gazette,
476 2166 527 2230 oui
553 2171 628 2232 suut
652 2185 704 2231 res
730 2167 847 2245 ablate,
873 2166 999 2231 mittam
1025 2183 1157 2248 rogans,
1186 2163 1275 2246 quod

155 2289 208 2336 eas
233 2272 374 2356 benigne
397 2271 592 2358 recipientes
615 2271 675 2361 hia,
691 2293 754 2356 que
780 2273 930 2360 dixerint,
956 2271 1053 2338 fidem
1079 2270 1274 2337 adhibeatis.

153 2377 272 2445 Noseat
297 2379 398 2463 igitur
412 2389 524 2448 vestra
540 2379 724 2466 prudentia,
742 2380 826 2465 quod
852 2385 879 2449 si
895 2399 1009 2468 preces
1025 2388 1156 2448 nostras
1183 2399 1281 2446 exan-

155 2484 296 2556 diveritis
311 2488 344 2554 in
362 2489 425 2556 bae
441 2496 546 2578 parte,
571 2495 699 2556 vestras
715 2488 921 2557 admittemus
937 2495 1084 2576 tempore
1111 2494 1277 2574 oportuno.

255 2597 394 2664 Kivttl
412 2591 425 2664 ε’
445 2599 586 2666 Domino
609 2598 753 2667 Johanni
769 2599 929 2684 Dandulo,
952 2598 1077 2685 Comiti,
1102 2596 1274 2666 Judicibus

153 2708 183 2768 et
198 2703 409 2773 eonsiliariis.

255 2901 397 2964 (Eredetie
415 2901 592 2969 borhtrtydn
612 2920 629 2956 a
646 2903 723 2956 bdoai
737 2905 860 2957 esdsztri
873 2905 962 2958 titlaos
972 2905 1169 2976 levelttrban.)

578 3196 847 3209 m

674 3733 749 3801 194.

340 3933 488 4020 Raqazoi
504 3941 654 3998 statutum
671 3934 856 4018 afdrryttads
872 3933 960 4000 allon.
985 3933 1083 3999 1235.

252 4128 349 4195 Anno
365 4128 609 4195 incarnacionis
624 4129 755 4196 Domini
772 4129 945 4196 millesimo
971 4129 1192 4196 ducentesimo
1220 4131 1272 4196 tri·

147 4237 267 4320 gesimo
286 4237 410 4324 quinto,
429 4239 549 4304 mensis
566 4237 687 4323 Aprilis
704 4239 943 4305 tertiodecimo
971 4238 1025 4306 die
1049 4237 1202 4306 intrante.
1235 4239 1273 4303 In

147 4342 292 4412 Consilio
310 4346 414 4414 Parvo
431 4354 464 4412 et
479 4345 600 4430 Magno
616 4365 703 4413 more
719 4346 816 4413 solito
844 4367 901 4432 per
928 4367 1121 4433 campanam
1154 4345 1271 4413 coadu-

147 4461 230 4542 nato,
248 4461 281 4520 et
298 4454 447 4521 ordinata
464 4454 562 4522 Curia
578 4475 649 4520 cum
666 4457 773 4521 sonitu
791 4476 948 4540 compano
964 4456 996 4520 in
1014 4457 1142 4542 publico
1159 4454 1230 4523 foro
1252 4475 1272 4519 a

147 4561 236 4630 Petro
255 4565 297 4631 de
312 4563 491 4630 Beilislava.
507 4552 703 4629 Vioeeorni'te
720 4565 871 4650 Ruigusij,
888 4570 919 4630 et
934 4561 1133 4631 aJndieibus
1145 4575 1176 4630 ot
1188 4563 1270 4630 Con-

147 4669 278 4757 siliarijs
296 4671 337 4738 de
355 4671 461 4738 Parvo
478 4679 510 4738 et
526 4673 645 4754 Magno
662 4673 812 4758 Consilio,
832 4681 864 4738 et
880 4694 899 4738 a
915 4673 1040 4760 Populo
1057 4672 1192 4761 Ragusij
1206 4679 1270 4739 sta·
