3150 5162
864 935 942 1002 325.

334 1133 355 1195 1
361 1131 395 1196 V.
419 1129 547 1195 saaca
565 1131 660 1218 po‘po
684 1134 864 1216 coopertorii
887 1132 948 1197 IV.
974 1131 1056 1196 Belo
1074 1131 1248 1216 tir-alprat
1265 1155 1347 1198 ozon
1365 1135 1472 1199 iatc'z-

334 1239 477 1322 kedc'ctt,
507 1239 653 1324 melplpot
676 1264 697 1304 o
720 1240 854 1325 adpetiti
877 1241 1036 1305 cistereita
1061 1241 1287 1306 monostornnk
1308 1243 1362 1306 kc't
1387 1243 1469 1305 neol-

667 1360 729 1412 mot
751 1349 815 1414 oda
831 1352 1015 1414 hatarorott.
1041 1349 1139 1411 1259.

409 1541 570 1604 (Tkalesios,
590 1543 713 1592 Monum.
734 1542 799 1592 hiet.
819 1543 909 1605 Epioe.
930 1543 1126 1606 Zagrabiensis
1145 1543 1166 1590 I.
1187 1544 1245 1592 ket.
1269 1549 1328 1594 123.
1349 1545 1380 1606 1.)

765 1827 1031 1836 -a———ss

865 2361 938 2426 326.

336 2554 468 2620 Sdador
486 2559 602 2642 teapcri
616 2555 744 2619 bannaia
767 2555 956 2634 iteletlcvele,
980 2555 1126 2639 melplpel
1147 2551 1294 2639 bizonpos
1308 2554 1471 2640 foldekct

498 2683 519 2724 a
543 2661 693 2744 aepactae·
714 2659 921 2748 opdteripaak
945 2661 1008 2726 odo
1031 2662 1174 2726 hataroz.
1201 2663 1298 2728 1259.

441 2835 681 2938 Nocitagister
711 2853 898 2923 Alexander
929 2855 1039 2922 Bonus
1070 2855 1251 2922 Maritimus
1283 2861 1315 2921 ot
1347 2854 1473 2922 Comes

335 2961 564 3044 Zagrabiensis
580 2961 799 3043 significamus
816 2969 925 3029 tenore
943 2963 1144 3048 presencium
1170 2961 1340 3050 uniuersis,
1374 2963 1472 3045 quod

333 3087 430 3154 snper
446 3069 530 3136 sacto
548 3075 709 3164 terre-qne
725 3071 840 3154 incipit
856 3091 877 3135 a
893 3075 990 3155 ponte
1007 3069 1124 3156 Glyna,
1144 3077 1176 3134 et
1191 3067 1283 3134 vadit
1298 3089 1357 3154 per
1374 3071 1470 3136 viam

333 3194 486 3258 magnam
502 3196 604 3260 nsque
620 3176 663 3244 ad
680 3178 789 3260 Motoy
806 3179 840 3242 in
857 3177 973 3242 dextra
989 3184 1091 3264 parto,
1123 3177 1207 3243 inter
1222 3176 1384 3244 Abbatem
1401 3179 1470 3245 'Po—

333 3283 507 3367 plicensem
527 3305 567 3350 ex
584 3304 649 3350 una
664 3291 770 3370 parte,
802 3295 835 3352 et
850 3284 933 3351 filios
949 3285 1034 3350 Rata
1050 3284 1209 3350 exaltare
1225 3303 1333 3349 coram
1365 3284 1470 3352 nobis

334 3391 458 3472 questio
476 3397 664 3473 verteretur,
682 3399 715 3458 et
732 3389 844 3457 eadem
860 3391 977 3458 fuisset
995 3391 1136 3458 deducta
1151 3389 1195 3456 ad
1216 3391 1376 3476 judicium
1409 3389 1471 3456 do-

334 3495 413 3561 mini
429 3498 529 3563 nostri
547 3497 707 3581 Stephani
724 3498 828 3581 Bani;
851 3499 983 3564 tandem
1000 3497 1086 3567 idem
1102 3499 1214 3566 Banus
1230 3498 1361 3584 cognito
1387 3519 1469 3582 pro·

335 3603 568 3688 cessonegooij
586 3602 740 3690 decreuit,
773 3605 858 3671 sieut
873 3605 906 3670 in
925 3604 1069 3671 eiusdem
1086 3607 1171 3671 Beni
1187 3606 1304 3672 litteris
1334 3607 1469 3673 inueni·

333 3731 405 3776 mus
420 3710 593 3778 contineri:
609 3711 697 3794 qnod
712 3719 747 3777 vt
763 3712 911 3796 predicta
927 3719 1015 3778 terra
1031 3719 1114 3780 esset
1129 3714 1275 3781 Ecclesie
1289 3714 1469 3798 Topiioen-

333 3818 390 3904 sis,
414 3817 494 3882 Ivarr
510 3815 597 3882 filius
613 3817 766 3905 neronior,
784 3819 837 3900 qui
853 3839 910 3904 pro
936 3818 1066 3885 Abbate
1084 3820 1172 3884 litem
1196 3817 1341 3885 eiusdem
1373 3825 1467 3884 terre
1566 3899 1567 3914 χ

331 3927 493 4011 portabat,
511 3942 583 3988 eum
598 3921 680 3990 Ivan
696 3924 762 3992 filio
780 3923 883 3991 Ortnn
899 3926 941 3992 de
958 3925 1074 4011 Biyna,
1094 3932 1125 3990 et
1142 3926 1228 3992 Hnet
1244 3925 1377 3992 officiati
1394 3926 1468 3992 Ab·
1566 3915 1567 3950 ³

331 4031 417 4097 batis
433 4033 612 4116 memorati,
627 4032 768 4099 seeundo
784 4033 837 4098 die
853 4033 956 4098 Mario
972 4031 1169 4116 Magdatene
1186 4051 1293 4097 coram
1306 4030 1468 4114 Capitulo

334 4137 549 4222 Zagrabiensi
565 4137 697 4205 deberet
712 4145 858 4223 prestare
875 4146 1125 4206 sacramentum.
1165 4139 1313 4204 Instante
1344 4138 1469 4221 itaque

336 4246 390 4312 die
406 4247 599 4312 sacramenti
616 4245 697 4313 Ivan
714 4245 779 4314 tilio
795 4245 938 4312 Jerozlai
955 4267 1029 4313 oum
1046 4244 1241 4313 adiudicatis
1257 4244 1320 4311 sibi
1345 4264 1467 4330 preno-

330 4352 408 4420 tatis
426 4353 517 4418 inxta
533 4353 670 4420 formam
686 4353 899 4439 prescriptam
915 4353 1060 4439 prestitit
1078 4360 1324 4420 sacramentum.
1364 4351 1469 4419 Unde

272 4525 276 4532 .
330 4461 408 4548 quia
423 4461 456 4528 in
475 4462 576 4548 ipsius
591 4463 675 4528 Bani
691 4462 809 4529 litteris
842 4463 1034 4542 habebatur,
1067 4463 1154 4544 qood
1186 4463 1321 4549 prestito
1352 4480 1466 4528 sacra·

329 4574 438 4636 mento
455 4570 528 4653 ipsa
544 4583 631 4635 terra
647 4569 689 4636 ad
705 4570 937 4638 Monasterium
954 4571 1149 4656 Toplioense
1165 4569 1295 4638 donolni
1307 4569 1465 4652 deberet3
