3078 5128
829 265 989 368 Q

344 466 494 550 rogation
511 469 622 530 nostru
639 461 781 548 emplius
812 471 968 549 perpetue
997 461 1184 530 nullatenus
1216 461 1366 531 volumus
1399 479 1463 530 esse

346 575 520 655 obligatos.
544 571 653 638 Tenon
669 577 774 636 eutem
791 570 960 657 priuilegij
991 571 1070 636 Bele
1095 570 1150 636 aui
1175 572 1275 639 nostri
1308 573 1463 657 quondum

345 685 450 753 incliti
465 683 566 766 Regis
583 680 754 762 Hungarie
771 682 848 747 talis
865 687 932 746 est:

452 791 489 856 ln
506 789 635 856 nomine
651 787 713 854 sib.
730 787 812 852 Belo
828 787 888 853 stb.
915 786 1127 866 (kttvetirenik
1153 787 1213 854 111.
1239 789 1320 856 Bora
1351 788 1464 878 kirtly·

345 900 412 966 nalr
433 897 568 968 liutet-ki
583 895 824 982 privilegiuma,
840 894 923 959 mint
937 894 1069 960 fentebb
1087 897 1130 963 34
1157 915 1201 963 sn.
1219 893 1265 983 a.)

454 1009 563 1074 Tenon
602 1023 677 1070 vero
716 1001 884 1088 privilegij
926 1003 1028 1087 Regis
1069 1000 1205 1071 Andree
1235 1004 1339 1090 petris
1370 1005 1464 1072 nostri

345 1117 424 1184 talis
441 1121 508 1184 esi:

454 1223 492 1288 In
509 1219 636 1288 nomine
651 1219 713 1286 stb.
730 1217 877 1285 Andreas
894 1220 956 1289 stb.
984 1217 1199 1306 (ktivetkenik
1216 1221 1256 1287 ΙΙ.
1283 1221 1391 1290 Endre
1420 1219 1461 1286 iri·

347 1331 421 1417 rtly
440 1329 575 1398 lune-ki
592 1327 832 1416 privilegiuma,
849 1326 928 1393 mint
945 1327 1094 1412 Fejernei
1112 1325 1188 1395 cod.
1206 1327 1294 1414 Dipl.
1319 1329 1380 1397 ΙΙΙ.
1404 1327 1464 1396 ket

349 1447 377 1504 1.
396 1441 466 1504 reso
483 1442 559 1507 403.
577 1439 613 1516 l.)

455 1546 576 1613 Datum
593 1546 680 1632 apud
698 1545 895 1626 Tragurium
915 1547 984 1610 VI0.
1002 1543 1076 1612 idus
1091 1544 1206 1632 Meroij
1234 1567 1322 1618 enno
1346 1547 1466 1614 Domini

350 1655 383 1720 M
391 1653 453 1721 ⁰00
461 1653 573 1721 ⁰XL10.
595 1653 700 1740 Regni
717 1659 828 1720 eutem
846 1654 948 1722 nostri
965 1672 1052 1719 enno
1068 1654 1232 1739 septimo·

351 1853 409 1914 (IV.
434 1853 502 1905 Biia
526 1852 809 1922 kiu·uilynek1251-ki
844 1852 1014 1918 megero'stto
1052 1853 1257 1920 okmctnysboh
1292 1855 1366 1910 mint
1392 1855 1465 1908 mtto

799 1947 859 1994 259.
882 1958 920 1994 sz.
941 1943 1033 2007 alati.)

778 2231 1046 2244 —ffl——n

878 2681 951 2750 231.

352 2881 412 2947 IV.
430 2881 513 2945 Bo'lo
530 2879 707 2962 teti-utputo
718 2900 884 2964 poranoea
900 2881 1005 2945 Dones
1021 2879 1150 2963 ideireo,
1181 2883 1263 2966 ireqy
1279 2905 1301 2946 a
1326 2881 1465 2970 tepueirui

350 2995 492 3078 opdterip
500 2989 646 3074 jaoaitr
665 2987 767 3054 atina
783 2989 910 3074 helpeeq
926 2989 998 3054 ieiizt
1020 3013 1042 3054 o
1066 2988 1235 3055 itoteiroirat
1261 2990 1466 3076 ezebdlyozzu.

867 3100 964 3164 1242.

457 3292 540 3360 Belo
576 3295 640 3360 Dei
674 3294 787 3378 grecia
821 3293 989 3380 Hungorie
1016 3296 1088 3362 Rex
1116 3295 1266 3364 omnibus
1293 3298 1466 3380 presentem

349 3403 499 3488 peginam
516 3399 708 3487 inspecturis
725 3403 863 3468 sulutem
877 3401 910 3467 in
922 3403 1051 3468 domino
1067 3403 1147 3470 Jesn
1165 3401 1304 3470 Christo.
1320 3403 1467 3486 Utposte·
1516 3451 1517 3465 ,

348 3529 454 3575 rorum
470 3507 589 3574 notieie
605 3509 728 3592 liquido
754 3515 866 3596 posset
893 3511 1071 3578 clarescere
1098 3509 1184 3594 quod
1208 3510 1346 3595 provide
1370 3515 1401 3576 et
1424 3513 1467 3574 et·

346 3621 435 3682 tento
468 3615 636 3683 ordinetur
674 3617 716 3682 eb
752 3615 873 3699 aliquo,
907 3617 1079 3702 presertim
1116 3618 1271 3701 quociens
1307 3616 1466 3701 negocium

347 3722 492 3808 parcium
511 3723 553 3788 de
581 3723 698 3806 Regali
723 3723 927 3790 consciencia
952 3723 1022 3790 sine
1048 3723 1158 3791 debito
1184 3723 1386 3810 terminetur,
1409 3722 1466 3790 sol·
1515 3725 1516 3769 t

349 3831 447 3896 ierter
467 3835 515 3896 est
540 3829 705 3914 provisum
731 3829 897 3896 literarum
924 3832 1106 3914 patrocinio
1135 3831 1296 3898 stabilire.
1330 3833 1466 3916 Enprop·

349 3945 397 4002 ter
432 3936 475 4002 ad
509 3937 665 4004 noticiam
700 3939 928 4003 universorum
964 3939 1112 4006 volumus
1147 3937 1318 4023 pervenire
1350 3963 1358 4002 ε
1385 3933 1465 4020 quod
1514 3953 1515 4012 t

353 4044 513 4112 accedens
536 4045 579 4111 ed
611 4048 816 4132 presencium
837 4052 980 4112 nostrum
1007 4044 1143 4112 diiectcs
1169 4046 1262 4114 nobis
1288 4047 1322 4114 in
1348 4045 1466 4113 Christo
1514 4017 1515 4075 i

347 4151 512 4217 Johennes
538 4151 650 4218 Abbae
684 4151 725 4218 de
750 4151 886 4236 Topiiou
911 4151 1077 4220 humiliter
1102 4153 1197 4220 nobis
1226 4149 1420 4238 supplicavit
1435 4153 1464 4213 et
1513 4193 1514 4226 r

347 4260 504 4325 instanter
521 4282 528 4322 :
546 4257 630 4340 quod
649 4279 705 4324 nos
732 4258 924 4326 divisionem
950 4269 1034 4328 terre
1050 4259 1159 4327 Gastri
1184 4258 1227 4326 de
1253 4258 1364 4326 (inore
1387 4258 1462 4324 inter

347 4365 452 4448 ipsum
488 4365 528 4430 ab
564 4386 629 4432 una
662 4373 765 4452 perte,
793 4375 825 4433 et
851 4369 1023 4435 Glinenses
1056 4366 1098 4433 ab
1134 4366 1240 4434 ultera
1265 4365 1389 4434 foetam
1409 4381 1463 4449 per
1512 4441 1513 4452 ἵ

351 4471 507 4538 Comitem
542 4473 695 4559 Marcum,
728 4473 830 4539 filium
859 4473 1054 4560 Borechuni,
1082 4471 1280 4542 destinatum
1307 4473 1352 4540 od
1376 4473 1464 4539 hooc

351 4577 467 4644 dilecto
484 4584 516 4646 ct
531 4577 618 4648 fideli
634 4587 741 4650 nostro
758 4581 917 4672 Dyonisio
933 4583 1035 4668 Beue,
1051 4581 1103 4650 cui
1119 4581 1180 4650 hoc
1196 4582 1284 4653 idern
1309 4577 1464 4668 spcinliter
