3098 5132
591 1023 666 1095 los.

81 1226 120 1291 ll
135 1223 237 1292 Eodra
251 1224 362 1310 kirdly
381 1223 484 1292 Ochos
499 1223 626 1290 bonnae
650 1224 841 1310 oisaaoodja
866 1224 1049 1292 Kcamcoc'cc
1073 1225 1191 1310 helyse-

81 1343 132 1419 pet,
145 1335 248 1426 mclyct
263 1331 329 1400 III.
346 1333 430 1398 Bata
447 1333 558 1418 lcirdly
573 1333 681 1398 oonak
697 1333 839 1420 ctyjdtdl
853 1334 987 1418 elocuto,
1010 1357 1032 1398 α
1056 1333 1193 1419 saccati

341 1441 529 1528 epybdaraok
544 1441 795 1527 cdoondoyozott
812 1439 907 1506 1221.

173 1637 208 1702 ln
245 1635 378 1704 nomine
408 1637 528 1704 Sancte
568 1637 737 1706 Trinitatis
769 1645 802 1706 et
832 1635 1003 1704 individue
1036 1635 1187 1704 Unitatis.

83 1742 213 1812 Andreas
243 1745 306 1810 Dei
337 1744 450 1830 gracia
480 1743 657 1831 Hungarie,
688 1743 864 1826 Dalmatis,
896 1743 1034 1832 Oroatis,
1074 1745 1189 1831 Rame,

85 1849 193 1937 Scrric,
222 1853 355 1938 Galitie,
395 1851 650 1938 bodomariequc
690 1855 757 1920 ltex
789 1854 823 1919 in
854 1861 1055 1938 perpetuum.
1088 1853 1190 1936 Regio

81 1956 231 2042 dignitatis
257 1961 415 2028 incumbit
439 1960 556 2048 officio,
583 1969 618 2028 ut
643 1961 761 2054 illorun
788 1960 973 2048 peticiones,
990 1979 1072 2044 quos
1089 1961 1192 2043 Regni

82 2064 196 2134 utilitati
207 2065 386 2152 honorique
399 2069 503 2153 Regia
518 2069 643 2136 Corone
658 2067 830 2155 pervigiles
846 2075 980 2154 experto
995 2066 1193 2151 cognoverit,

84 2171 204 2259 benigno
218 2173 332 2242 lavore
347 2183 571 2262 prosequatur.
588 2176 673 2243 Hinc
690 2182 758 2243 est:
774 2175 860 2260 quod
876 2183 998 2242 terram
1025 2171 1191 2256 quandam

84 2281 133 2346 sub
153 2281 315 2372 lleymulr,
340 2283 470 2352 nomine
497 2285 701 2372 Kemesnice,
726 2303 823 2370 quam
851 2290 945 2369 pater
960 2287 1072 2350 noster
1087 2279 1191 2347 felicis

85 2393 220 2458 memorie
250 2393 321 2458 Rex
351 2392 443 2474 Belo,
477 2393 601 2461 maiore
632 2391 757 2478 Ochua,
788 2399 880 2478 patre
911 2390 1065 2460 videlieet
1081 2387 1190 2456 chrm

85 2495 152 2564 Enni
173 2499 365 2587 abstulerat,
391 2505 423 2566 et
452 2501 668 2586 Zagrabiensi
707 2499 854 2570 Ecclesie
885 2520 944 2588 per
984 2499 1189 2586 privilegium

86 2609 249 2676 contulerat
279 2617 435 2694 perpetuo
466 2611 709 2696 possidendam,
740 2611 784 2677 ad
815 2611 1010 2678 instanciam
1036 2607 1144 2676 dilecti
1162 2613 1194 2673 et

88 2711 174 2783 idelis
189 2717 293 2784 nostri
309 2714 420 2784 chua
437 2719 528 2803 Bani,
545 2726 577 2787 et
602 2719 743 2787 maxime
760 2719 837 2804 quia
854 2719 888 2784 in
913 2717 1061 2786 ducentis
1078 2714 1196 2782 marcis

89 2823 306 2910 persolvendis,
323 2845 406 2908 quas
416 2828 511 2894 nobis
522 2825 562 2892 de
574 2827 795 2894 ultramarinis
805 2825 955 2913 partibus
971 2823 1192 2893 remeantibus

88 2933 345 3018 accomodaverat,
363 2933 426 3000 sibi
441 2934 639 3022 tenebamur,
658 2935 771 3003 eodem
788 2936 858 3002 iure
875 2941 906 3001 et
923 2933 1083 3001 libertatis
1099 2929 1193 2998 titulo

89 3053 140 3117 qno
153 3039 301 3108 Ecclesia
326 3061 399 3110 eam
425 3042 623 3130 possidebat,
650 3043 793 3110 scilicet:
825 3063 885 3112 nec
910 3041 1107 3108 marturinas
1137 3057 1197 3104 nec

88 3144 155 3213 alias
169 3149 363 3217 exacciones
379 3169 441 3233 que
457 3159 533 3218 sunt
557 3151 607 3219 vei
623 3171 686 3236 que
703 3151 784 3220 sorte
799 3151 834 3217 in
849 3151 976 3218 Banatu
993 3147 1195 3231 emerserint,

90 3271 136 3318 nco
147 3254 281 3324 ritualia
290 3257 442 3341 Banatui,
459 3278 518 3326 nec
529 3259 705 3344 Vicebano,
722 3259 826 3326 incole
837 3257 1023 3326 earumdem
1041 3265 1197 3322 terrarum

90 3363 196 3432 solvere
211 3365 417 3454 tenebantur,
432 3389 490 3454 per
505 3367 631 3434 fidelem
648 3377 793 3436 nostrum
809 3368 936 3434 Reinolt
955 3367 1057 3435 filium
1074 3365 1197 3432 Pertolt

90 3466 136 3533 sibi
151 3478 181 3537 et
204 3493 265 3558 per
290 3493 363 3540 eum
389 3475 456 3542 suis
484 3475 658 3542 heredibus
684 3475 753 3542 iure
779 3483 936 3562 perpetuo
962 3473 1193 3560 possidendam

90 3577 279 3669 restituimus,
304 3587 337 3647 et
351 3602 409 3668 per
435 3583 572 3651 eundem
597 3584 736 3673 Rsinolt,
750 3583 899 3652 Ecclesia
914 3581 1139 3668 Zagrabicnsi,
1156 3599 1197 3646 ne

91 3683 112 3746 ci
138 3685 279 3755 iniuriari
311 3697 345 3756 et
384 3689 647 3775 predecessorum
672 3699 853 3760 nostrorum
886 3693 1083 3760 elemosinas
1110 3687 1196 3755 velle

92 3797 247 3864 ntncurc
271 3797 464 3885 videremur,
489 3821 548 3888 pro
563 3799 711 3887 predicta
735 3806 821 3868 terra
848 3801 978 3868 nominc
994 3799 1196 3880 Kemesnice,

92 3907 176 3972 terras
215 3906 355 3976 eandem
396 3907 618 3992 equivalentes
666 3911 708 3978 do
748 3910 866 3979 nostris
908 3910 1001 3978 terris
1041 3909 1195 3995 propriis,

93 4009 213 4082 scilieet:
230 4014 272 4082 de
288 4017 385 4084 terris
401 4016 504 4084 Casiri
517 4017 749 4102 Zagrabicnsis
770 4025 872 4087 terras
891 4018 1060 4086 videlicet:
1078 4015 1198 4100 Rodos,

95 4114 215 4210 Widuse,
233 4121 347 4209 Oupuc
363 4129 396 4192 et
411 4125 543 4210 Braien,
557 4147 579 4192 a
595 4123 710 4194 Oastro
734 4125 952 4210 Zagrabiensi
969 4129 1133 4210 exceptas,
1150 4122 1192 4189 od

95 4223 324 4316 beneplatcitum
351 4233 505 4320 Episcopi
531 4241 563 4301 et
586 4234 691 4302 tocius
715 4233 869 4322 Capituli,
894 4235 1016 4302 eisdem
1033 4233 1151 4300 debitis
1167 4239 1199 4298 ct

96 4339 227 4428 serviciis,
254 4341 494 4424 quibusincolc
510 4343 686 4411 earundem
718 4351 876 4413 terrarum
902 4344 1042 4412 Eanatui
1073 4343 1198 4410 servire

96 4447 276 4530 tenebantur,
321 4451 468 4518 Ecclesia
516 4459 671 4538 perpetuo
721 4451 939 4539 possidendas
990 4451 1195 4534 contulimus,

97 4556 286 4625 concedentes
319 4559 504 4626 earumdem
536 4568 694 4628 terrarum
723 4561 1005 4646 inhabitatoribus,
1038 4559 1123 4644 quod
1138 4579 1199 4624 uec

97 4667 281 4755 umnnnas,
305 4689 366 4735 nec
393 4668 593 4756 descensum,
620 4691 681 4737 neo
707 4669 791 4737 alias
808 4673 1011 4755 exacciones,
1039 4689 1101 4753 <luc
1119 4668 1200 4734 forte

180 4801 281 4846 uonna.
296 4803 379 4846 mino.
396 4805 465 4843 nrsr.
484 4815 528 4830 -
545 4806 617 4848 nrru,
632 4807 676 4846 xx.
1050 4783 1088 4844 11
