<?xml version="1.0" encoding="UTF-8"?>
<!DOCTYPE html PUBLIC "-//W3C//DTD XHTML 1.0 Transitional//EN"
    "http://www.w3.org/TR/xhtml1/DTD/xhtml1-transitional.dtd">
<html xmlns="http://www.w3.org/1999/xhtml" xml:lang="en" lang="en">
 <head>
  <title>
</title>
<meta http-equiv="Content-Type" content="text/html;charset=utf-8" />
  <meta name='ocr-system' content='tesseract 3.04.00' />
  <meta name='ocr-capabilities' content='ocr_page ocr_carea ocr_par ocr_line ocrx_word'/>
</head>
<body>
  <div class='ocr_page' id='page_1' title='image "./codexdiplomatic10wenzgoog_0414.png"; bbox 0 0 3080 5146; ppageno 0'>
   <div class='ocr_carea' id='block_1_1' title="bbox 708 884 783 953">
    <p class='ocr_par' dir='ltr' id='par_1_1' title="bbox 708 884 783 953">
     <span class='ocr_line' id='line_1_1' title="bbox 708 884 783 953; baseline -0.027 0"><span class='ocrx_word' id='word_1_1' title='bbox 708 884 783 953; x_wconf 74' lang='lat' dir='ltr'>teo.</span> 
     </span>
    </p>
   </div>
   <div class='ocr_carea' id='block_1_2' title="bbox 167 1078 1310 1276">
    <p class='ocr_par' dir='ltr' id='par_1_2' title="bbox 167 1078 1310 1276">
     <span class='ocr_line' id='line_1_2' title="bbox 167 1078 1310 1170; baseline 0 -18"><span class='ocrx_word' id='word_1_2' title='bbox 167 1078 198 1152; x_wconf 74' lang='lat' dir='ltr'>d</span> <span class='ocrx_word' id='word_1_3' title='bbox 199 1079 235 1150; x_wconf 88' lang='lat' dir='ltr'>V.</span> <span class='ocrx_word' id='word_1_4' title='bbox 251 1083 338 1150; x_wconf 77' lang='lat' dir='ltr'>Belo</span> <span class='ocrx_word' id='word_1_5' title='bbox 354 1082 463 1168; x_wconf 59' lang='lat' dir='ltr'>teraty</span> <span class='ocrx_word' id='word_1_6' title='bbox 479 1083 608 1148; x_wconf 78' lang='lat' dir='ltr'>clintdaa&#39;</span> <span class='ocrx_word' id='word_1_7' title='bbox 623 1101 644 1145; x_wconf 86' lang='lat' dir='ltr'>a</span> <span class='ocrx_word' id='word_1_8' title='bbox 659 1082 769 1147; x_wconf 76' lang='lat' dir='ltr'>caiani</span> <span class='ocrx_word' id='word_1_9' title='bbox 782 1081 937 1170; x_wconf 70' lang='lat' dir='ltr'>veodtpet</span> <span class='ocrx_word' id='word_1_10' title='bbox 951 1085 970 1147; x_wconf 77' lang='grc' dir='ltr'>ε’</span> <span class='ocrx_word' id='word_1_11' title='bbox 984 1105 1022 1148; x_wconf 80' lang='lat' dir='ltr'>aa</span> <span class='ocrx_word' id='word_1_12' title='bbox 1036 1083 1158 1150; x_wconf 66' lang='lat' dir='ltr'>emetat</span> <span class='ocrx_word' id='word_1_13' title='bbox 1176 1085 1310 1154; x_wconf 74' lang='lat' dir='ltr'>tatem</span> 
     </span>
     <span class='ocr_line' id='line_1_3' title="bbox 383 1189 1107 1276; baseline 0.001 -22"><span class='ocrx_word' id='word_1_14' title='bbox 383 1189 565 1256; x_wconf 79' lang='lat' dir='ltr'>birtokoeok</span> <span class='ocrx_word' id='word_1_15' title='bbox 580 1189 663 1255; x_wconf 77' lang='lat' dir='ltr'>toztt</span> <span class='ocrx_word' id='word_1_16' title='bbox 677 1189 992 1276; x_wconf 70' lang='lat' dir='ltr'>cpyenatlenedpeket.</span> <span class='ocrx_word' id='word_1_17' title='bbox 1008 1189 1107 1255; x_wconf 84' lang='lat'><strong><em>1251.</em></strong></span> 
     </span>
    </p>
   </div>
   <div class='ocr_carea' id='block_1_3' title="bbox 284 1349 1307 1473">
    <p class='ocr_par' dir='ltr' id='par_1_3' title="bbox 284 1349 1307 1473">
     <span class='ocr_line' id='line_1_4' title="bbox 284 1349 1307 1473; baseline 0.002 -22"><span class='ocrx_word' id='word_1_18' title='bbox 284 1385 368 1453; x_wconf 89' lang='lat' dir='ltr'>Bela</span> <span class='ocrx_word' id='word_1_19' title='bbox 382 1349 444 1452; x_wconf 83' lang='lat' dir='ltr'>Dei</span> <span class='ocrx_word' id='word_1_20' title='bbox 459 1381 575 1469; x_wconf 74' lang='lat' dir='ltr'>grecia</span> <span class='ocrx_word' id='word_1_21' title='bbox 597 1381 777 1470; x_wconf 74' lang='lat' dir='ltr'>Hungarie,</span> <span class='ocrx_word' id='word_1_22' title='bbox 803 1383 984 1469; x_wconf 85' lang='lat' dir='ltr'>Daimaoie‚</span> <span class='ocrx_word' id='word_1_23' title='bbox 1016 1382 1163 1473; x_wconf 78' lang='lat' dir='ltr'>(troanie,</span> <span class='ocrx_word' id='word_1_24' title='bbox 1193 1386 1307 1464; x_wconf 83' lang='lat' dir='ltr'>Rama,</span> 
     </span>
    </p>
   </div>
   <div class='ocr_carea' id='block_1_4' title="bbox 161 1489 1310 2004">
    <p class='ocr_par' dir='ltr' id='par_1_4' title="bbox 161 1489 1310 2004">
     <span class='ocr_line' id='line_1_5' title="bbox 163 1489 1310 1581; baseline -0.002 -21"><span class='ocrx_word' id='word_1_25' title='bbox 163 1492 301 1581; x_wconf 76' lang='lat' dir='ltr'>eemie,</span> <span class='ocrx_word' id='word_1_26' title='bbox 317 1491 469 1579; x_wconf 82' lang='lat' dir='ltr'>Gallicis,</span> <span class='ocrx_word' id='word_1_27' title='bbox 485 1489 687 1576; x_wconf 87' lang='lat' dir='ltr'>Lodomerie,</span> <span class='ocrx_word' id='word_1_28' title='bbox 702 1491 924 1574; x_wconf 83' lang='lat' dir='ltr'>Gemanieqoe</span> <span class='ocrx_word' id='word_1_29' title='bbox 948 1493 1018 1560; x_wconf 83' lang='lat' dir='ltr'>Rex</span> <span class='ocrx_word' id='word_1_30' title='bbox 1042 1491 1190 1560; x_wconf 88' lang='lat' dir='ltr'>omnibns</span> <span class='ocrx_word' id='word_1_31' title='bbox 1217 1490 1310 1558; x_wconf 82' lang='lat' dir='ltr'>chri-</span> 
     </span>
     <span class='ocr_line' id='line_1_6' title="bbox 161 1590 1308 1684; baseline -0.002 -16"><span class='ocrx_word' id='word_1_32' title='bbox 161 1599 214 1668; x_wconf 79' lang='lat' dir='ltr'>sti</span> <span class='ocrx_word' id='word_1_33' title='bbox 229 1597 396 1682; x_wconf 86' lang='lat' dir='ltr'>fidelibus,</span> <span class='ocrx_word' id='word_1_34' title='bbox 412 1595 456 1664; x_wconf 84' lang='lat' dir='ltr'>ad</span> <span class='ocrx_word' id='word_1_35' title='bbox 471 1617 551 1683; x_wconf 86' lang='lat' dir='ltr'>qnos</span> <span class='ocrx_word' id='word_1_36' title='bbox 567 1617 701 1681; x_wconf 77' lang='lat' dir='ltr'>presens</span> <span class='ocrx_word' id='word_1_37' title='bbox 737 1597 847 1664; x_wconf 82' lang='lat' dir='ltr'>littera</span> <span class='ocrx_word' id='word_1_38' title='bbox 877 1590 1070 1684; x_wconf 82' lang='lat' dir='ltr'>peruenerit,</span> <span class='ocrx_word' id='word_1_39' title='bbox 1100 1601 1240 1666; x_wconf 87' lang='lat' dir='ltr'>salutem</span> <span class='ocrx_word' id='word_1_40' title='bbox 1272 1599 1308 1666; x_wconf 88' lang='lat' dir='ltr'>in</span> 
     </span>
     <span class='ocr_line' id='line_1_7' title="bbox 161 1703 1308 1790; baseline 0.002 -20"><span class='ocrx_word' id='word_1_41' title='bbox 161 1705 318 1772; x_wconf 88' lang='lat' dir='ltr'>omnium</span> <span class='ocrx_word' id='word_1_42' title='bbox 335 1704 508 1774; x_wconf 85' lang='lat' dir='ltr'>saluatora.</span> <span class='ocrx_word' id='word_1_43' title='bbox 531 1704 667 1788; x_wconf 77' lang='lat' dir='ltr'><strong>Regalis</strong></span> <span class='ocrx_word' id='word_1_44' title='bbox 683 1703 882 1789; x_wconf 86' lang='lat' dir='ltr'>sublimitas,</span> <span class='ocrx_word' id='word_1_45' title='bbox 907 1725 1008 1790; x_wconf 88' lang='lat' dir='ltr'>aqna</span> <span class='ocrx_word' id='word_1_46' title='bbox 1026 1712 1060 1772; x_wconf 88' lang='lat' dir='ltr'>st</span> <span class='ocrx_word' id='word_1_47' title='bbox 1074 1705 1258 1773; x_wconf 77' lang='lat' dir='ltr'>authoritas</span> <span class='ocrx_word' id='word_1_48' title='bbox 1273 1713 1308 1774; x_wconf 87' lang='lat' dir='ltr'>et</span> 
     </span>
     <span class='ocr_line' id='line_1_8' title="bbox 170 1809 1308 1898; baseline 0.002 -20"><span class='ocrx_word' id='word_1_49' title='bbox 170 1812 386 1896; x_wconf 79' lang='lat' dir='ltr'><strong>negociorum</strong></span> <span class='ocrx_word' id='word_1_50' title='bbox 402 1809 570 1878; x_wconf 88' lang='lat' dir='ltr'>stabilitas</span> <span class='ocrx_word' id='word_1_51' title='bbox 586 1811 736 1898; x_wconf 80' lang='lat' dir='ltr'>sumitur,</span> <span class='ocrx_word' id='word_1_52' title='bbox 767 1811 932 1880; x_wconf 86' lang='lat' dir='ltr'>subiectos</span> <span class='ocrx_word' id='word_1_53' title='bbox 948 1812 1010 1879; x_wconf 86' lang='lat' dir='ltr'>sibi</span> <span class='ocrx_word' id='word_1_54' title='bbox 1028 1813 1188 1896; x_wconf 86' lang='lat' dir='ltr'>quoslibet</span> <span class='ocrx_word' id='word_1_55' title='bbox 1217 1811 1308 1882; x_wconf 78' lang='lat' dir='ltr'>fouet</span> 
     </span>
     <span class='ocr_line' id='line_1_9' title="bbox 162 1913 1305 2004; baseline 0.003 -20"><span class='ocrx_word' id='word_1_56' title='bbox 162 1916 286 1984; x_wconf 76' lang='lat' dir='ltr'>taliter</span> <span class='ocrx_word' id='word_1_57' title='bbox 302 1922 335 1984; x_wconf 89' lang='lat' dir='ltr'>et</span> <span class='ocrx_word' id='word_1_58' title='bbox 349 1916 519 2003; x_wconf 79' lang='lat' dir='ltr'><strong>gubernat,</strong></span> <span class='ocrx_word' id='word_1_59' title='bbox 538 1913 625 2000; x_wconf 86' lang='lat' dir='ltr'>quod</span> <span class='ocrx_word' id='word_1_60' title='bbox 640 1937 722 1985; x_wconf 83' lang='lat' dir='ltr'>vnus</span> <span class='ocrx_word' id='word_1_61' title='bbox 738 1918 771 1984; x_wconf 94' lang='lat' dir='ltr'>in</span> <span class='ocrx_word' id='word_1_62' title='bbox 789 1917 1007 2001; x_wconf 88' lang='lat' dir='ltr'>preiodicinm</span> <span class='ocrx_word' id='word_1_63' title='bbox 1025 1919 1161 1988; x_wconf 89' lang='lat' dir='ltr'>alterius</span> <span class='ocrx_word' id='word_1_64' title='bbox 1180 1919 1305 2004; x_wconf 82' lang='lat' dir='ltr'>equita-</span> 
     </span>
    </p>
   </div>
   <div class='ocr_carea' id='block_1_5' title="bbox 60 2023 1307 2110">
    <p class='ocr_par' dir='ltr' id='par_1_5' title="bbox 60 2023 1307 2110">
     <span class='ocr_line' id='line_1_10' title="bbox 60 2023 1307 2110; baseline 0.006 -24"><span class='ocrx_word' id='word_1_65' title='bbox 60 2077 64 2086; x_wconf 87' lang='lat'><em>.</em></span> <span class='ocrx_word' id='word_1_66' title='bbox 165 2024 214 2091; x_wconf 85' lang='lat' dir='ltr'>tis</span> <span class='ocrx_word' id='word_1_67' title='bbox 230 2031 267 2092; x_wconf 89' lang='lat' dir='ltr'>ct</span> <span class='ocrx_word' id='word_1_68' title='bbox 281 2023 413 2092; x_wconf 84' lang='lat' dir='ltr'>iusticie</span> <span class='ocrx_word' id='word_1_69' title='bbox 427 2025 591 2091; x_wconf 88' lang='lat' dir='ltr'>tramitem</span> <span class='ocrx_word' id='word_1_70' title='bbox 607 2023 765 2091; x_wconf 73' lang='lat' dir='ltr'>excedere</span> <span class='ocrx_word' id='word_1_71' title='bbox 781 2043 848 2091; x_wconf 88' lang='lat' dir='ltr'>non</span> <span class='ocrx_word' id='word_1_72' title='bbox 863 2023 994 2110; x_wconf 85' lang='lat' dir='ltr'>poterit,</span> <span class='ocrx_word' id='word_1_73' title='bbox 1026 2025 1160 2092; x_wconf 88' lang='lat' dir='ltr'>eciamsi</span> <span class='ocrx_word' id='word_1_74' title='bbox 1186 2027 1307 2093; x_wconf 86' lang='lat' dir='ltr'>calem-</span> 
     </span>
    </p>
   </div>
   <div class='ocr_carea' id='block_1_6' title="bbox 163 2129 1306 4575">
    <p class='ocr_par' dir='ltr' id='par_1_6' title="bbox 163 2129 1306 4575">
     <span class='ocr_line' id='line_1_11' title="bbox 171 2129 1303 2216; baseline 0.003 -19"><span class='ocrx_word' id='word_1_75' title='bbox 171 2133 301 2199; x_wconf 87' lang='lat' dir='ltr'>niarum</span> <span class='ocrx_word' id='word_1_76' title='bbox 319 2138 352 2198; x_wconf 92' lang='lat' dir='ltr'>et</span> <span class='ocrx_word' id='word_1_77' title='bbox 367 2132 559 2199; x_wconf 85' lang='lat' dir='ltr'>iniuriamm</span> <span class='ocrx_word' id='word_1_78' title='bbox 576 2131 666 2198; x_wconf 88' lang='lat' dir='ltr'>accio</span> <span class='ocrx_word' id='word_1_79' title='bbox 683 2131 852 2198; x_wconf 86' lang='lat' dir='ltr'>materiam</span> <span class='ocrx_word' id='word_1_80' title='bbox 868 2129 1080 2196; x_wconf 88' lang='lat' dir='ltr'>ministrarat.</span> <span class='ocrx_word' id='word_1_81' title='bbox 1105 2131 1185 2199; x_wconf 81' lang='lat' dir='ltr'>Gom</span> <span class='ocrx_word' id='word_1_82' title='bbox 1202 2131 1303 2216; x_wconf 79' lang='lat' dir='ltr'>igitur</span> 
     </span>
     <span class='ocr_line' id='line_1_12' title="bbox 163 2235 1306 2325; baseline 0 -21"><span class='ocrx_word' id='word_1_83' title='bbox 163 2238 322 2324; x_wconf 63' lang='lat' dir='ltr'>hospites</span> <span class='ocrx_word' id='word_1_84' title='bbox 337 2241 439 2306; x_wconf 90' lang='lat' dir='ltr'>nostri</span> <span class='ocrx_word' id='word_1_85' title='bbox 456 2239 497 2305; x_wconf 91' lang='lat' dir='ltr'>de</span> <span class='ocrx_word' id='word_1_86' title='bbox 513 2237 624 2324; x_wconf 84' lang='lat' dir='ltr'>Scyna</span> <span class='ocrx_word' id='word_1_87' title='bbox 640 2239 748 2322; x_wconf 87' lang='lat' dir='ltr'>quoad</span> <span class='ocrx_word' id='word_1_88' title='bbox 764 2245 880 2322; x_wconf 85' lang='lat' dir='ltr'>terras,</span> <span class='ocrx_word' id='word_1_89' title='bbox 896 2241 932 2303; x_wconf 85' lang='lat' dir='ltr'>vt</span> <span class='ocrx_word' id='word_1_90' title='bbox 948 2235 1111 2325; x_wconf 77' lang='lat' dir='ltr'>dicebant,</span> <span class='ocrx_word' id='word_1_91' title='bbox 1144 2237 1306 2304; x_wconf 74' lang='lat' dir='ltr'>sufficien-</span> 
     </span>
     <span class='ocr_line' id='line_1_13' title="bbox 168 2343 1306 2431; baseline 0 -19"><span class='ocrx_word' id='word_1_92' title='bbox 168 2353 220 2413; x_wconf 85' lang='lat' dir='ltr'>tes</span> <span class='ocrx_word' id='word_1_93' title='bbox 235 2365 302 2412; x_wconf 91' lang='lat' dir='ltr'>non</span> <span class='ocrx_word' id='word_1_94' title='bbox 319 2345 487 2414; x_wconf 82' lang='lat' dir='ltr'>habebant</span> <span class='ocrx_word' id='word_1_95' title='bbox 503 2371 510 2413; x_wconf 74' lang='grc' dir='ltr'><strong><em>ε</em></strong></span> <span class='ocrx_word' id='word_1_96' title='bbox 526 2345 695 2430; x_wconf 85' lang='lat' dir='ltr'>pecierunt</span> <span class='ocrx_word' id='word_1_97' title='bbox 719 2365 739 2412; x_wconf 87' lang='lat' dir='ltr'>a</span> <span class='ocrx_word' id='word_1_98' title='bbox 768 2343 874 2431; x_wconf 89' lang='lat' dir='ltr'>nobis,</span> <span class='ocrx_word' id='word_1_99' title='bbox 906 2349 942 2410; x_wconf 87' lang='lat' dir='ltr'>vt</span> <span class='ocrx_word' id='word_1_100' title='bbox 966 2349 1071 2410; x_wconf 87' lang='lat' dir='ltr'>terras</span> <span class='ocrx_word' id='word_1_101' title='bbox 1101 2343 1242 2410; x_wconf 84' lang='lat' dir='ltr'>Keretus</span> <span class='ocrx_word' id='word_1_102' title='bbox 1272 2351 1306 2412; x_wconf 86' lang='lat' dir='ltr'>et</span> 
     </span>
     <span class='ocr_line' id='line_1_14' title="bbox 167 2449 1304 2538; baseline -0.001 -20"><span class='ocrx_word' id='word_1_103' title='bbox 167 2453 349 2520; x_wconf 86' lang='lat' dir='ltr'>Boltchard</span> <span class='ocrx_word' id='word_1_104' title='bbox 367 2452 514 2520; x_wconf 83' lang='lat' dir='ltr'>conferre</span> <span class='ocrx_word' id='word_1_105' title='bbox 529 2453 577 2519; x_wconf 89' lang='lat' dir='ltr'>eis</span> <span class='ocrx_word' id='word_1_106' title='bbox 592 2454 653 2519; x_wconf 89' lang='lat' dir='ltr'>sub</span> <span class='ocrx_word' id='word_1_107' title='bbox 669 2457 780 2518; x_wconf 90' lang='lat' dir='ltr'>nostro</span> <span class='ocrx_word' id='word_1_108' title='bbox 796 2449 971 2538; x_wconf 83' lang='lat' dir='ltr'>priuilegio</span> <span class='ocrx_word' id='word_1_109' title='bbox 986 2470 1046 2536; x_wconf 94' lang='lat' dir='ltr'>pro</span> <span class='ocrx_word' id='word_1_110' title='bbox 1072 2450 1214 2517; x_wconf 83' lang='lat' dir='ltr'>vtilitate</span> <span class='ocrx_word' id='word_1_111' title='bbox 1240 2451 1304 2518; x_wconf 91' lang='lat' dir='ltr'>Re·</span> 
     </span>
     <span class='ocr_line' id='line_1_15' title="bbox 168 2557 1303 2645; baseline -0.001 -19"><span class='ocrx_word' id='word_1_112' title='bbox 168 2560 227 2644; x_wconf 82' lang='lat' dir='ltr'>gia</span> <span class='ocrx_word' id='word_1_113' title='bbox 244 2559 464 2642; x_wconf 83' lang='lat' dir='ltr'>dignaremur.</span> <span class='ocrx_word' id='word_1_114' title='bbox 503 2561 621 2644; x_wconf 82' lang='lat' dir='ltr'>Itaque</span> <span class='ocrx_word' id='word_1_115' title='bbox 638 2559 717 2644; x_wconf 85' lang='lat' dir='ltr'>quia</span> <span class='ocrx_word' id='word_1_116' title='bbox 731 2557 853 2645; x_wconf 90' lang='lat' dir='ltr'>peticio</span> <span class='ocrx_word' id='word_1_117' title='bbox 871 2577 980 2624; x_wconf 87' lang='lat' dir='ltr'>eorum</span> <span class='ocrx_word' id='word_1_118' title='bbox 997 2557 1116 2624; x_wconf 90' lang='lat' dir='ltr'>idonea</span> <span class='ocrx_word' id='word_1_119' title='bbox 1148 2565 1181 2624; x_wconf 89' lang='lat' dir='ltr'>et</span> <span class='ocrx_word' id='word_1_120' title='bbox 1211 2558 1303 2625; x_wconf 85' lang='lat' dir='ltr'>vtiiis</span> 
     </span>
     <span class='ocr_line' id='line_1_16' title="bbox 168 2665 1304 2753; baseline 0 -19"><span class='ocrx_word' id='word_1_121' title='bbox 168 2667 353 2753; x_wconf 81' lang='lat' dir='ltr'>videbatur,</span> <span class='ocrx_word' id='word_1_122' title='bbox 371 2669 513 2752; x_wconf 83' lang='lat' dir='ltr'>benigne</span> <span class='ocrx_word' id='word_1_123' title='bbox 529 2667 721 2734; x_wconf 79' lang='lat' dir='ltr'>admisimus</span> <span class='ocrx_word' id='word_1_124' title='bbox 735 2667 821 2750; x_wconf 89' lang='lat' dir='ltr'>quod</span> <span class='ocrx_word' id='word_1_125' title='bbox 839 2667 1005 2750; x_wconf 84' lang='lat' dir='ltr'>petebant.</span> <span class='ocrx_word' id='word_1_126' title='bbox 1029 2665 1094 2732; x_wconf 87' lang='lat' dir='ltr'>Sed</span> <span class='ocrx_word' id='word_1_127' title='bbox 1111 2665 1264 2750; x_wconf 88' lang='lat' dir='ltr'>quoniam</span> <span class='ocrx_word' id='word_1_128' title='bbox 1282 2687 1304 2734; x_wconf 85' lang='lat' dir='ltr'>a</span> 
     </span>
     <span class='ocr_line' id='line_1_17' title="bbox 167 2772 1304 2860; baseline -0.002 -20"><span class='ocrx_word' id='word_1_129' title='bbox 167 2773 328 2860; x_wconf 84' lang='lat' dir='ltr'>Boiyziao</span> <span class='ocrx_word' id='word_1_130' title='bbox 345 2780 377 2840; x_wconf 90' lang='lat' dir='ltr'>et</span> <span class='ocrx_word' id='word_1_131' title='bbox 392 2773 581 2841; x_wconf 84' lang='lat' dir='ltr'>Alexandro</span> <span class='ocrx_word' id='word_1_132' title='bbox 596 2772 814 2840; x_wconf 85' lang='lat' dir='ltr'>seruientibus</span> <span class='ocrx_word' id='word_1_133' title='bbox 829 2772 950 2841; x_wconf 88' lang='lat' dir='ltr'>nostris</span> <span class='ocrx_word' id='word_1_134' title='bbox 966 2778 1085 2839; x_wconf 89' lang='lat' dir='ltr'>terram</span> <span class='ocrx_word' id='word_1_135' title='bbox 1113 2791 1222 2839; x_wconf 88' lang='lat' dir='ltr'>eornm</span> <span class='ocrx_word' id='word_1_136' title='bbox 1249 2773 1304 2839; x_wconf 92' lang='lat' dir='ltr'>he·</span> 
     </span>
     <span class='ocr_line' id='line_1_18' title="bbox 166 2877 1304 2967; baseline -0.001 -20"><span class='ocrx_word' id='word_1_137' title='bbox 166 2879 363 2947; x_wconf 85' lang='lat' dir='ltr'>reditariam</span> <span class='ocrx_word' id='word_1_138' title='bbox 380 2881 512 2948; x_wconf 91' lang='lat' dir='ltr'>nomine</span> <span class='ocrx_word' id='word_1_139' title='bbox 526 2879 645 2966; x_wconf 79' lang='lat' dir='ltr'>Baths,</span> <span class='ocrx_word' id='word_1_140' title='bbox 678 2877 818 2946; x_wconf 81' lang='lat' dir='ltr'>vicinam</span> <span class='ocrx_word' id='word_1_141' title='bbox 844 2887 950 2946; x_wconf 85' lang='lat' dir='ltr'>cestro</span> <span class='ocrx_word' id='word_1_142' title='bbox 976 2898 1062 2946; x_wconf 89' lang='lat' dir='ltr'>nouo</span> <span class='ocrx_word' id='word_1_143' title='bbox 1092 2880 1175 2967; x_wconf 85' lang='lat' dir='ltr'>Abe,</span> <span class='ocrx_word' id='word_1_144' title='bbox 1206 2899 1304 2964; x_wconf 88' lang='lat' dir='ltr'>quam</span> 
     </span>
     <span class='ocr_line' id='line_1_19' title="bbox 171 2983 1304 3072; baseline 0 -20"><span class='ocrx_word' id='word_1_145' title='bbox 171 2985 347 3054; x_wconf 81' lang='lat' dir='ltr'>karissimo</span> <span class='ocrx_word' id='word_1_146' title='bbox 363 3007 483 3070; x_wconf 85' lang='lat' dir='ltr'>genero</span> <span class='ocrx_word' id='word_1_147' title='bbox 499 2993 609 3054; x_wconf 90' lang='lat' dir='ltr'>nostro</span> <span class='ocrx_word' id='word_1_148' title='bbox 626 2987 664 3052; x_wconf 87' lang='lat' dir='ltr'>R.</span> <span class='ocrx_word' id='word_1_149' title='bbox 682 2986 766 3052; x_wconf 88' lang='lat' dir='ltr'>Dnci</span> <span class='ocrx_word' id='word_1_150' title='bbox 784 2986 924 3053; x_wconf 81' lang='lat' dir='ltr'>Gallicis</span> <span class='ocrx_word' id='word_1_151' title='bbox 939 2983 1146 3072; x_wconf 75' lang='lat' dir='ltr'>dederamus,</span> <span class='ocrx_word' id='word_1_152' title='bbox 1177 2987 1304 3071; x_wconf 90' lang='lat' dir='ltr'>recepi-</span> 
     </span>
     <span class='ocr_line' id='line_1_20' title="bbox 164 3090 1304 3178; baseline -0.001 -19"><span class='ocrx_word' id='word_1_153' title='bbox 164 3113 255 3178; x_wconf 86' lang='lat' dir='ltr'>mus,</span> <span class='ocrx_word' id='word_1_154' title='bbox 288 3101 320 3160; x_wconf 90' lang='lat' dir='ltr'>et</span> <span class='ocrx_word' id='word_1_155' title='bbox 336 3094 399 3161; x_wconf 89' lang='lat' dir='ltr'>sibi</span> <span class='ocrx_word' id='word_1_156' title='bbox 414 3096 520 3161; x_wconf 90' lang='lat' dir='ltr'>eciam</span> <span class='ocrx_word' id='word_1_157' title='bbox 536 3091 683 3160; x_wconf 77' lang='lat' dir='ltr'>dedimus</span> <span class='ocrx_word' id='word_1_158' title='bbox 699 3093 742 3159; x_wconf 92' lang='lat' dir='ltr'>ad</span> <span class='ocrx_word' id='word_1_159' title='bbox 774 3091 1059 3161; x_wconf 82' lang='lat' dir='ltr'>conseruacionem</span> <span class='ocrx_word' id='word_1_160' title='bbox 1091 3090 1171 3156; x_wconf 87' lang='lat' dir='ltr'>dicti</span> <span class='ocrx_word' id='word_1_161' title='bbox 1203 3091 1304 3158; x_wconf 89' lang='lat' dir='ltr'>castri</span> 
     </span>
     <span class='ocr_line' id='line_1_21' title="bbox 165 3195 1303 3282; baseline 0.001 -18"><span class='ocrx_word' id='word_1_162' title='bbox 165 3199 273 3266; x_wconf 82' lang='lat' dir='ltr'>aliam</span> <span class='ocrx_word' id='word_1_163' title='bbox 291 3207 413 3268; x_wconf 88' lang='lat' dir='ltr'>terram</span> <span class='ocrx_word' id='word_1_164' title='bbox 430 3207 685 3268; x_wconf 90' lang='lat' dir='ltr'>commetaneam</span> <span class='ocrx_word' id='word_1_165' title='bbox 703 3198 790 3267; x_wconf 91' lang='lat' dir='ltr'>dicte</span> <span class='ocrx_word' id='word_1_166' title='bbox 805 3206 891 3266; x_wconf 89' lang='lat' dir='ltr'>terre</span> <span class='ocrx_word' id='word_1_167' title='bbox 906 3195 1090 3282; x_wconf 90' lang='lat' dir='ltr'>Boltchard‚</span> <span class='ocrx_word' id='word_1_168' title='bbox 1124 3204 1157 3264; x_wconf 90' lang='lat' dir='ltr'>et</span> <span class='ocrx_word' id='word_1_169' title='bbox 1188 3197 1303 3265; x_wconf 92' lang='lat' dir='ltr'>eodem</span> 
     </span>
     <span class='ocr_line' id='line_1_22' title="bbox 167 3303 1303 3394; baseline 0.001 -21"><span class='ocrx_word' id='word_1_170' title='bbox 167 3308 305 3375; x_wconf 85' lang='lat' dir='ltr'>momine</span> <span class='ocrx_word' id='word_1_171' title='bbox 321 3315 541 3394; x_wconf 86' lang='lat' dir='ltr'>nuncupatam</span> <span class='ocrx_word' id='word_1_172' title='bbox 558 3308 673 3374; x_wconf 87' lang='lat' dir='ltr'>dantes</span> <span class='ocrx_word' id='word_1_173' title='bbox 690 3307 811 3374; x_wconf 89' lang='lat' dir='ltr'>eisdem</span> <span class='ocrx_word' id='word_1_174' title='bbox 827 3309 862 3372; x_wconf 90' lang='lat' dir='ltr'>in</span> <span class='ocrx_word' id='word_1_175' title='bbox 878 3303 1102 3372; x_wconf 91' lang='lat' dir='ltr'>concambium</span> <span class='ocrx_word' id='word_1_176' title='bbox 1118 3311 1202 3371; x_wconf 90' lang='lat' dir='ltr'>terre</span> <span class='ocrx_word' id='word_1_177' title='bbox 1227 3325 1303 3374; x_wconf 87' lang='lat' dir='ltr'>suc:</span> 
     </span>
     <span class='ocr_line' id='line_1_23' title="bbox 165 3411 1301 3500; baseline 0.001 -20"><span class='ocrx_word' id='word_1_178' title='bbox 165 3419 288 3498; x_wconf 71' lang='lat' dir='ltr'>grauis</span> <span class='ocrx_word' id='word_1_179' title='bbox 303 3417 388 3482; x_wconf 88' lang='lat' dir='ltr'>inter</span> <span class='ocrx_word' id='word_1_180' title='bbox 404 3417 494 3500; x_wconf 89' lang='lat' dir='ltr'>ipsos</span> <span class='ocrx_word' id='word_1_181' title='bbox 509 3414 654 3500; x_wconf 82' lang='lat' dir='ltr'>hospites</span> <span class='ocrx_word' id='word_1_182' title='bbox 671 3419 705 3480; x_wconf 88' lang='lat' dir='ltr'>et</span> <span class='ocrx_word' id='word_1_183' title='bbox 719 3413 809 3499; x_wconf 91' lang='lat' dir='ltr'>ipsos</span> <span class='ocrx_word' id='word_1_184' title='bbox 825 3412 1006 3481; x_wconf 89' lang='lat' dir='ltr'>seruientes</span> <span class='ocrx_word' id='word_1_185' title='bbox 1023 3411 1065 3479; x_wconf 93' lang='lat' dir='ltr'>lis</span> <span class='ocrx_word' id='word_1_186' title='bbox 1082 3417 1114 3479; x_wconf 91' lang='lat' dir='ltr'>et</span> <span class='ocrx_word' id='word_1_187' title='bbox 1138 3411 1301 3481; x_wconf 77' lang='lat' dir='ltr'>dissensio</span> 
     </span>
     <span class='ocr_line' id='line_1_24' title="bbox 172 3518 1303 3608; baseline 0.002 -23"><span class='ocrx_word' id='word_1_188' title='bbox 172 3533 307 3608; x_wconf 91' lang='lat' dir='ltr'>propter</span> <span class='ocrx_word' id='word_1_189' title='bbox 323 3521 637 3588; x_wconf 83' lang='lat' dir='ltr'>commetaneitatcm</span> <span class='ocrx_word' id='word_1_190' title='bbox 668 3527 703 3587; x_wconf 90' lang='lat' dir='ltr'>ct</span> <span class='ocrx_word' id='word_1_191' title='bbox 726 3521 1011 3605; x_wconf 85' lang='lat' dir='ltr'>equinocaoionem</span> <span class='ocrx_word' id='word_1_192' title='bbox 1038 3518 1204 3585; x_wconf 88' lang='lat' dir='ltr'>nominum</span> <span class='ocrx_word' id='word_1_193' title='bbox 1229 3525 1303 3587; x_wconf 91' lang='lat' dir='ltr'>orta</span> 
     </span>
     <span class='ocr_line' id='line_1_25' title="bbox 175 3625 1304 3717; baseline 0.003 -24"><span class='ocrx_word' id='word_1_194' title='bbox 175 3627 244 3712; x_wconf 83' lang='lat' dir='ltr'>fnit,</span> <span class='ocrx_word' id='word_1_195' title='bbox 275 3635 309 3694; x_wconf 89' lang='lat' dir='ltr'>et</span> <span class='ocrx_word' id='word_1_196' title='bbox 324 3629 502 3697; x_wconf 78' lang='lat' dir='ltr'>altercacio</span> <span class='ocrx_word' id='word_1_197' title='bbox 533 3647 642 3696; x_wconf 88' lang='lat' dir='ltr'>eorum</span> <span class='ocrx_word' id='word_1_198' title='bbox 674 3629 718 3695; x_wconf 91' lang='lat' dir='ltr'>ad</span> <span class='ocrx_word' id='word_1_199' title='bbox 749 3647 886 3696; x_wconf 85' lang='lat' dir='ltr'>examen</span> <span class='ocrx_word' id='word_1_200' title='bbox 916 3635 1060 3696; x_wconf 86' lang='lat' dir='ltr'>nostrum</span> <span class='ocrx_word' id='word_1_201' title='bbox 1091 3625 1304 3717; x_wconf 79' lang='lat' dir='ltr'>perueniens3</span> 
     </span>
     <span class='ocr_line' id='line_1_26' title="bbox 173 3721 1303 3823; baseline 0.005 -25"><span class='ocrx_word' id='word_1_202' title='bbox 173 3733 319 3802; x_wconf 87' lang='lat' dir='ltr'>volentes</span> <span class='ocrx_word' id='word_1_203' title='bbox 335 3735 387 3802; x_wconf 90' lang='lat' dir='ltr'>liti</span> <span class='ocrx_word' id='word_1_204' title='bbox 402 3737 499 3802; x_wconf 88' lang='lat' dir='ltr'>tinem</span> <span class='ocrx_word' id='word_1_205' title='bbox 515 3734 695 3823; x_wconf 88' lang='lat' dir='ltr'>imponere,</span> <span class='ocrx_word' id='word_1_206' title='bbox 720 3735 811 3803; x_wconf 86' lang='lat' dir='ltr'>fideli</span> <span class='ocrx_word' id='word_1_207' title='bbox 843 3741 954 3804; x_wconf 83' lang='lat' dir='ltr'>nostro</span> <span class='ocrx_word' id='word_1_208' title='bbox 985 3735 1023 3802; x_wconf 87' lang='lat' dir='ltr'>V.</span> <span class='ocrx_word' id='word_1_209' title='bbox 1057 3721 1227 3819; x_wconf 84' lang='lat' dir='ltr'>Proposito</span> <span class='ocrx_word' id='word_1_210' title='bbox 1260 3736 1303 3804; x_wconf 92' lang='lat' dir='ltr'>de</span> 
     </span>
     <span class='ocr_line' id='line_1_27' title="bbox 166 3839 1303 3930; baseline 0.005 -26"><span class='ocrx_word' id='word_1_211' title='bbox 166 3839 284 3908; x_wconf 83' lang='lat' dir='ltr'>Jazow</span> <span class='ocrx_word' id='word_1_212' title='bbox 300 3840 448 3909; x_wconf 85' lang='lat' dir='ltr'>dedimus</span> <span class='ocrx_word' id='word_1_213' title='bbox 464 3842 499 3908; x_wconf 92' lang='lat' dir='ltr'>in</span> <span class='ocrx_word' id='word_1_214' title='bbox 514 3841 690 3930; x_wconf 81' lang='lat' dir='ltr'>mandatis,</span> <span class='ocrx_word' id='word_1_215' title='bbox 715 3848 751 3909; x_wconf 82' lang='lat' dir='ltr'>vt</span> <span class='ocrx_word' id='word_1_216' title='bbox 766 3840 810 3908; x_wconf 90' lang='lat' dir='ltr'>ad</span> <span class='ocrx_word' id='word_1_217' title='bbox 840 3842 945 3928; x_wconf 81' lang='lat' dir='ltr'>ipsam</span> <span class='ocrx_word' id='word_1_218' title='bbox 978 3847 1098 3908; x_wconf 85' lang='lat' dir='ltr'>terram</span> <span class='ocrx_word' id='word_1_219' title='bbox 1130 3841 1303 3910; x_wconf 87' lang='lat' dir='ltr'>accederet</span> 
     </span>
     <span class='ocr_line' id='line_1_28' title="bbox 171 3949 1301 4035; baseline 0.003 -22"><span class='ocrx_word' id='word_1_220' title='bbox 171 3949 401 4035; x_wconf 87' lang='lat' dir='ltr'>personaliter,</span> <span class='ocrx_word' id='word_1_221' title='bbox 420 3955 452 4016; x_wconf 88' lang='lat' dir='ltr'>et</span> <span class='ocrx_word' id='word_1_222' title='bbox 467 3949 684 4033; x_wconf 88' lang='lat' dir='ltr'>inquisicione</span> <span class='ocrx_word' id='word_1_223' title='bbox 701 3950 816 4017; x_wconf 89' lang='lat' dir='ltr'>habita</span> <span class='ocrx_word' id='word_1_224' title='bbox 832 3949 1010 4033; x_wconf 84' lang='lat' dir='ltr'>diligenter.</span> <span class='ocrx_word' id='word_1_225' title='bbox 1033 3951 1131 4015; x_wconf 88' lang='lat' dir='ltr'>sciret</span> <span class='ocrx_word' id='word_1_226' title='bbox 1155 3967 1301 4035; x_wconf 87' lang='lat' dir='ltr'>causam,</span> 
     </span>
     <span class='ocr_line' id='line_1_29' title="bbox 171 4056 1301 4142; baseline 0.003 -21"><span class='ocrx_word' id='word_1_227' title='bbox 171 4061 304 4142; x_wconf 91' lang='lat' dir='ltr'>propter</span> <span class='ocrx_word' id='word_1_228' title='bbox 320 4075 419 4140; x_wconf 91' lang='lat' dir='ltr'>quam</span> <span class='ocrx_word' id='word_1_229' title='bbox 435 4057 477 4124; x_wconf 93' lang='lat' dir='ltr'>lis</span> <span class='ocrx_word' id='word_1_230' title='bbox 495 4057 639 4142; x_wconf 88' lang='lat' dir='ltr'>predicta</span> <span class='ocrx_word' id='word_1_231' title='bbox 670 4058 831 4126; x_wconf 86' lang='lat' dir='ltr'>extitisset</span> <span class='ocrx_word' id='word_1_232' title='bbox 861 4057 1026 4140; x_wconf 85' lang='lat' dir='ltr'>suscitata,</span> <span class='ocrx_word' id='word_1_233' title='bbox 1059 4056 1301 4142; x_wconf 86' lang='lat' dir='ltr'>remediumque</span> 
     </span>
     <span class='ocr_line' id='line_1_30' title="bbox 172 4163 1301 4253; baseline 0.004 -27"><span class='ocrx_word' id='word_1_234' title='bbox 172 4180 261 4229; x_wconf 86' lang='lat' dir='ltr'>suum</span> <span class='ocrx_word' id='word_1_235' title='bbox 278 4163 504 4232; x_wconf 88' lang='lat' dir='ltr'>medicaminis</span> <span class='ocrx_word' id='word_1_236' title='bbox 521 4173 711 4252; x_wconf 88' lang='lat' dir='ltr'>apponeret,</span> <span class='ocrx_word' id='word_1_237' title='bbox 731 4187 794 4252; x_wconf 91' lang='lat' dir='ltr'>quo</span> <span class='ocrx_word' id='word_1_238' title='bbox 810 4167 959 4253; x_wconf 82' lang='lat' dir='ltr'>predicta</span> <span class='ocrx_word' id='word_1_239' title='bbox 983 4165 1153 4232; x_wconf 85' lang='lat' dir='ltr'>contencio</span> <span class='ocrx_word' id='word_1_240' title='bbox 1179 4165 1301 4249; x_wconf 89' lang='lat' dir='ltr'>sopire·</span> 
     </span>
     <span class='ocr_line' id='line_1_31' title="bbox 167 4257 1301 4357; baseline 0.006 -22"><span class='ocrx_word' id='word_1_241' title='bbox 167 4273 228 4337; x_wconf 83' lang='lat' dir='ltr'>tur.</span> <span class='ocrx_word' id='word_1_242' title='bbox 249 4270 316 4350; x_wconf 84' lang='lat' dir='ltr'>Qui</span> <span class='ocrx_word' id='word_1_243' title='bbox 332 4269 410 4338; x_wconf 90' lang='lat' dir='ltr'>illue</span> <span class='ocrx_word' id='word_1_244' title='bbox 426 4271 469 4338; x_wconf 90' lang='lat' dir='ltr'>de</span> <span class='ocrx_word' id='word_1_245' title='bbox 485 4257 595 4339; x_wconf 89' lang='lat' dir='ltr'>nostro</span> <span class='ocrx_word' id='word_1_246' title='bbox 611 4271 770 4342; x_wconf 86' lang='lat' dir='ltr'>accedens</span> <span class='ocrx_word' id='word_1_247' title='bbox 786 4273 939 4340; x_wconf 88' lang='lat' dir='ltr'>mandato</span> <span class='ocrx_word' id='word_1_248' title='bbox 964 4272 1098 4356; x_wconf 85' lang='lat' dir='ltr'>inuenit,</span> <span class='ocrx_word' id='word_1_249' title='bbox 1123 4271 1211 4357; x_wconf 86' lang='lat' dir='ltr'>quod</span> <span class='ocrx_word' id='word_1_250' title='bbox 1235 4273 1301 4342; x_wconf 88' lang='lat' dir='ltr'>due</span> 
     </span>
     <span class='ocr_line' id='line_1_32' title="bbox 166 4377 1299 4466; baseline 0.006 -25"><span class='ocrx_word' id='word_1_251' title='bbox 166 4387 261 4445; x_wconf 86' lang='lat' dir='ltr'>erant</span> <span class='ocrx_word' id='word_1_252' title='bbox 275 4385 375 4466; x_wconf 89' lang='lat' dir='ltr'>terre,</span> <span class='ocrx_word' id='word_1_253' title='bbox 392 4399 458 4446; x_wconf 82' lang='lat' dir='ltr'>vna</span> <span class='ocrx_word' id='word_1_254' title='bbox 473 4379 598 4454; x_wconf 84' lang='lat' dir='ltr'>scilicet</span> <span class='ocrx_word' id='word_1_255' title='bbox 614 4387 703 4448; x_wconf 88' lang='lat' dir='ltr'>terra</span> <span class='ocrx_word' id='word_1_256' title='bbox 718 4379 884 4466; x_wconf 85' lang='lat' dir='ltr'>hospitum</span> <span class='ocrx_word' id='word_1_257' title='bbox 895 4378 1132 4462; x_wconf 84' lang='lat' dir='ltr'>Zchltchard,</span> <span class='ocrx_word' id='word_1_258' title='bbox 1150 4377 1299 4449; x_wconf 80' lang='lat' dir='ltr'>etaltera</span> 
     </span>
     <span class='ocr_line' id='line_1_33' title="bbox 166 4485 1302 4575; baseline 0.005 -25"><span class='ocrx_word' id='word_1_259' title='bbox 166 4485 383 4554; x_wconf 81' lang='lat' dir='ltr'>seruienoium</span> <span class='ocrx_word' id='word_1_260' title='bbox 399 4485 488 4554; x_wconf 86' lang='lat' dir='ltr'>dicta</span> <span class='ocrx_word' id='word_1_261' title='bbox 503 4486 771 4574; x_wconf 87' lang='lat' dir='ltr'>PekBoltchard;</span> <span class='ocrx_word' id='word_1_262' title='bbox 789 4498 822 4558; x_wconf 88' lang='lat' dir='ltr'>et</span> <span class='ocrx_word' id='word_1_263' title='bbox 837 4489 895 4556; x_wconf 88' lang='lat' dir='ltr'>iila</span> <span class='ocrx_word' id='word_1_264' title='bbox 905 4487 1066 4575; x_wconf 89' lang='lat' dir='ltr'>hospitum</span> <span class='ocrx_word' id='word_1_265' title='bbox 1077 4497 1148 4556; x_wconf 89' lang='lat' dir='ltr'>erat</span> <span class='ocrx_word' id='word_1_266' title='bbox 1158 4494 1302 4556; x_wconf 86' lang='lat' dir='ltr'>castren-</span> 
     </span>
    </p>
   </div>
   <div class='ocr_carea' id='block_1_7' title="bbox 0 0 1544 5146">
    <p class='ocr_par' dir='ltr' id='par_1_7' title="bbox 0 0 1544 5146">
     <span class='ocr_line' id='line_1_34' title="bbox 0 0 1544 5146; baseline 0 0"><span class='ocrx_word' id='word_1_267' title='bbox 0 0 1544 5146; x_wconf 95' lang='lat' dir='ltr'> </span> 
     </span>
    </p>
   </div>
  </div>
 </body>
</html>
