3078 5128
379 513 564 595 contempta
578 507 612 574 iu
628 495 701 594 ipsa
715 505 783 572 iam
801 507 943 604 perstitit
962 505 1194 575 contumaciter
1210 521 1266 595 per
1300 512 1361 575 s‘cx
1391 507 1494 594 anuos,

378 617 542 703 prefatbm
557 612 790 684 monasterium
806 633 864 699 per
877 613 1066 682 uiolentiam
1085 613 1271 684 detinendo.
1295 613 1390 682 Vnde
1404 612 1493 700 ijden

378 723 491 792 Abbas
507 727 542 790 et
556 721 742 791 Consentes
752 721 846 790 nobis
854 720 1019 790 humiliter
1027 723 1266 810 supplicarunt,
1282 730 1319 790 ut
1328 741 1495 807 congruum

379 851 480 919 snper
494 831 556 898 boc
587 829 745 898 adbibere
774 829 954 898 remedium
985 829 1220 915 dignaremun.
1234 849 1309 898 curn
1339 836 1494 897 cucumis

379 941 583 1008 contumacia
599 957 682 1024 pena
706 937 826 1008 lebat
855 937 1072 1024 augmentari.
1111 937 1273 1017 Quocirca
1303 937 1493 1006 Discretiont

378 1053 487 1115 nube
501 1063 560 1133 per
578 1043 771 1132 Apostolica
785 1043 909 1130 scripta
923 1043 1127 1131 mandamus,
1159 1043 1315 1128 qnabnus
1331 1043 1360 1111 si
1382 1049 1429 1114 est
1444 1044 1494 1130 ita,

382 1151 518 1222 sandcm
533 1153 731 1222 sententiam
747 1151 861 1220 diebus
880 1149 1053 1220 dominicis
1069 1159 1101 1220 et
1135 1149 1262 1219 lestinis
1292 1151 1495 1236 solempniter

378 1261 588 1345 publicantes,
604 1259 730 1330 seruari
746 1281 818 1328 earn
836 1257 999 1346 usquead
1027 1258 1284 1334 satisfactionem
1316 1278 1493 1344 congruam,

379 1367 465 1434 sicut
479 1367 716 1436 rationabiliter
731 1367 940 1454 estprolata,
970 1367 1097 1434 sublato
1128 1366 1365 1453 appellationis
1395 1367 1493 1434 obsta·

379 1473 453 1542 culo
467 1473 615 1556 tmiatis3
637 1473 808 1560 aduomto,
824 1474 853 1541 si
868 1493 1000 1542 necmse
1016 1473 1122 1561 luerit,
1140 1479 1254 1542 contra
1277 1494 1349 1542 enm
1382 1472 1495 1540 aurssio

378 1579 506 1667 bracbij
527 1619 565 1632 -
585 1616 626 1632 -
644 1619 684 1632 -·
704 1617 741 1630 -
762 1580 920 1649 secularis
936 1581 969 1648 iu
985 1579 1046 1648 hoc
1062 1581 1193 1666 negotio
1210 1579 1402 1666 processuri,
1421 1579 1496 1664 qood

379 1687 517 1774 predicti
533 1687 645 1758 Abbas
660 1697 692 1756 et
706 1689 893 1758 Contentus
908 1711 967 1776 pro
994 1690 1137 1758 uersutia
1153 1726 1196 1741 ·-
1212 1730 1256 1742 -
1276 1729 1315 1740 -
1328 1727 1373 1739 —
1388 1689 1430 1757 ad
1445 1709 1495 1755 nos

379 1795 515 1864 recitare
533 1815 597 1863 non
613 1804 781 1885 cogantur,
800 1802 833 1866 et
848 1819 908 1866 nos
927 1833 1214 1848 -----
1228 1795 1494 1866 commendando

379 1901 552 1988 diligentia
567 1923 664 1988 qnam
680 1903 722 1970 de
737 1903 945 1990 negligencia
961 1903 1159 1989 redarguere
1173 1904 1322 1973 debeatis
1339 1937 1384 1949 -
1402 1939 1440 1952 -
1460 1939 1491 1951 -

379 2047 424 2062 -
440 2013 569 2081 fuerant
584 2014 700 2096 vocati,
719 2012 748 2078 si
762 2033 799 2081 se
814 2011 920 2097 gratia
935 2013 1012 2080 odio
1042 2014 1097 2080 uel
1127 2013 1243 2082 timore
1272 2011 1491 2096 subtraxerint,

378 2139 622 2206 percensuram
640 2119 894 2188 ecclesiasticam
912 2121 1135 2206 appellatione
1151 2126 1301 2188 cessante
1327 2119 1450 2204 cogatis
1477 2139 1496 2183 u
1531 2199 1532 2206 ἵ

378 2263 657 2279 -----
677 2225 858 2314 perbibere.
896 2227 990 2306 Quod
1006 2227 1034 2294 si
1052 2247 1116 2295 non
1132 2247 1244 2296 omnes
1260 2227 1328 2312 hijs
1343 2245 1495 2310 exequen-

378 2337 430 2406 dis
446 2336 595 2425 poteritis
610 2335 777 2422 interesse,
792 2335 856 2402 duo
871 2341 1012 2404 vestrum
1029 2369 1072 2384 -·
1090 2373 1129 2383 -
1152 2373 1191 2386 -
1211 2340 1424 2418 exequantur.
1439 2337 1495 2402 Da·

380 2454 450 2514 tum
465 2443 592 2531 Perusij
611 2442 724 2510 XIllI.
740 2441 899 2510 kalendas
917 2441 1039 2528 Aprilis
1055 2441 1266 2510 pontificatus
1284 2443 1388 2512 nostri
1418 2464 1495 2511 anno
1531 2435 1532 2517 i

379 2563 503 2622 octauo.

381 2749 522 2814 (Eredetie
534 2751 709 2818 borhartytn
723 2767 741 2802 a
754 2749 885 2814 paptnalr
898 2747 1074 2802 lenasinbron
1093 2751 1183 2818 titggtt
1196 2751 1395 2818 blcmpecsetjss
1415 2751 1499 2828 alatt3

709 2839 823 2892 abudal
836 2841 966 2905 orsatgos
987 2839 1180 2906 lesbltarban.)

804 3127 1071 3144 m

904 3664 978 3737 185.

375 3857 434 3936 IX.
450 3868 585 3958 Gerqely
596 3867 754 3958 popdnclc
767 3865 915 3954 bitooyos
930 3867 1045 3933 tsirsdelc
1052 3869 1186 3955 joqcira
1217 3867 1390 3935 oonmkout
1419 3865 1497 3932 otro

374 3977 537 4042 lsibttldlae
553 4002 574 4042 o
590 3977 729 4044 temtos
753 3977 884 4063 perpete
914 3977 946 4042 is
976 3997 1015 4040 os
1045 3975 1233 4062 ecaterpams‘
1263 3975 1498 4041 aumondrtooc'

687 4086 809 4171 cyphus
820 4086 985 4172 prepospa
1000 4083 1078 4152 test.
1097 4083 1196 4151 1234.

481 4279 655 4368 Gregorius
673 4281 851 4372 Episcopus
868 4299 984 4350 seruus
999 4299 1168 4350 seruorum
1194 4279 1257 4350 Dei
1273 4278 1402 4348 dilectis
1419 4272 1495 4363 lilijs

374 4437 407 4459 ..
425 4439 433 4458 .
451 4389 553 4456 Priori
577 4391 619 4458 ule
637 4390 728 4459 Solio
744 4396 778 4460 et
794 4437 802 4454 .
821 4439 829 4455 .
847 4437 855 4454 .
871 4387 1113 4457 Archidiacono
1139 4386 1181 4454 tle
1207 4387 1289 4473 Opel
1326 4385 1498 4456 Wratisla·

373 4497 508 4584 niensis,
533 4505 566 4565 et
583 4547 591 4564 .
610 4549 618 4567 .
635 4547 643 4564 .
659 4537 703 4549 ·-
722 4535 760 4548 -
795 4495 995 4565 (lucanensis
1019 4494 1167 4565 Dioccsis
1194 4501 1229 4564 et
1253 4493 1413 4564 Godlrido
1441 4495 1498 4562 Ca·

373 4605 491 4676 oonico
506 4603 771 4674 Wratislauiensi
788 4607 925 4675 salutern
942 4610 974 4674 et
990 4603 1209 4694 Apostolicarn
1226 4601 1499 4674 benedictionem.
