3164 5154
596 347 637 415 37

540 439 700 449 ι..-

70 547 121 616 rico
133 547 162 615 S.
182 549 220 616 R.
239 547 277 612 ll.
294 543 501 614 subdiacono
519 553 551 616 st
568 547 694 629 Legata
710 543 880 612 Pontificio
898 543 1059 625 honorem,
1077 551 1177 632 atque

68 659 244 742 praestitam
261 656 331 720 eitra
347 653 512 722 mandatis
529 653 777 740 praeceptisque
794 653 959 721 Pontificio
976 655 1105 720 nomine
1125 656 1177 722 de·

70 767 130 831 latis
144 761 391 848 obedientiam.)
430 763 471 828 tot
487 762 638 846 quoniam
656 763 789 844 longum
807 769 857 828 est
870 754 990 844 omuid’,
1006 784 1069 846 quc
1084 765 1177 830 vobis

70 872 196 938 dicenda
211 878 299 956 suut,
314 870 459 955 presenti
477 869 718 940 abbreviationi
736 871 946 954 committere,
963 869 1190 956 depositionis

68 987 95 1045 et
109 976 270 1050 interdicti
286 977 481 1044 senteutiam
498 978 533 1042 in
552 976 708 1060 quosdam
725 977 863 1042 fratrum
888 985 1073 1046 nostrorum
1107 979 1180 1062 Epi·

68 1106 239 1172 scaporum,
256 1105 317 1170 pro
333 1105 372 1151 eo
389 1085 474 1170 quod
501 1085 608 1152 vocati
640 1085 683 1152 ad
715 1085 895 1152 Concilium
928 1087 997 1154 eius
1029 1085 1183 1152 accedere

69 1193 540 1278 contempseruntauetcritate
556 1200 668 1259 nostra
686 1193 842 1280 prolatam
860 1215 881 1259 a
907 1194 1001 1260 nobis
1027 1193 1196 1260 noveritis·

69 1311 158 1368 ratam
175 1300 313 1384 haberi3
331 1300 545 1386 depositionis
562 1299 595 1366 iu
611 1300 843 1373 Tristiuensem
862 1297 1137 1388 (Brivastensem)
1150 1304 1183 1366 et

65 1409 331 1493 Dulichineusem,
347 1407 512 1476 interdicti
531 1429 607 1474 sero
621 1410 656 1474 in
674 1408 954 1477 Gatharineusem.
992 1409 1183 1474 Excommu·

66 1517 229 1586 nicationis
245 1537 376 1602 quoque
391 1517 598 1598 seutentiam,
613 1537 709 1600 quam
726 1517 761 1582 iu
779 1515 1048 1583 Cathariueusem
1075 1515 1181 1582 Comi-

63 1633 117 1689 tem
133 1625 363 1710 promulgavit,
381 1632 487 1692 ratam
505 1623 670 1709 babemus,
688 1630 720 1690 et
737 1623 841 1691 donec
868 1623 1061 1710 Episcopum
1087 1633 1182 1690 suum

63 1732 200 1800 loclesie
216 1741 334 1821 vestre,
351 1733 439 1800 siout
454 1733 559 1816 debet,
574 1731 706 1798 obedire
722 1732 897 1816 permittat,
913 1729 1181 1798 abuniversitate

62 1848 162 1908 vestra
176 1843 377 1928 precipimus
393 1841 571 1910 observari.
594 1839 647 1906 Ad
666 1842 725 1908 hcc
747 1839 931 1908 devotionis
957 1845 1020 1908 eta.
1059 1837 1180 1906 Datum

61 1947 206 2017 Laterani
223 1949 316 2017 VIII.
334 1949 502 2017 Kalendas
518 1945 676 2016 Ianuarii.

290 2149 410 2210 (sarran
429 2149 576 2212 ulysseum
600 2149 716 2202 sacrum
730 2148 778 2200 vr.
792 2147 850 2200 set.
865 2151 906 2200 aa.
921 2147 951 2210 1.)
1057 2127 1060 2130 ’

487 2437 754 2448 ,ιιι-...ι--ι--ω

593 2971 645 3044 al.

58 3173 120 3240 ΙΙΙ.
138 3175 257 3240 lutacio
272 3170 385 3257 loirdly
401 3173 443 3236 tat
457 3172 618 3258 azolqca‘jdt
634 3171 734 3239 Deles
749 3174 860 3238 trauseat¹
884 3196 1010 3258 ruupra
1035 3175 1121 3241 emeli
1153 3175 1184 3242 6⁸

51 3281 174 3350 azotios
191 3279 819 3368 1119319191εόνέετέυοίαάοπιάπμοεκα
843 3303 919 3366 orep.
951 3281 1182 3351 1161-1173.

150 3475 348 3562 Stephanus
363 3475 534 3561 piissimus
550 3476 620 3542 Rex
636 3475 814 3560 Hungarie,
831 3477 918 3542 filius
950 3477 1002 3561 pie
1033 3461 1184 3544 reeorda-

50 3587 149 3652 ciouis
166 3585 275 3667 Regis
292 3583 412 3671 Geyse.
436 3583 556 3649 Notum
572 3583 615 3650 sit
630 3583 792 3651 uniuersis
810 3583 931 3651 Christi
948 3584 1099 3652 fidelibus
1116 3593 1183 3651 tam

47 3692 261 3774 pre-sentibus
277 3711 376 3776 quam
391 3690 510 3758 futuris
525 3709 659 3776 presens
675 3691 832 3776 scriptum
864 3691 1065 3758 intuentibus
1098 3692 1184 3758 salu-

50 3805 105 3866 tem
125 3802 162 3866 iu
183 3799 331 3866 omnium
351 3799 527 3864 saluatore.
552 3797 603 3862 Ad
634 3799 863 3864 uniuersorum
888 3798 1039 3864 noticiam
1069 3799 1184 3864 harum

47 3909 125 3973 serie
141 3907 350 3974 intendimus
368 3905 549 3992 peruenire,
567 3905 655 3989 quod
671 3904 800 3972 Dckcm
825 3903 980 3972 famulum
1016 3906 1184 3973 nobilitate

46 4011 168 4102 domui,
189 4021 227 4081 et
242 4015 276 4080 iu
291 4013 371 4080 aula
387 4019 499 4079 nostre
515 4011 697 4078 Maiestatis
714 4011 907 4078 assiduitate
923 4011 1078 4078 famulari
1111 4033 1183 4080 con·

48 4124 143 4190 stitui.
171 4119 361 4188 Cuieciam
388 4118 505 4202 Regali
538 4119 686 4185 et'dono
717 4120 955 4204 possessIcuem
987 4117 1182 4208 condonari,

46 4229 249 4312 ptarticulam
265 4235 351 4296 terre
367 4227 617 4296 uduornicorum
634 4247 776 4293 meorum
794 4227 827 4292 iu
844 4227 1041 4312 superiorem
1053 4235 1183 4314 partem

47 4339 118 4405 rille
135 4337 444 4422 emarecescens,
461 4349 557 4420 quam
574 4336 616 4402 ab
627 4335 811 4402 uduornicis
829 4337 910 4402 meis
928 4336 1053 4421 excepi,
1071 4336 1180 4402 cidem

46 4449 137 4516 Deke
156 4443 292 4516 contuli
308 4451 464 4530 perpetue
480 4443 723 4529 possidendam,
740 4443 818 4528 fittjs
833 4445 901 4511 suis
934 4450 967 4510 et
996 4443 1073 4528 filijs
1105 4439 1186 4510 lilio·

46 4575 110 4624 rum
129 4556 216 4626 eins
235 4552 494 4620 irrecusabiliter
509 4551 703 4634 habendam,
722 4551 755 4617 in
771 4551 832 4636 lys
849 4550 943 4618 metis
962 4550 1183 4634 assignatamp

43 4665 202 4733 uidelicet
220 4660 331 4748 prima
357 4670 445 4730 meta
475 4659 618 4732 eiusdem
650 4661 812 4750 particule
843 4665 928 4730 terre
959 4661 1001 4730 ab
1033 4658 1184 4731 orientali
