3120 5148
834 321 994 422 A

350 514 444 582 terris
456 514 550 583 cultis
561 513 872 603 clincullis,Abbati
884 515 1090 600 etlretribus,
1102 513 1219 582 ibidem
1231 517 1301 585 Deo
1312 517 1472 586 seriucnti·

351 623 764 710 busperpctualitcrliberc
781 622 1009 708 possidendum
1020 625 1153 690 contuli.
1177 626 1280 707 Igitur
1296 646 1338 692 nc
1354 628 1472 710 aliquis

350 752 490 815 unquam
512 728 675 796 bominum
687 729 890 816 postobitum
901 731 1189 815 mcum,siueuxor
1205 751 1286 816 mea,
1302 733 1468 801 eicotibus

348 861 450 924 mens,
466 840 518 906 uel
534 838 657 924 aliquis
673 838 714 907 de
730 840 883 924 cognatis
900 841 1019 907 nostris
1036 838 1120 906 banc
1136 841 1346 907 donacionem
1366 863 1469 910 mean
1547 889 1548 896 ,

273 1001 275 1004 .
350 948 493 1015 minuere
508 949 560 1014 vel
578 946 758 1034 intringere
773 948 907 1032 audeat,
923 948 1020 1032 sigilli
1049 949 1112 1016 mei
1129 949 1381 1018 confirmacione
1404 957 1466 1016 sta·

352 1057 400 1141 tuj
428 1056 590 1124 roborare.

353 1257 496 1317 (Eredctie
515 1255 701 1321 bttrbrirtyen,
720 1272 737 1308 a
756 1256 851 1320 peccet
871 1258 1014 1338 elveszett,
1035 1273 1052 1306 a
1071 1256 1157 1324 budai
1176 1256 1228 1307 kir.
1244 1253 1372 1308 kamarai
1396 1257 1473 1307 level·
1548 1245 1549 1310 l

351 1349 416 1400 ban.
437 1347 493 1399 Sols
513 1345 628 1398 hibaval
649 1347 752 1398 kiadva
770 1345 901 1412 chtrnel
914 1346 979 1396 Ood.
999 1347 1074 1410 Dipl.
1094 1347 1131 1396 11.
1151 1347 1208 1397 not.
1230 1351 1290 1396 299.
1304 1347 1342 1411 l.;
1361 1361 1386 1396 v.
1406 1347 1431 1394 ὃ.
1444 1347 1473 1396 V.

793 1437 819 1486 k.
842 1441 863 1485 l.
884 1450 905 1485 r.
927 1439 986 1486 289.
1005 1437 1034 1498 l.)

888 2297 941 2370 39.

354 2496 417 2563 ΙΙΙ.
436 2497 517 2564 Belo
534 2496 705 2584 kircilpuulc
721 2519 793 2563 ezerr
809 2499 1017 2586 alapitoo'upt
1034 2500 1224 2583 moperdaitd
1239 2497 1478 2584 privilepiurua.
1551 2571 1552 2596 χ

869 2605 967 2671 1195.
1551 2601 1552 2624 ’

458 2798 496 2866 In
513 2800 642 2868 nomine
657 2802 774 2869 Sancte
788 2798 959 2868 Trinitatis
975 2806 1008 2868 et
1023 2799 1195 2867 Indiuidue
1213 2801 1365 2870 Unitatis.
1394 2801 1476 2866 Bela

353 2909 487 2976 secundi
519 2910 629 2995 Geyse
646 2911 744 2996 Regis
760 2909 858 2997 filius,
882 2909 943 2976 Dei
959 2911 1073 2994 gracia
1097 2911 1278 2996 Hnngarie,
1301 2911 1481 2990 Dalnraoic‚

351 3017 793 3102 Cbrcuaoie,RamequeRex
806 3018 1051 3104 inperpetuum.
1068 3015 1167 3101 Regio
1179 3017 1350 3105 dignitatis
1368 3023 1479 3084 nostre

350 3123 539 3193 celsitudini
557 3125 740 3211 expedibile
771 3125 958 3204 dinoscitur,
982 3125 1132 3209 quamuis
1159 3125 1245 3210 cirea
1275 3125 1477 3214 multiplices

348 3253 456 3301 rerum
472 3233 648 3301 uarietates
658 3233 802 3300 animum
819 3251 968 3300 exercere
983 3238 1134 3300 teneatur
1146 3255 1154 3318 ;
1166 3231 1415 3318 diligenoiorem
1432 3245 1482 3300 ta-

350 3360 422 3408 men
433 3341 648 3409 intencionem
661 3349 692 3410 et
703 3342 910 3428 promtiorom
921 3339 1131 3423 diligenciam
1144 3340 1176 3406 in
1193 3339 1256 3426 bys
1271 3339 1403 3407 studeat
1418 3341 1478 3408 ad-

348 3449 467 3531 bibere,
507 3451 541 3515 in
558 3450 674 3534 quibus
689 3449 914 3535 principaliter
934 3448 1044 3515 anime
1059 3447 1202 3517 remedio
1220 3449 1415 3533 consulitur,
1449 3457 1484 3516 et

351 3557 405 3642 pio
422 3557 617 3642 peticionum
635 3559 721 3625 notis
738 3557 915 3625 salubriter
930 3555 1126 3642 prouidetur.
1144 3557 1281 3624 Nouerit
1296 3557 1398 3642 igitur
1414 3567 1485 3624 tanr

352 3682 487 3748 presens
503 3670 573 3730 etas
589 3683 687 3748 quam
703 3665 812 3733 lotura
836 3665 1021 3749 posteritas,
1039 3663 1126 3748 quod
1142 3684 1214 3732 cum
1230 3663 1371 3733 dilectus
1387 3685 1430 3733 ao
1448 3667 1485 3730 fi-

355 3769 441 3836 dolis
449 3771 534 3836 Baro
550 3777 660 3837 noster
670 3772 977 3840 DominiousBanus
993 3771 1034 3838 de
1045 3771 1186 3839 remedio
1197 3771 1375 3839 animosae
1391 3775 1484 3858 cogi-

355 3881 429 3942 tans
446 3877 614 3944 cenobium
631 3879 793 3963 quoddam
809 3880 843 3946 in
859 3877 998 3946 confinio
1015 3880 1123 3946 nostri
1140 3881 1248 3963 Regni
1265 3879 1355 3946 iuxta
1371 3879 1487 3947 Theo·

352 3983 497 4050 tboniam
515 4003 634 4070 ponere
651 3985 818 4068 uoluisset,
844 3987 985 4072 primunr
1002 3987 1120 4054 fratres
1137 3987 1177 4053 de
1193 3986 1342 4054 Abbacia
1357 3977 1488 4055 Sancte

355 4089 466 4158 Crucis
482 4100 515 4159 et
531 4091 633 4160 tocius
666 4093 851 4161 Conuenlus
883 4093 948 4160 sibi
980 4093 1135 4181 poposcit,
1152 4095 1207 4178 qui
1225 4093 1278 4159 die
1309 4097 1484 4178 noctuque

353 4199 494 4267 Domino
511 4200 708 4270 famulantes
725 4203 758 4268 in
775 4203 928 4270 oracione
944 4203 1098 4270 alacriter
1128 4202 1348 4288 persisterent.
1364 4203 1490 4272 Abbas

347 4325 429 4373 nero
446 4327 516 4374 cnm
533 4308 611 4394 suis,
630 4315 665 4375 ut
681 4309 742 4375 viri
759 4308 913 4396 discreti,
933 4308 1051 4377 fratres
1066 4309 1130 4378 sibi
1146 4309 1409 4394 denegauerunt,
1426 4311 1489 4392 do·

349 4431 410 4479 nec
439 4418 679 4502 cognouissent,
712 4416 797 4484 unde
829 4423 916 4484 totos
932 4417 1122 4486 (lonnentue
1138 4425 1227 4486 stare
1244 4421 1420 4504 potuisset,
1439 4421 1490 4488 ad

347 4529 494 4589 nostram
510 4526 713 4612 presenciam
747 4525 964 4610 accedentes;
996 4526 1089 4594 nobis
1106 4526 1312 4612 presentibus
1328 4525 1490 4596 Domini·

348 4649 407 4700 cuo
423 4629 534 4702 Banus
564 4631 738 4720 ordinauit,
755 4639 791 4700 nt
806 4639 931 4720 septem
964 4633 1063 4702 uillas
1080 4635 1128 4704 eis
1147 4641 1325 4724 statueret,
1360 4658 1454 4721 quas
1475 4661 1496 4706 e
