3078 5128
925 277 1084 380 ..sc-

440 473 648 561 iohsgionum
666 470 785 560 cuci,
802 474 934 557 penitus
951 475 1015 542 sint
1031 473 1184 560 exempti,
1201 493 1260 542 nco
1285 473 1320 540 in
1347 473 1456 544 adem
1477 472 1533 538 rillu

439 582 629 654 descensum
644 583 764 650 hebere
779 583 923 670 ualeant,
939 581 993 650 uel
1009 581 1158 668 possint3
1175 582 1233 652 sed
1257 581 1293 649 in
1318 581 1533 669 (intromitti-

440 699 493 762 cel
507 692 543 760 in
557 693 629 760 loco
640 690 807 760 (lutrensi
818 687 1125 779 (condc)seendont,
1137 697 1170 760 et
1182 697 1428 760 commorentur.
1446 687 1534 758 Onnir

442 797 605 884 siquidem
620 797 742 870 iudicio
758 797 792 866 in
810 797 923 866 eedem
940 798 1022 866 villo
1040 806 1161 886 exortu,
1178 806 1211 865 et
1227 819 1346 869 cousus
1373 817 1471 881 nsque
1490 817 1534 864 ne

440 917 492 978 tes
507 916 594 976 terre
611 924 723 976 eorum
739 912 833 974 octus
849 902 911 995 (et)
929 906 1068 992 habitus,
1085 913 1119 974 vt
1136 907 1320 994 latrocinio,
1337 906 1435 993 loma,
1463 903 1536 971 honi·

441 1017 541 1104 sidio,
557 1015 785 1085 trunceciones
802 1034 981 1102 corporum,
998 1023 1032 1084 ot
1047 1015 1114 1084 aliu
1130 1014 1267 1103 iudicis,
1280 1016 1314 1082 in
1330 1015 1446 1100 quibus

441 1125 700 1214 ampute(ciones
716 1125 875 1213 c)epitum
893 1134 924 1192 et
954 1125 1182 1194 trunceeiones
1206 1145 1360 1193 mannum
1386 1124 1536 1192 occidente·

441 1235 517 1304 liter
533 1235 702 1323 orirentur,
734 1255 774 1303 uc
789 1234 899 1301 omniu
915 1233 1036 1301 iudicia
1051 1232 1186 1318 minute,
1218 1233 1348 1300 villicus
1364 1233 1496 1320 ipsorum
1517 1235 1537 1294 cl

443 1339 583 1431 iudic(es
599 1341 738 1430 possint)
756 1349 788 1410 et
803 1340 947 1409 debeant
963 1339 1255 1409 determinabiliter
1270 1340 1426 1426 indicere,
1445 1340 1474 1406 in
1487 1340 1537 1422 ips

442 1451 596 1520 libertate
612 1469 677 1536 quo
692 1450 836 1537 hospites
852 1449 952 1520 noemi
970 1450 1011 1517 de
1028 1449 1168 1538 Zoloch,.
1178 1457 1210 1517 ct
1226 1450 1267 1517 dc
1290 1449 1453 1518 Zathmor.
1486 1448 1537 1513 Pre

442 1565 534 1626 teres
550 1559 584 1626 in
600 1559 716 1646 officijs
731 1559 852 1628 nostris
862 1558 1042 1630 Comitibus
1058 1559 1198 1628 Comere
1213 1563 1326 1626 nostre
1341 1551 1537 1642 concessisti

443 1687 535 1736 usum
552 1665 681 1750 sernieij
700 1667 794 1735 nobis
812 1665 999 1752 exhibendi,
1031 1663 1130 1752 ijdem
1147 1665 1294 1751 hospites
1324 1666 1428 1734 nostri
1457 1670 1497 1731 tol
1521 1681 1538 1728 c

444 1771 581 1861 (ta)ntos
597 1775 686 1842 seles
704 1775 840 1862 deferre,
857 1780 935 1858 quot
950 1781 981 1841 et
1006 1781 1146 1857 quantos
1163 1773 1307 1858 hospites
1318 1773 1359 1842 de
1371 1773 1538 1840 Deesslsrr

443 1880 604 1968 deterunt,
620 1883 758 1950 liberem
775 1883 920 1951 habeant
936 1883 1134 1969 lecnltetem,
1161 1902 1202 1949 ex
1232 1883 1386 1969 potencia
1409 1881 1538 1948 Comiter

444 1988 608 2077 G(smere)
624 1997 735 2059 nostre
751 1991 997 2076 antedictorum,
1014 1989 1129 2058 habite
1144 1997 1255 2058 nostra
1271 1989 1470 2059 auctoritate.
1492 1987 1538 2052 llo(

442 2097 684 2185 cccccccccc
700 2098 835 2166 tercium
852 2106 978 2184 portem
992 2099 1110 2166 solium
1126 2105 1318 2180 nostrornm,
1336 2099 1369 2164 in
1388 2105 1476 2185 portu
1498 2097 1530 2160 p,

442 2207 496 2294 gio
512 2203 634 2295 iux(tu)
652 2207 785 2275 fluuium
804 2207 921 2276 Zomus
946 2205 1229 2294 descendenoium,
1255 2227 1314 2292 per
1345 2206 1478 2274 eundem
1502 2202 1536 2268 flu

443 2315 532 2383 nium
548 2314 672 2383 deferre
697 2321 876 2382 teneantur.
914 2315 983 2383 Nec
1009 2316 1067 2382 hoo
1098 2316 1388 2402 pretermittentes,
1420 2313 1497 2399 quod
1523 2311 1539 2365 ἰ

446 2422 549 2508 primo
568 2423 621 2491 vio
637 2423 764 2490 vernali
781 2424 885 2509 primo
903 2432 935 2491 et
951 2423 1178 2512 principaliter
1194 2423 1227 2490 in
1244 2444 1306 2490 vno
1324 2423 1411 2490 kurb
1427 2419 1537 2504 uulgari

443 2540 493 2597 ter
507 2539 632 2620 uocato,
649 2532 735 2602 soles
751 2539 879 2600 nostros
897 2531 1049 2600 deserent
1064 2534 1205 2600 nauibus
1229 2533 1298 2599 suis
1330 2531 1497 2599 cumuletis
1523 2527 1538 2590 ir

447 2658 535 2722 equs
550 2645 729 2726 prenotata.
755 2639 922 2709 Adicimus
939 2641 1054 2727 eciem,
1071 2640 1157 2722 quod
1174 2639 1215 2705 do
1241 2637 1360 2706 tributo
1386 2635 1538 2724 Wyouulc

444 2755 496 2816 tus
511 2747 692 2816 Comitatus
708 2747 749 2816 de
765 2749 913 2834 Zounuk,
931 2768 971 2816 ec
987 2747 1148 2816 comitum
1168 2744 1303 2814 (temero
1328 2753 1441 2814 nostre
1456 2761 1538 2830 preno

443 2861 524 2942 tete,
541 2863 607 2922 tam
623 2855 658 2924 in
672 2861 768 2942 terre,
784 2877 881 2941 quam
897 2857 930 2922 in
947 2877 1044 2941 aquo,
1062 2855 1205 2924 medium
1222 2857 1382 2923 tributum
1398 2852 1538 2946 duretent

446 2973 551 3051 entur,
568 2971 601 3032 et
616 2964 853 3033 administrare.
869 2966 920 3032 Itu
936 2965 1071 3052 scilicet,
1086 2970 1185 3051 prout
1202 2965 1261 3030 lrec
1276 2962 1389 3030 omnio
1404 2962 1439 3029 in
1454 2951 1538 3029 litterl

441 3071 572 3142 Androc
589 3073 693 3160 petris
708 3075 813 3142 nostri
830 3073 1006 3160 leronimi,
1023 3075 1107 3141 bono
1124 3073 1284 3156 memorie,
1302 3071 1446 3140 uidimus
1474 3072 1535 3156 plen

443 3187 474 3249 et
489 3183 617 3270 plenius
635 3183 806 3252 contineri.
830 3183 872 3249 Vt
887 3183 985 3269 igitur
1002 3183 1076 3269 ipse
1091 3182 1225 3250 libertos
1242 3181 1367 3251 eisdem
1384 3180 1537 3267 hospitibu

441 3294 560 3360 nostris
577 3292 654 3360 dete
670 3299 703 3360 ot
719 3293 913 3378 condonate,
926 3292 1083 3379 temporis
1099 3311 1251 3378 processu
1276 3311 1343 3358 non
1376 3297 1503 3358 maneat
1528 3285 1537 3352 l

440 3421 609 3490 concusso,
635 3423 695 3470 neo
713 3423 773 3486 per
788 3401 971 3488 quempiam
989 3401 1092 3486 possit
1108 3401 1240 3484 uiolari,
1257 3407 1433 3486 presentes
1449 3393 1537 3482 duplic

440 3510 543 3592 sigilli
559 3511 662 3576 nostri
678 3509 856 3578 munimine
872 3510 1033 3582 noluimus
1051 3509 1251 3576 confirmare.
1290 3509 1414 3576 Datum
1431 3526 1487 3595 per
1502 3491 1537 3568 ml

440 3636 502 3684 uns
518 3617 690 3702 smaragdi
707 3617 866 3703 Propositi
891 3615 1049 3696 Albensis
1080 3615 1227 3686 Ecclesic
1258 3616 1369 3683 dilecti
1405 3622 1438 3682 et
1466 3609 1536 3680 lide*

440 3731 551 3792 nostre
561 3724 645 3793 Aule
655 3725 1033 3817 vicecancellarij‚onno
1043 3725 1087 3793 ab
1096 3723 1341 3793 lncsmacionls
1353 3722 1445 3810 (lgy)
1454 3719 1536 3788 donil

442 3833 543 3902 nostri
558 3832 659 3902 Jchsu
676 3831 796 3901 Christi
827 3833 1000 3904 millesimo
1027 3832 1249 3902 ducentesimo
1275 3831 1445 3901 tricesimo
1468 3834 1536 3896 sext<

441 3945 475 4010 in
493 3943 607 4012 Insulo
622 3942 715 4012 Eroh.

558 4143 702 4206 (Eredetic
721 4143 793 4195 Dese
812 4144 896 4196 veros
910 4143 1126 4208 levelttrutbsm
1144 4143 1220 4194 lrlinli
1233 4141 1323 4196 suane
1336 4141 1470 4208 Keroly.)

873 4431 1139 4448 W-
