3098 5132
922 271 985 332 :²013

370 462 571 530 *firmitatem
593 463 797 545 presentibus
817 463 961 546 sigillum
981 473 1124 532 nostrum
1136 460 1515 546 ierimusappendi.Da·

371 577 453 636 :tum
471 589 567 652 nuno,
584 570 636 636 die
653 579 686 638 et
705 572 777 638 loeo
794 571 999 654 supradietis.
1406 577 1409 582 ’
1533 585 1534 590 ’

510 767 669 830 (Τωωίω,
689 769 811 820 Morum.
833 770 898 820 hist.
918 771 1013 832 Epiro.
1031 769 1151 834 Zagralr.
1172 770 1193 820 L
1214 770 1273 817 rot.
1294 771 1336 817 57.
1355 771 1384 830 1.)

905 1584 979 1652 147.

399 1781 430 1845 A
446 1782 729 1848 doruoltosreadiek
745 1780 945 1868 ltaquadbuu
960 1782 1223 1866 meptetepedueu.
1245 1783 1262 1845 1
1268 1783 1397 1850 2254
1403 1785 1481 1849 228.

480 1977 573 2044 Anno
589 1977 622 2041 Μ
629 1972 691 2044 ⁰00
699 1975 829 2063 ⁰XXV0,
846 1995 918 2044 oum
937 1973 1100 2042 dilatandi
1116 1976 1289 2062 Evangelij
1318 1997 1358 2044 ao
1389 1997 1503 2064 propa·
1533 2023 1534 2070 3

354 2084 482 2170 ..gande
497 2085 665 2170 religionis
689 2081 801 2150 studio
827 2103 868 2150 ex
899 2083 1031 2152 deoreto
1062 2083 1154 2152 Beati
1189 2084 1336 2172 Jordani
1364 2082 1501 2153 aeeuudi
1533 2111 1534 2156 p

371 2189 504 2259 Ordinis
521 2189 693 2258 Generalis
710 2189 858 2275 Magistri
883 2192 985 2257 nostri
1011 2189 1238 2258 Predioatores
1263 2191 1299 2255 iu
1325 2191 1498 2258 universas
1533 2189 1534 2274 Q

372 2299 460 2368 orbis
476 2299 625 2381 regiones
641 2296 879 2381 perrexissent3
905 2317 945 2363 ex
962 2295 1013 2382 iis,
1030 2297 1085 2380 qui
1111 2296 1154 2364 ad
1180 2295 1315 2363 Terram
1341 2297 1494 2364 Sanctam
1533 2303 1534 2360 ξ

356 2403 526 2473 deaurati
542 2405 681 2490 luerent,
713 2405 888 2488 Ragusium
915 2404 1048 2488 quidam
1078 2405 1284 2490 appulerunt,
1318 2406 1496 2472 institutam
1533 2455 1534 2466 ,

371 2510 448 2578 inde
464 2509 705 2596 navigationem
722 2510 908 2596 perfecturi.
926 2514 968 2576 At
985 2511 1194 2594 Arringerius
1209 2512 1496 2578 Romanusdrolri·
1533 2527 1534 2598 j

351 2617 550 2707 episeopus,
567 2624 600 2684 et
616 2617 770 2685 Nicotaus
785 2616 826 2685 de
843 2619 997 2686 Sorrento
1014 2617 1134 2686 nobilis
1151 2619 1243 2704 aivis,
1276 2635 1377 2703 penes
1403 2639 1495 2704 quem

369 2744 495 2792 summa
510 2726 655 2810 dignitas
670 2733 702 2792 et
718 2726 893 2793 auotoritas
911 2735 993 2812 erat,
1009 2735 1122 2810 utpote
1136 2727 1258 2793 Reotor
1282 2745 1340 2793 seu
1367 2727 1494 2811 Comes,
1533 2783 1534 2786 ,

367 2837 403 2900 ut
417 2833 595 2900 vocabatur
611 2852 650 2900 ea
675 2841 880 2918 tempestate,
911 2833 1048 2917 Ragusii
1078 2837 1240 2901 iaotnram
1271 2851 1307 2900 se
1337 2853 1491 2918 passuros
1533 2849 1534 2856 ’

352 2939 527 3024 arbitrati,
544 2940 607 3007 nisi
626 2940 830 3025 Apostolieoe
847 2941 932 3008 viros
950 2939 993 3007 ad
1010 2959 1047 3007 ee
1063 2941 1225 3008 divertere
1240 2941 1431 3025 studerent;
1452 2962 1491 3008 ne
1533 2941 1534 3004 ὲ

364 3047 533 3114 diritatem
549 3047 713 3134 deserant,
731 3047 865 3114 summis
882 3044 1033 3134 preelbus
1049 3055 1206 3132 rogarunt
1222 3056 1255 3115 et
1269 3049 1485 3118 obtinuerunt
1533 3055 1534 3060 ’

349 3151 473 3231 unare
489 3157 592 3240 (llere,
609 3154 813 3238 Magistrum,
831 3157 1047 3240 universoque
1073 3155 1248 3240 plaudente
1279 3155 1402 3242 populo
1439 3177 1490 3221 ex·
1533 3171 1534 3200 ³

346 3263 475 3348 --oeptia
494 3262 648 3330 sorellum
666 3262 828 3346 quoddam
856 3263 900 3330 ad
927 3265 1035 3330 menia
1066 3261 1218 3347 eivitatia
1249 3264 1334 3330 Divo
1363 3261 1487 3330 Jaoobo
1533 3267 1534 3272 ’

362 3369 522 3454 apostolo
538 3379 771 3454 nuncupatum,
788 3371 821 3435 in
836 3369 965 3438 editiori
981 3369 1127 3438 civitatis
1143 3372 1220 3452 situ,
1236 3391 1301 3454 qua
1325 3373 1360 3436 in
1386 3372 1490 3440 orien-
1533 3357 1534 3360 ¹

355 3479 428 3543 tem
443 3477 494 3544 sol
510 3478 624 3560 vergit,
640 3495 698 3561 pro
715 3476 867 3563 oratorio,
884 3476 1071 3563 domosque,
1088 3495 1152 3560 que
1167 3475 1287 3544 oiroum
1305 3485 1414 3564 erant,
1431 3497 1486 3562 pro
1533 3469 1534 3518 Τ

344 3581 531 3652 ”Conventa
547 3583 802 3652 destinaverunt
827 3584 1057 3670 llultiplioatis
1088 3605 1165 3653 rero
1198 3584 1354 3651 iratribus
1386 3581 1489 3671 (brari

353 3690 445 3758 *enim
464 3691 523 3757 riri
540 3694 608 3758 iere
624 3688 867 3778 quadraginta),
883 3691 975 3760 loeus
992 3691 1095 3778 primo
1111 3693 1251 3760 donatus
1268 3711 1325 3776 pro
1350 3691 1487 3758 fratrum

351 3814 493 3864 numero
510 3803 667 3880 augustus
682 3797 771 3865 maus
789 3807 846 3865 est.
887 3796 985 3865 Unde
1018 3799 1137 3866 nobilis
1168 3797 1300 3883 quidam
1331 3797 1415 3864 oiris
1449 3797 1487 3863 de

351 3903 508 3973 'Palmata
523 3923 609 3971 anno
625 3903 755 3988 Domini
771 3903 1057 3973 M⁰OO⁰XXVlll⁰
1088 3905 1259 3974 eoelesiam
1292 3905 1425 3991 Virgini
1456 3908 1486 3970 in
1533 3893 1534 3898 ¹

339 4011 445 4080 scelos
461 4013 635 4097 Assumpte
651 4031 789 4098 sauram,
809 4011 938 4079 domum
960 4022 992 4080 et
1008 4013 1136 4082 hortum
1153 4023 1231 4082 tuno
1247 4023 1340 4082 extra
1367 4032 1484 4095 muros,
1533 4007 1534 4072 Ῐ

356 4126 389 4188 et
414 4121 506 4189 iuxta
521 4117 684 4204 prefatum
699 4118 813 4186 Sancti
828 4119 944 4186 Jacobi
960 4121 1116 4188 saeellum
1127 4129 1282 4207 perpetua
1298 4121 1484 4190 donacione
1533 4151 1534 4154 ¹

346 4228 493 4312 publicis
508 4227 631 4298 tabulis
657 4234 793 4296 exarata
811 4227 968 4297 fratribus
994 4231 1163 4298 concessit.

340 4427 477 4489 ¹(Eredeti
495 4427 556 4493 regi
574 4425 728 4491 teljegyzes
747 4427 912 4490 Parietinal,
931 4427 1080 4492 Illyricum
1100 4429 1216 4488 Sacrum
1235 4429 1282 4480 VL
1302 4431 1360 4479 ket.
1383 4434 1432 4484 95.
1457 4432 1484 4492 l.)
