3120 5148
562 371 721 472 „fiim

82 567 194 634 Itatum
214 587 273 652 per
305 587 421 634 munus
453 567 598 652 Magistri
632 569 822 654 Katbupaoi
854 567 1008 639 Alliensis
1040 573 1203 660 Prepesiti

82 677 150 743 anio
167 676 270 759 Regio
287 675 485 742 Cunooliarii
503 697 590 741 enno
607 677 768 743 Dominioi
783 679 1021 748 Inooruotionis
1034 683 1204 751 mitissimo

82 785 252 852 centesimo
270 785 485 868 nonogesimo
510 792 638 868 quarto.
677 785 860 852 Venerabili
890 787 953 853 Job
985 787 1203 872 Strigonionsi

82 891 327 976 Arobiepiseopo
345 893 523 975 existente3
549 891 648 958 Saule
665 891 835 959 Golooensi
852 895 1118 981 Arohiepiseopo‚
1148 899 1203 966 l'e·

83 1006 127 1065 tro
143 999 303 1086 Agriensi,
336 1000 459 1065 (ieiuno
476 999 826 1086 Qnioqoeeooiesionsi‚
857 1002 1009 1070 Boiezleo
1025 1004 1201 1092 buriensi,

86 1105 222 1173 Ebrsrdo
238 1107 404 1192 Nytriensi
422 1108 593 1192 Episcopis
611 1107 843 1194 existentibus3
868 1108 955 1175 Motb
973 1109 1125 1178 Palatino
1143 1111 1201 1178 οο-

86 1215 165 1292 mite,
182 1214 352 1280 Dominieo
369 1214 470 1293 Bono,
496 1215 584 1282 Ysou
602 1213 724 1282 Corioli
741 1215 876 1301 Gemite,
909 1216 1047 1302 Andros¹
1078 1219 1203 1286 Gemite

85 1321 122 1385 de
138 1323 277 1406 b‘uprun,
293 1321 462 1405 Myeheeie
480 1321 604 1388 Comite
621 1323 661 1388 de
677 1325 862 1407 Turnnsun,
883 1325 1060 1408 Lomporto
1078 1325 1204 1392 Cornite

85 1429 253 1515 Nytriensi,
270 1431 368 1494 Petro
386 1428 509 1495 Gemite
527 1429 567 1496 do
584 1431 700 1517 Poson,
718 1435 749 1496 et
765 1431 841 1497 otiis
857 1451 954 1514 quum
973 1433 1122 1518 plurimis
1145 1434 1203 1500 Co·

84 1539 207 1604 mitetns
224 1537 418 1604 tenentibus.

83 1737 214 1794 (Eredetie
233 1735 420 1802 bdrhrirtyrim
441 1751 457 1786 a
476 1735 573 1800 posset
592 1737 735 1798 elreszett.‚
755 1753 772 1787 a
791 1738 877 1788 hodsi
897 1739 949 1788 kir.
974 1739 1101 1790 ksmsrai
1118 1739 1202 1794 leve‘l-

577 1824 699 1888 trirban.)

611 2653 662 2721 38.

88 2851 227 2918 Doubios
242 2852 303 2917 hdo
321 2853 464 2938 olopr'tju
480 2879 499 2920 o
524 2854 669 2938 bedbetpt
695 2852 810 2937 poppis
828 2851 1075 2920 borumouostrmi
1109 2859 1199 2939 apur-

525 2967 622 3047 ocipot.
656 2960 747 3027 1194.

183 3157 299 3226 Notum
319 3157 362 3224 sit
378 3159 525 3224 omnibus
542 3163 608 3223 tom
624 3157 742 3224 suturis
759 3175 856 3240 qoem
875 3159 1086 3244 presentibus,
1104 3157 1191 3242 qood

86 3263 147 3345 Ego
161 3267 344 3332 Dominious
362 3267 471 3333 Benus
487 3286 527 3332 ex
544 3266 756 3351 permissione
772 3287 812 3332 eo
828 3267 968 3332 lieenoia
984 3267 1104 3333 domini
1132 3268 1192 3331 Ps-

85 3389 130 3453 po,
146 3378 175 3437 et
188 3395 243 3458 per
258 3373 432 3441 consilium
442 3395 480 3468 oo
490 3394 680 3440 eonsensum
697 3359 796 3457 Regis
810 3375 895 3455 bele,
912 3373 1192 3440 oonsenoientibns

86 3497 121 3540 ee
134 3478 221 3546 simol
238 3482 391 3549 dontibus
410 3503 510 3548 uxore
526 3502 599 3548 noea
615 3488 647 3548 et
662 3483 731 3548 filio
748 3502 829 3566 meo,
845 3481 965 3547 Abbati
981 3480 1021 3546 H.
1035 3487 1067 3546 st
1083 3479 1189 3546 iratri-

87 3583 142 3649 bus
153 3587 266 3655 Serote
284 3589 393 3655 Orobis
409 3591 468 3655 snb
485 3590 694 3656 iureiurando
706 3590 781 3654 dedi
798 3588 875 3654 VIII
885 3588 1002 3673 predia
1018 3611 1098 3672 mea,
1118 3611 1189 3655 rum

86 3692 220 3760 omnibns
235 3695 396 3762 reditibus
413 3703 445 3762 et
460 3695 671 3781 pertinenoijs
688 3695 756 3762 suis
767 3701 799 3762 io
818 3705 1008 3782 perpetuom
1021 3696 1194 3781 possiden·

86 3797 141 3880 da;
155 3810 308 3884 quotenus
324 3822 461 3888 oroeom,
478 3823 574 3886 quem
592 3823 812 3888 susceperam,
824 3812 855 3870 et
866 3805 952 3869 riam
969 3821 1065 3885 quam
1084 3801 1126 3866 ad
1143 3823 1194 3868 se·

88 3906 217 3984 putorem
233 3911 365 3978 Domini
382 3929 518 3995 pergere
534 3910 719 3994 debueram,
737 3911 918 3994 reciperent
935 3931 954 3975 a
972 3929 1033 3991 me,
1047 3921 1079 3974 ot
1100 3929 1198 3974 reuo-

86 4009 164 4079 birn
180 4017 309 4085 Ordinis
326 4019 467 4103 ipsorum
480 4025 708 4085 oonstroerent
723 4021 756 4084 in
770 4020 890 4085 bonore
902 4018 1054 4085 Glorioso
1067 4035 1199 4101 semper

86 4117 217 4202 Uirginis
231 4127 343 4192 biurio.
363 4125 498 4192 Promisi
517 4147 566 4191 me
585 4125 857 4191 eoiemdoturum
875 4127 1005 4210 inopus
1033 4131 1194 4189 murraste·

86 4225 124 4305 rij
151 4231 219 4299 CCC
235 4253 362 4300 mersos
394 4236 533 4317 urgenti,
552 4237 653 4300 boues
684 4235 717 4314 0,
734 4253 851 4300 uooeos
868 4233 904 4317 L,
936 4233 1131 4314 mesmillo,
1160 4231 1191 4295 X

86 4339 255 4407 mansiones
272 4361 451 4408 seruorum.
468 4341 549 4407 Sunt
565 4351 673 4409 eutero
692 4342 750 4408 beo
769 4340 900 4406 nomine
918 4339 1102 4425 prediorum
1123 4359 1185 4420 que

86 4446 389 4535 eontulibieynbart,
401 4450 577 4531 Bubaduri,
591 4451 622 4514 iu
634 4469 697 4532 quo
708 4449 851 4514 oonstrni
870 4447 1040 4515 cenobium
1057 4445 1198 4529 doereoi,

85 4559 116 4614 et
132 4551 207 4622 ineo
222 4557 362 4642 sepeliri,
379 4559 509 4642 Prezne,
542 4555 687 4643 rimosa,
705 4555 807 4641 Zoko,
825 4555 926 4640 Viros,
958 4557 1077 4639 Baton,
1104 4555 1197 4634 Dug.

86 4657 153 4736 Qus
161 4666 260 4732 onnia
269 4666 397 4749 integre
408 4686 479 4734 oum
491 4666 604 4750 vineis,
615 4663 822 4751 molendinis,
834 4664 947 4750 pratis,
965 4661 1067 4748 siluis,
1085 4660 1194 4747 equis,
