3150 5162
324 517 431 604 predij
449 525 482 586 ct
497 518 668 586 sernioium
686 520 922 588 antedictorum
938 521 1172 608 mancipiorum
1199 527 1232 588 et
1264 519 1449 588 ancillarum·

329 624 444 692 eadem
460 625 593 694 domina
608 627 698 693 Rosa
712 627 868 712 percipiet
883 627 1080 714 temporibus
1097 646 1155 696 sue
1170 625 1257 708 vite3
1281 627 1355 713 ipsa
1378 644 1459 692 ueros

330 751 350 797 e
365 731 474 800 medio
491 732 629 800 feliciter
644 733 772 802 sublata
787 734 822 800 iu
836 733 888 802 ius
902 743 936 802 et
951 733 1183 822 proprietatem
1213 731 1353 799 tiliarum
1383 749 1449 797 sua·
1546 745 1547 792 2

329 857 402 905 rum
417 839 678 924 supradictarum
695 839 905 908 deuoluentor
921 840 1019 908 modo
1035 847 1068 908 et
1083 840 1197 909 ordine
1214 837 1458 925 suprascriptis-

331 944 371 1011 In
386 944 476 1014 euius
492 945 539 1013 rei
555 945 743 1013 memoriam
760 953 792 1014 et
807 955 999 1034 perpetuam
1014 947 1199 1015 firmitatem
1211 945 1256 1013 ad
1264 945 1450 1032 peticionem

331 1051 437 1138 ipsius
468 1051 599 1120 domine
629 1055 715 1120 Rose
745 1064 914 1139 presentes
945 1057 1074 1123 litteras
1107 1053 1325 1124 concessimus
1358 1051 1451 1136 sigilli
1546 1079 1547 1144 4

330 1159 435 1227 nostri
450 1158 627 1231 munimine
640 1160 820 1245 roboratus,
852 1182 937 1228 anuo
954 1160 1078 1229 domini
1103 1160 1279 1228 millesimo
1310 1157 1452 1225 dueente-
1546 1215 1547 1236 ,

330 1269 415 1336 rimo
431 1266 702 1354 quinquagesimo
717 1275 845 1357 octauo,
877 1277 992 1355 quarto
1022 1289 1128 1338 nonas
1162 1267 1266 1353 Junij.
1303 1267 1452 1351 Magistro

328 1373 485 1461 Philippo
501 1373 649 1444 Ecclesie
665 1381 775 1443 nostre
790 1375 906 1444 illecto
921 1376 997 1444 aule
1027 1377 1129 1462 Regie
1161 1371 1464 1458 vicecancellario,.

327 1481 485 1567 Gregorio
501 1481 649 1569 Castore,
679 1481 848 1551 Feliciano
875 1483 1025 1569 Custode,
1054 1483 1194 1550 Ambros
1224 1482 1359 1549 Deosno
1388 1477 1459 1545 exi·-

323 1589 495 1657 stentibus.

333 1787 474 1847 (Eredetie
492 1786 677 1851 borhtrtytm
707 1786 827 1852 melyro}
858 1801 875 1838 s
904 1787 1003 1852 peccet
1036 1786 1188 1852 ket-sergo
1222 1784 1450 1850 eelyemssinoron

329 1879 419 1944 stiffi
453 1891 471 1928 s
488 1876 574 1928 budsi
590 1877 644 1930 tir.
664 1875 791 1928 merei
811 1873 987 1928 levelttrnak
1016 1874 1184 1940 Zagrtbbsn
1215 1875 1279 1926 levo
1309 1873 1460 1935 resectum).

857 2689 932 2760 ale.

328 2893 361 2959 A
377 2892 512 2977 reprobi
526 2890 685 2980 keptolan
700 2893 807 2975 dtirja
831 2890 942 2956 Ietvdn
973 2890 1157 2957 ezlooooiot'
1188 2890 1320 2958 bduoalc
1354 2891 1466 2979 Ebrpe-

327 3005 411 3066 acolt
418 2998 528 3086 foldet
544 3003 697 3086 tdrpyazo
711 2999 945 3084 toroeoylsoeeer'
960 2999 1169 3065 hotdrozatdt
1186 2998 1259 3066 selle
1279 3021 1374 3068 corneo
1391 3000 1466 3084 fios

544 3110 576 3174 ee
593 3131 615 3172 a
630 3106 768 3172 caraedc'
783 3105 1021 3192 oclrjobbdpyolt
1036 3105 1120 3172 lt'ozt.
1144 3107 1243 3173 1258.

438 3297 627 3386 Capitulum
644 3299 875 3386 Zagrabiensis
889 3299 1037 3368 Ecclesie
1053 3301 1204 3368 omnibus
1222 3299 1342 3370 Christi
1356 3300 1463 3369 fideli·-

327 3409 389 3477 bus
405 3427 541 3495 presens
556 3409 713 3493 seriptum
727 3407 921 3494 inspecturis
937 3407 1076 3475 salutem
1093 3407 1128 3475 in
1145 3409 1296 3476 Domino.
1319 3407 1371 3476 Ad
1387 3411 1462 3477 uni·-

326 3535 495 3584 uereornm
510 3515 665 3584 noticiam
681 3513 797 3581 harum
813 3514 899 3582 serie
913 3514 1063 3583 uolumus
1080 3515 1262 3602 peruenire,
1286 3515 1374 3601 qnod
1389 3516 1454 3584 Ste·

327 3623 456 3709 phanes
468 3623 579 3691 Bonus
594 3621 698 3689 tocius
714 3621 888 3690 Solanonie
904 3628 936 3688 et
952 3623 1152 3710 ecpiuueus
1169 3621 1271 3690 Stiria
1286 3623 1398 3690 missis
1414 3620 1460 3690 ad.

328 3749 388 3798 uos
405 3729 524 3798 litteris
540 3728 607 3800 suis
623 3729 735 3818 peoth‚
762 3737 798 3800 ut
823 3729 917 3798 iuxta
940 3737 1084 3798 tenorem
1115 3729 1297 3798 litterarum
1327 3747 1461 3797 suarum

329 3837 495 3906 stabilium
511 3837 709 3925 Branychyo
725 3839 793 3906 filio
810 3837 889 3906 Sele
905 3843 938 3905 et
954 3837 1111 3906 fratribus
1137 3837 1207 3906 suis
1232 3855 1455 3908 concessarum

329 3965 427 4033 super
443 3943 538 4013 terris
555 3963 664 4014 eorum
681 3944 951 4013 nostraslitteras
965 3945 1098 4013 stabiles
1109 3941 1338 4011 conferremus.
1355 3943 1465 4030 Super

329 4052 450 4137 quibus
463 4052 673 4139 priuilegium
689 4052 793 4139 ipsius
809 4053 892 4120 Boni
907 4051 1090 4138 recepimus
1105 4051 1139 4118 in
1155 4049 1216 4117 heo
1231 4050 1351 4118 uerba:

437 4159 508 4228 Nos
549 4159 735 4246 Stephanus
767 4161 879 4226 Bonus
911 4161 972 4228 stb.
1007 4156 1221 4245 (tovetkczik
1249 4155 1365 4224 Istron
1394 4157 1462 4225 ben.
1546 4155 1547 4212 l

331 4267 467 4339 taes-ti
484 4267 659 4356 okmltnya‚
690 4268 773 4334 mint
789 4266 1068 4354 gyojmmenyonk
1082 4263 1154 4330 Vll.
1170 4261 1324 4348 vagyisa
1353 4266 1457 4332 maso·

328 4376 388 4442 dit
402 4374 525 4464 lolyem
542 4375 584 4441 11.
601 4374 775 4442 koteteben
790 4373 918 4462 491.1.)
1546 4371 1547 4380 ’

437 4483 506 4550 Nos
521 4481 633 4564 itaque
647 4481 784 4566 predicti
800 4481 885 4548 Baui
900 4481 993 4550 iustis
1021 4478 1235 4567 peticionibus
1266 4482 1465 4562 annuentes.

328 4597 499 4674 presentes
517 4609 575 4674 pro
592 4588 721 4655 cautela
736 4587 851 4654 maiori
869 4587 1073 4672 contulimus,
1090 4585 1273 4654 munientes
1289 4584 1323 4651 in
1336 4583 1463 4654 eisdem
