3150 5162
780 296 939 400 Q

295 489 376 558 turis
393 490 532 555 salutem
548 487 581 554 in
592 489 732 555 omnium
753 490 927 556 saluatoro.
944 487 1045 572 Regio
1060 489 1212 556 conuenit
1228 486 1419 554 Celsitudiui

294 617 422 667 suorum
454 594 617 663 moderari
648 597 788 663 seruicia
818 597 1047 682 subiectorum,
1079 601 1115 662 ut
1131 594 1294 662 distinctis
1311 615 1417 662 eorum

294 705 410 789 officijs
427 701 616 788 expedimus
636 703 770 772 valeant
785 703 960 772 deseruire.
983 702 1123 770 Proinde
1139 704 1183 770 ad
1198 704 1420 770 uniuersorum

292 813 446 881 noticiam
477 819 589 880 tenore
620 814 823 899 presencium
854 813 1003 882 volumus
1034 813 1224 898 pervenire;
1259 811 1348 896 quod
1365 831 1420 879 nos

296 919 526 1006 congressione
565 921 752 1008 populorum
792 929 973 990 nostrorum
1013 918 1054 987 de
1091 920 1252 1005 Liptoua‚
1293 927 1425 1003 recepta

292 1029 485 1112 grauamiua
524 1029 698 1096 eorundem
736 1049 777 1096 ex
815 1029 937 1116 pietate
976 1027 1082 1112 Regia
1121 1027 1274 1094 relaxare
1314 1027 1420 1094 volen-

291 1141 352 1220 tes,
383 1135 482 1202 talem
514 1135 561 1204 eis
593 1135 776 1204 libertatem
808 1135 886 1204 dare
902 1133 1061 1220 duximus,
1094 1141 1126 1200 et
1159 1133 1422 1202 demandamus:

295 1239 388 1320 Quod
404 1261 475 1309 oum
492 1264 552 1312 nos
568 1243 683 1314 Zolum
714 1245 879 1313 veniemus
910 1245 1037 1329 singule
1067 1241 1206 1328 triginta
1235 1241 1423 1310 mansiones

296 1349 418 1417 debent
448 1347 492 1416 ad
523 1349 664 1418 culinam
695 1359 839 1420 nostram
872 1351 950 1419 dare
982 1372 1082 1419 unum
1101 1370 1235 1437 porcum
1252 1369 1379 1434 senem,
1394 1355 1425 1417 et

294 1457 437 1540 quelibet
453 1461 576 1528 mansio
593 1461 675 1528 duas
690 1461 831 1549 galinas,
849 1468 881 1528 et
897 1468 1037 1547 quatuor
1053 1479 1126 1527 ona.
1158 1459 1239 1524 Item
1272 1458 1420 1541 quelibet

154 1559 163 1590 ⁸
292 1565 418 1634 mansio
449 1589 507 1654 pro
538 1587 638 1636 censu
670 1569 803 1636 annuali
819 1567 926 1637 soluet
942 1567 1115 1658 duodecim
1140 1566 1294 1634 denarius
1310 1585 1422 1647 nouos,

294 1695 427 1758 querum
444 1677 640 1744 solucionem
656 1679 767 1746 Iacere
782 1686 815 1745 et
830 1678 993 1766 complere
1018 1675 1138 1744 debent
1163 1695 1268 1760 usque
1300 1674 1419 1740 festum

292 1783 405 1850 Sancti
417 1783 548 1870 Georgij
560 1787 646 1854 omni
664 1807 769 1872 ann05
784 1805 848 1870 que
864 1787 891 1854 ri
908 1805 1009 1870 usque
1025 1785 1110 1853 diem
1126 1784 1245 1852 festum
1261 1781 1426 1856 hunc-non

282 1889 441 1978 soluerit,
457 1895 574 1958 extunc
589 1894 694 1960 soluet
711 1893 773 1960 duo
790 1892 938 1981 pondera
963 1891 1167 1960 denariorum
1184 1910 1257 1956 oum
1285 1899 1418 1958 statera.

294 1998 373 2065 ltem
405 1997 533 2082 singule
558 2000 776 2085 quadraginta
792 2001 976 2069 mansiones
993 1999 1113 2067 debent
1128 1999 1209 2065 dare
1224 1999 1345 2066 (lumiti
1362 2017 1418 2084 pro

294 2105 374 2192 Ipsis
390 2107 576 2191 constituto,
592 2109 736 2194 quolibet
750 2130 837 2176 cuno
853 2109 886 2176 in
902 2107 987 2176 festo
1013 2107 1127 2174 Sancti
1157 2107 1290 2174 Martini
1322 2127 1419 2174 uuum

293 2235 424 2300 porcum
455 2235 565 2283 senem
586 2236 650 2282 non
674 2236 847 2303 macetum,
877 2217 936 2284 sed
952 2217 1081 2300 bonum,
1099 2219 1229 2300 captum
1246 2215 1335 2282 inter
1350 2233 1420 2298 por·

293 2345 369 2404 cos3
394 2329 426 2388 et
443 2325 584 2408 quelibet
599 2323 725 2392 mansio
742 2346 839 2392 uuum
855 2345 984 2413 panem,
1004 2332 1036 2392 et
1060 2325 1102 2392 de
1134 2323 1281 2406 quolibet
1311 2327 1421 2388 aratro

295 2451 395 2498 unum
406 2432 560 2497 eubulum
570 2430 611 2498 de
621 2451 739 2518 auena,
755 2451 828 2498 cum
844 2433 959 2500 eubulo
971 2431 1005 2498 in
1013 2431 1185 2518 provincia
1200 2435 1422 2517 percurrente.

296 2538 378 2604 Item
394 2537 521 2620 singule
540 2539 761 2624 quadraginta
792 2541 978 2606 mansiones
1011 2539 1130 2605 debent
1161 2543 1272 2604 tenere
1306 2555 1426 2620 equum

295 2643 543 2732 exercitualem
580 2653 612 2713 et
641 2647 730 2715 circa
745 2645 863 2714 festum
878 2646 991 2714 Sancti
1006 2645 1137 2715 Martini
1154 2644 1309 2732 Episcopi
1328 2665 1422 2728 quar·

296 2760 362 2820 tum
380 2773 508 2838 equum,
541 2756 684 2822 omnium
714 2755 858 2841 ipsorum
891 2774 1044 2839 equorum
1063 2753 1323 2836 ,exercitantium
1358 2777 1423 2822 non

297 2866 454 2949 evectum,
486 2861 544 2930 sed
560 2861 763 2951 mediocrem,
780 2863 900 2930 debent
916 2863 996 2932 dare
1013 2861 1132 2930 (lomiti
1148 2882 1207 2929 suo
1223 2883 1282 2948 pro
1299 2868 1424 2948 tempo-

299 2989 335 3034 re
351 2969 541 3051 constitut03
566 2975 599 3038 et
614 2969 717 3036 tribus
733 2970 837 3057 equis,
854 2991 926 3038 cum
943 2991 1002 3038 nos
1032 2971 1066 3036 in
1096 2971 1210 3037 Zolum
1242 2972 1422 3056 veniemus,

299 3077 393 3142 uobis
423 3077 545 3143 servire
575 3079 784 3158 tenebuntur3
818 3097 877 3144 nec
908 3077 1013 3145 eciam
1043 3077 1158 3145 Comes
1190 3077 1333 3161 ipsorum
1366 3099 1423 3145 eos

300 3185 438 3268 longius,
463 3205 560 3269 quam
579 3182 621 3250 ad
638 3183 752 3253 Zolum
769 3186 811 3252 ad
828 3205 897 3274 nos,
914 3187 968 3253 vel
983 3187 1067 3255 alias
1084 3187 1117 3252 in
1133 3185 1305 3270 legacione
1320 3185 1426 3254 mitte

297 3313 332 3360 re
348 3299 463 3382 potest,
481 3297 513 3358 et
528 3311 588 3358 nec
604 3293 645 3360 ad
663 3292 853 3360 mittendum
871 3313 988 3377 equum
1009 3293 1153 3379 recipere
1170 3291 1288 3376 poterit
1304 3293 1351 3358 ab
1365 3294 1427 3360 eis·

298 3401 370 3466 dem
386 3420 459 3466 cum
476 3418 517 3465 ea
532 3399 674 3486 racione,
698 3399 784 3484 quod
799 3406 933 3484 quartus
950 3418 1053 3484 equus
1069 3399 1313 3468 exercitualium
1331 3419 1426 3484 equo-

297 3529 366 3574 rum
397 3506 427 3573 ei
453 3507 557 3592 datur,
573 3515 608 3575 ut
628 3529 725 3593 super
740 3509 811 3594 ipso
828 3513 940 3575 nostra
957 3515 990 3576 et
1005 3529 1066 3576 sua
1081 3509 1217 3594 negucia
1234 3517 1425 3592 exequatur.

298 3618 376 3682 Item
392 3636 490 3702 super
505 3614 592 3684 facto
609 3616 869 3683 mandurinarum
896 3637 936 3684 ao
952 3617 1217 3704 aprologinarum
1244 3623 1427 3684 recurretur

297 3725 342 3791 ad
375 3721 580 3808 priuilegium
611 3726 802 3812 populorum
827 3724 869 3792 de
884 3724 1056 3808 Thwroch,
1071 3733 1107 3791 ut
1126 3724 1153 3791 sl
1170 3723 1234 3810 ipsi
1251 3725 1367 3809 populi
1383 3725 1424 3792 de

300 3831 460 3898 'Phwroch
491 3831 594 3918 pelles
627 3831 830 3900 mardurinas
865 3838 897 3900 ct
928 3832 1184 3919 aprologinares,
1210 3850 1267 3899 seu
1284 3851 1419 3899 censum

297 3959 357 4026 pro
374 3939 495 4007 eisdem
511 3941 638 4008 soluere
655 3945 900 4028 consueverunt,
921 3939 1038 4007 eadem
1054 3938 1254 4007 cousuetudo
1272 3939 1426 4008 observa·

298 4047 386 4115 bitur
402 4045 486 4114 inter
502 4047 601 4134 ipsos.
618 4050 699 4115 Item
716 4069 827 4116 omnes
844 4048 956 4134 populi
972 4055 1003 4114 et
1035 4048 1157 4133 singuli
1190 4069 1287 4136 super
1318 4045 1425 4134 dumo,

298 4161 414 4240 castro,
446 4156 497 4223 vel
528 4177 625 4242 opere
654 4157 756 4242 Regio
787 4157 875 4225 omni
891 4176 977 4222 anno
993 4177 1057 4223 uno
1074 4156 1137 4241 die,
1155 4155 1285 4240 quando
1302 4153 1421 4222 (lomes

295 4263 442 4349 jusserit,
473 4263 593 4330 debent
623 4263 759 4349 operari.
800 4263 880 4330 Item
912 4261 990 4330 dicti
1022 4263 1134 4349 populi
1165 4262 1266 4330 nostri
1305 4261 1426 4330 debent

297 4373 391 4439 uobis
422 4373 454 4438 in
472 4371 587 4439 Zolom
618 4373 793 4458 deseruire,
826 4377 922 4457 prout
953 4379 1063 4440 nostre
1079 4371 1240 4458 placuerit
1255 4373 1427 4460 voluntati,

298 4479 351 4546 uel
368 4485 463 4564 prout
479 4480 526 4546 eis
543 4501 600 4568 per
615 4479 741 4546 litteras
757 4485 887 4548 nostros
904 4478 1055 4546 dabimus
1072 4482 1106 4546 iu
1138 4477 1311 4546 maudutIs.
1342 4479 1421 4546 Item

300 4607 423 4676 ceruos,
434 4607 540 4672 apros,
550 4587 665 4654 damas
675 4585 788 4654 venari
799 4607 862 4654 uon
877 4588 1002 4674 possint
1012 4587 1044 4653 in
1056 4588 1159 4675 syluis
1170 4594 1203 4653 ct
1213 4587 1293 4653 locis
1304 4587 1428 4654 anobis
