3208 5158
775 289 936 390 „sqq

292 487 358 556 stb.
373 485 468 554 Vnde
483 483 561 570 quia
575 484 641 570 ipsi
658 482 777 550 Oomiti
792 483 959 570 Stephano
976 482 1100 570 Bubelr,
1117 483 1300 552 Beronibus
1315 490 1348 552 et
1361 486 1420 554 Re-

290 594 348 681 gni
363 591 537 661 Nobilibus
553 608 626 658 curn
639 587 752 658 eodem
767 587 801 656 in
817 590 944 658 luneio
961 589 1151 659 sedentibus
1167 593 1329 678 premissa
1347 612 1421 677 pos·

293 703 395 771 sessio
405 701 489 767 Kun
498 703 617 766 vocata
626 697 718 764 iuxta
729 697 1041 766 demonstraoionem
1051 706 1263 786 utrarumque
1274 698 1418 785 parcium

289 807 486 878 reambulari
503 807 620 874 debere
635 805 741 874 visum
757 803 871 874 luisset
898 808 961 874 stb.
995 805 1043 894 (qi
1075 807 1274 894 hatbrjtrtsi
1305 807 1418 876 rende·

288 918 334 984 let
351 938 371 982 a
387 916 480 984 sacci
497 910 734 1000 keptalanbon)
758 913 791 978 iu
824 915 948 981 ootauis
979 913 1054 982 lesti
1086 915 1316 984 Pcntbecostes
1340 923 1418 984 tunc

288 1023 415 1091 venturi
431 1021 493 1089 stb.
509 1027 532 1089 t
548 1021 570 1088 i.
586 1019 690 1106 primo
700 1019 806 1106 ipsam
816 1019 1068 1107 (possesdonem
1077 1019 1177 1111 Kwn)
1194 1023 1290 1090 iuxta
1305 1039 1417 1093 cursus

288 1139 448 1198 metarum
479 1131 514 1194 in
545 1128 632 1195 dicto
663 1127 833 1214 priuilegio
850 1126 973 1196 domini
998 1129 1075 1198 Bele
1090 1129 1201 1216 Regis,
1219 1149 1278 1216 per
1294 1129 1415 1199 dictum

288 1237 469 1306 lobannem
504 1235 710 1320 Litteratum,
740 1237 794 1304 vel
825 1255 918 1304 suum
949 1236 1130 1321 legitimum
1170 1246 1413 1325 procuratorem

291 1345 372 1413 inibi
400 1347 434 1412 in
449 1345 559 1431 specie
590 1343 774 1412 exhibendo
791 1351 1014 1414 contentarum
1029 1347 1099 1427 stb;
1123 1345 1279 1414 siautem
1301 1344 1413 1414 eedem

285 1459 395 1540 partes
419 1454 454 1519 in
486 1453 596 1536 aliqua
626 1451 786 1537 particula
817 1460 904 1520 terre
934 1451 1170 1540 discordarent,
1203 1461 1236 1521 et
1268 1455 1303 1521 in
1335 1455 1411 1541 ipsa

286 1561 543 1646 possessionaria
582 1560 843 1628 reambulacione
884 1567 916 1628 et
941 1567 1100 1630 metarum
1131 1561 1414 1632 demonstracione

286 1669 348 1737 sibi
379 1669 520 1735 inuicem
552 1667 825 1753 contradicerent,
859 1671 937 1734 tunc
968 1669 1074 1754 ipsam
1107 1667 1297 1756 particulam
1328 1677 1412 1740 terro

286 1774 390 1860 signis
421 1793 479 1861 pro
512 1774 606 1842 metis
636 1773 761 1861 positis,
793 1775 864 1844 visa
881 1775 931 1843 sui
958 1775 1126 1863 qualitate,
1142 1775 1366 1845 fructuositate
1381 1785 1414 1848 et

287 1885 407 1966 valore,
424 1885 494 1950 Deo
511 1903 570 1968 pre
603 1883 705 1950 oeulis
736 1883 860 1969 habito,
893 1903 1004 1952 amore
1035 1893 1067 1952 ct
1097 1885 1211 1954 timore
1241 1887 1415 1954 cuiuslibet

290 1993 393 2078 partis
422 1991 534 2078 procul
566 1991 673 2076 motis,
703 2010 768 2058 vna
783 2011 857 2059 oum
889 1991 966 2079 aliJs
997 1994 1109 2078 probis
1126 1993 1206 2060 viris
1222 1993 1415 2062 estimarent

287 2097 392 2185 Regni
423 2097 657 2167 consuetudine
687 2099 880 2183 requirente,
911 2097 1096 2185 ibidemque
1128 2101 1227 2186 ijdem
1259 2101 1354 2188 Regij
1382 2109 1415 2169 et

287 2207 363 2276 dieti
403 2208 547 2294 Capituli
588 2205 791 2274 Wacbiensis
831 2207 978 2275 homines
1009 2206 1165 2296 viderent,
1189 2216 1222 2278 et
1237 2208 1410 2296 diligenter

285 2315 500 2400 intuerentur,
530 2335 567 2382 ae
601 2315 642 2381 ab
667 2312 787 2382 eisdem
819 2315 932 2382 vicinis
965 2321 997 2381 et
1028 2317 1267 2405 commetaneis,
1301 2319 1414 2386 nobili·

286 2423 412 2506 busque
427 2419 758 2505 eompronincialibns
773 2421 895 2489 scirent
910 2429 942 2487 et
959 2421 1159 2505 inquirerent
1175 2421 1215 2490 de
1241 2443 1291 2511 eo,
1324 2427 1413 2495 cuius

284 2530 387 2615 partis
419 2535 547 2596 ostense
577 2535 661 2594 mete
692 2529 835 2596 veriores
867 2537 899 2596 et
930 2531 1181 2615 apparenciores
1227 2533 1412 2619 existerent,

284 2631 504 2705 omnimodam
537 2635 705 2703 veritatem
736 2637 798 2702 stb.
832 2633 924 2723 (Erre
957 2658 978 2705 a
1009 2639 1100 2705 vacui
1132 2637 1291 2725 kaptalan
1302 2641 1407 2725 Jelen·

283 2747 366 2830 tese,
396 2743 485 2828 hcgy
501 2763 521 2808 a
536 2741 725 2828 hatarjdrds
752 2743 968 2831 alkalmaval)
995 2745 1100 2832 primo
1125 2753 1158 2814 et
1183 2746 1410 2834 principaliter

286 2849 399 2938 (mete)
431 2867 489 2934 per
520 2852 735 2918 ostensionem
766 2849 844 2918 dicti
871 2851 1007 2920 Jobanis
1039 2854 1188 2920 Litterati
1216 2854 1258 2922 de
1289 2856 1412 2924 Toma-

286 2958 343 3048 lya
356 2959 416 3026 stb.
432 2958 524 3024 iuxta
541 2965 684 3024 tenorem
701 2958 869 3046 priuilegij
888 2959 1010 3026 domini
1026 2961 1104 3030 Belo
1122 2963 1220 3046 Regis
1252 2965 1315 3035 stb.
1347 2962 1410 3032 hoo

284 3068 399 3134 ordine
429 3065 663 3132 dinoscantur:
696 3066 805 3132 Prima
838 3073 926 3132 meta
969 3075 1055 3136 esset
1094 3069 1216 3136 fluuius
1246 3070 1316 3157 Sar,
1349 3072 1405 3156 qui

284 3175 422 3244 oriretur
437 3172 477 3240 de
487 3174 585 3259 Saye,
595 3179 627 3238 et
637 3173 698 3239 iret
713 3172 757 3239 ad
774 3175 939 3255 quandam
955 3183 1076 3242 terram
1092 3177 1223 3244 nomine
1240 3177 1404 3266 Seryche3

283 3283 361 3348 inde
369 3283 432 3347 iret
441 3279 484 3346 ad
494 3279 686 3365 particulam
697 3277 866 3348 cuiusdam
885 3283 979 3369 silue,
997 3303 1061 3366 que
1076 3285 1164 3367 wigo
1180 3285 1412 3355 veresharantb

284 3387 455 3474 diceretur,
487 3393 519 3454 et
557 3387 742 3474 perueniret
781 3387 825 3456 ad
867 3389 948 3457 duas
990 3396 1096 3458 metas
1136 3397 1279 3476 terrear;
1337 3393 1415 3462 'unde

286 3498 407 3581 giraret
422 3495 455 3561 in
472 3493 582 3564 media
613 3503 706 3581 parte
737 3515 850 3564 nemus
883 3495 1057 3583 quoddam,
1090 3503 1123 3565 et
1153 3500 1340 3585 perueniret
1370 3499 1413 3570 ad

283 3604 365 3672 duas
381 3607 453 3670 vias
470 3621 606 3686 magnas
622 3603 666 3668 ad
676 3622 828 3688 magnum
844 3601 988 3688 lapidem
1001 3604 1152 3689 planum3
1170 3605 1246 3675 indo
1258 3628 1337 3677 vero
1352 3627 1410 3695 per

282 3709 534 3790 vallemKama,
553 3707 795 3776 attenderetis
826 3709 882 3778 via
912 3731 978 3778 non
1008 3711 1154 3798 modica;
1183 3720 1216 3780 et
1246 3713 1324 3781 inde
1356 3735 1413 3802 per

284 3817 403 3884 dictam
434 3817 553 3883 vallem
587 3816 709 3900 giraret
740 3816 784 3884 ad
800 3839 898 3885 vnam
933 3821 1094 3906 semitam,
1112 3827 1144 3912 et
1159 3821 1353 3889 ascenderet
1368 3819 1414 3890 ad

282 3932 422 3990 montem
439 3925 493 4006 qui
510 3923 607 3990 berch
624 3925 863 4010 appellaretur;
887 3925 964 3994 inde
981 3927 1162 4012 procedens
1187 3928 1334 3996 tenderet
1364 3929 1408 3998 ad

282 4031 473 4117 particulam
506 4031 673 4098 cniusdam
706 4038 799 4119 terre,
824 4034 913 4102 cuius
929 4053 1006 4120 pars
1023 4037 1155 4103 sinistra
1170 4037 1350 4122 pertineret
1365 4038 1410 4106 ad

281 4137 488 4225 Zagrabium,
506 4159 674 4224 paravero
691 4137 1009 4227 dextraadBolugh
1041 4163 1097 4230 per
1129 4145 1227 4228 Regis
1258 4143 1411 4214 donacio·

282 4265 367 4330 nem,
399 4265 461 4329 que
493 4253 580 4315 esset
603 4253 690 4314 terra
705 4247 861 4338 litigiosa,
879 4256 910 4316 et
926 4257 1038 4337 partes
1054 4251 1089 4316 in
1105 4252 1291 4319 ostensione
1310 4262 1409 4322 meta·

281 4373 352 4420 rum
368 4374 469 4440 nsque
485 4355 530 4422 ibi
561 4356 736 4425 concordes
767 4358 973 4446 extitissent;
998 4357 1119 4427 abhinc
1149 4360 1346 4430 transeundo
1366 4359 1409 4428 ad

282 4481 380 4525 vnum
419 4469 559 4530 montem
601 4483 715 4533 versus
756 4465 984 4554 occidentem,
1033 4468 1088 4553 qui
1120 4467 1205 4551 ulgo
1248 4467 1410 4536 diceretur

284 4563 487 4652 Angelycbq
503 4571 559 4638 vbi
575 4579 685 4642 essent
701 4573 766 4642 due
782 4578 866 4642 mete
882 4581 998 4664 terrae,
1014 4575 1069 4644 vbi
1102 4574 1211 4644 dictus
1241 4576 1410 4646 Jobanues
