3150 5162
602 323 761 424 -5-21—

112 519 208 585 iuxta
226 518 313 603 qnod
328 517 486 584 fossatum
502 523 609 586 erecte
625 524 701 584 sunt
719 516 782 584 due
808 525 912 602 mete;
937 518 1053 586 deinde
1084 518 1245 604 protendi·

113 637 166 692 tur
182 625 226 692 ad
243 633 356 713 metas,
373 644 437 708 que
453 629 559 692 erecte
575 625 607 690 in
626 624 733 709 capite
749 625 832 691 silue
848 631 935 713 sunt,
968 631 1000 692 et
1016 625 1062 691 ibi
1094 624 1243 718 termina-

112 743 175 802 tur.
200 735 242 801 In
257 734 348 802 cuius
364 733 412 799 rei
443 733 662 801 testimonium
695 741 727 801 et
757 733 947 801 memoriam
978 732 1021 800 ad
1051 733 1246 819 peticionem

96 843 262 930 ¹parcium
278 840 494 928 personaliter
520 861 628 908 coram
661 842 753 910 nobis
785 843 1047 927 comparentium
1079 849 1246 929 presentes

111 953 240 1018 litteras
257 949 478 1018 concessimus
495 948 603 1034 sigillo
619 957 731 1018 nostro
746 952 928 1019 roboratas.
967 951 1087 1017 Datum
1105 949 1138 1016 iu
1164 949 1244 1016 Oro·

111 1078 174 1125 nos
190 1058 226 1123 in
259 1058 382 1125 octenis
414 1059 575 1144 Cynerum
609 1078 695 1126 anno
725 1057 856 1125 Domini
889 1056 1006 1126 Μῡῦὒο
1036 1059 1242 1142 sexagesimo

110 1166 266 1234 secundo.

109 1365 257 1426 (Enedetie
288 1364 473 1430 borhdrtyam
505 1380 523 1416 a
547 1363 785 1431 hairtyazsinegen
816 1363 934 1430 sdggdtt
964 1365 1059 1430 peccet
1090 1365 1244 1430 elveszett;

364 1458 476 1508 kerolto
501 1459 557 1510 tsk.
577 1457 664 1523 Dergi
683 1457 818 1524 Somogyi
836 1455 924 1510 Autal
948 1454 1001 1520 dr.)

638 2393 713 2466 364.

106 2593 257 2658 Beaedelc
271 2603 383 2660 mester
398 2616 420 2658 a
435 2591 585 2680 leiratlyrrt
598 2593 726 2659 advoca
741 2593 918 2677 birdjdaak
933 2595 1000 2659 roto
1017 2593 1161 2678 Pozrdpu
1178 2613 1237 2656 me-

299 2701 373 2786 pyei
388 2701 540 2787 dalyedpet
558 2702 717 2786 tsirppozd
731 2701 922 2766 itc'letlcoele.
949 2702 1044 2768 1262.

211 2895 283 2962 Nos
297 2895 456 2980 Magister
471 2895 666 2964 Benedictus
681 2895 790 2964 Judex
822 2895 919 2964 (lucie
950 2897 1080 2964 domine
1110 2896 1236 2981 Reginc

105 3004 221 3072 (lomes
239 3003 346 3071 Castri
363 3006 475 3071 Ferrei
493 3005 651 3073 uniuersis
667 3005 784 3090 quibus
801 3004 982 3091 expedierit
1012 3004 1235 3087 significamus

107 3113 313 3200 presencium
329 3133 387 3201 per
403 3123 557 3201 tenorem,
589 3115 677 3198 quod
695 3133 766 3180 cum
783 3113 825 3180 de
855 3115 1024 3181 uoluntate
1055 3113 1171 3198 Regia,
1204 3117 1236 3178 et

108 3223 263 3291 mandato
281 3223 418 3311 speciali
442 3221 587 3290 illustris
602 3225 729 3308 Regino
743 3222 886 3309 Vngarie
902 3221 1103 3291 venissemus
1120 3222 1154 3288 in
1176 3218 1235 3287 Po-

106 3353 186 3416 saga
202 3333 248 3400 ad
258 3330 474 3418 judicandum
508 3339 540 3398 ct
572 3329 805 3400 restituendum
836 3339 941 3400 terras
972 3339 1039 3399 tam
1071 3353 1092 3398 a
1123 3331 1236 3397 Castro

108 3459 203 3522 quam
221 3462 243 3507 a
258 3440 404 3525 quolibet
421 3440 634 3508 hereditarias
652 3447 684 3507 et
700 3439 883 3527 empticius,
908 3461 968 3507 seu
983 3439 1061 3506 illas
1076 3457 1158 3523 quas
1174 3444 1235 3503 tor·

104 3568 159 3616 ras
177 3555 330 3616 tenentes
347 3547 492 3616 detinent
508 3557 685 3634 occupatas
701 3549 858 3633 indebite;
874 3549 969 3617 etad
985 3544 1233 3632 inspiciendum,

107 3658 133 3722 si
149 3655 253 3740 ijdem
269 3661 373 3724 terras
390 3663 536 3725 tenentes
552 3664 656 3724 terras
674 3657 844 3726 easdema
875 3664 1019 3741 tempore
1044 3653 1236 3721 donacionis

108 3763 159 3828 nel
176 3762 395 3831 institucionis
414 3767 503 3832 clarc
519 3765 673 3833 memorie
690 3763 817 3851 Wgrini
849 3761 1038 3832 (lolocensis
1069 3759 1233 3845 Archicpi·

106 3871 195 3956 scopi
213 3877 248 3938 et
264 3871 415 3958 deinceps
432 3893 601 3958 possessas
619 3873 715 3941 certis
732 3872 880 3939 detinent
895 3869 993 3937 metis
1009 3875 1042 3937 et
1057 3867 1171 3955 titulis,
1204 3872 1236 3934 et

106 3978 189 4046 inter
206 3979 276 4046 alia
292 3987 396 4048 terras
414 3981 540 4069 Bylote,
558 3981 657 4048 Belch
674 3989 706 4049 ct
721 3979 867 4047 Petroalc
884 3977 1073 4065 Oryauicha
1084 3975 1236 4043 etScelta

108 4094 243 4154 uocatas
260 4086 357 4174 cerlis
374 4089 470 4154 metis
502 4095 535 4155 et
566 4087 667 4154 titulis
700 4085 972 4169 congruentibns3
996 4085 1235 4151 inuenissemns

105 4195 176 4262 iore
192 4195 344 4261 detentas
361 4195 452 4261 iuxta
468 4197 704 4263 continenciam
731 4194 897 4281 priuilegij
930 4193 1067 4260 illustris
1100 4190 1235 4277 Regino,

106 4304 341 4370 commetaneis
373 4304 474 4370 eciam
508 4305 684 4373 earundem
717 4313 876 4370 terrarum
908 4321 973 4366 non
1020 4296 1237 4385 obstantibus,

108 4409 197 4496 ipsas
213 4419 318 4478 terras
334 4413 393 4478 sub
411 4411 524 4478 eodem
541 4411 620 4498 iure,
651 4411 745 4480 metis
762 4417 793 4478 et
809 4409 924 4493 sirmis,
958 4414 1052 4493 prout
1083 4407 1117 4472 in
1149 4405 1235 4472 dicto

108 4517 278 4602 priuilegio
296 4518 596 4605 comprehenditur3
613 4521 694 4606 ipsis
711 4519 824 4605 Bilote,
842 4515 941 4584 Belch
958 4523 990 4582 et
1005 4514 1152 4581 Petronio
1158 4513 1235 4597 jure

109 4633 265 4714 perpetuo
282 4627 473 4716 reliquimus
488 4627 712 4720 possidendas,
746 4633 780 4696 et
795 4624 838 4694 ad
852 4623 1040 4696 ulteriorem
1072 4620 1234 4690 cautelam
