3098 5132
789 885 862 953 let.

260 1087 310 1148 Aa
324 1086 510 1169 eaeterpcma'
525 1084 692 1169 kdptalao
707 1087 814 1168 titirjc
829 1085 892 1148 III.
910 1084 993 1148 Rota
1010 1086 1183 1172 ktrctpaat
1202 1086 1273 1151 rute
1280 1087 1389 1172 josto*

258 1203 312 1276 pot
330 1193 483 1278 tarppazd
499 1191 701 1276 admndaydt
717 1214 739 1255 a
763 1193 891 1276 api-troi
920 1191 1080 1277 kdptulca
1102 1197 1262 1259 emmetra.
1291 1193 1387 1260 1226:

368 1385 525 1452 Nicolaus
540 1385 729 1470 Propositus
755 1393 787 1451 et
818 1385 937 1452 Sancte
969 1383 1208 1472 Strigoniensis
1240 1387 1395 1456 Ecclesia

260 1492 444 1578 Capitulum
462 1491 621 1576 omnibns,
646 1493 689 1558 ad
720 1512 801 1576 quos
832 1493 939 1559 littere
970 1501 1139 1578 presentes
1170 1493 1390 1580 peruenerint,

262 1601 433 1666 oraciones
452 1601 486 1664 in
502 1597 647 1664 Domino.
672 1597 901 1682 significamus
918 1599 1132 1667 Vniuersitati
1158 1607 1277 1686 cestre,
1303 1599 1389 1684 quod

261 1704 424 1772 accedens
440 1704 482 1771 ad
499 1705 700 1790 presenciam
716 1713 861 1772 nostram
878 1706 1023 1773 Jacobus
1046 1706 1233 1792 Nytrieusia
1259 1707 1400 1794 Episco-

259 1831 334 1898 pus,
351 1812 473 1878 obtulit
486 1813 582 1878 uobis
597 1812 804 1897 priuilegium
821 1813 882 1879 sub
898 1813 1010 1897 sigillo
1027 1812 1133 1880 felicis
1145 1813 1400 1882 memorieBeie·

259 1921 358 2004 Regis
374 1921 468 1986 istam
486 1919 622 1986 formam
640 1921 819 1987 continens.

366 2027 404 2094 Iu
420 2029 550 2094 numine
566 2027 684 2095 Sancte
701 2025 874 2094 Trinitatis
893 2029 954 2095 stb.
983 2027 1196 2106 (konetkeaik
1222 2026 1283 2093 ΙΙΙ.
1308 2027 1392 2094 Bela

259 2135 440 2224 kirtlynak
463 2135 597 2204 ttae-ki
613 2136 898 2220 adomtnylevete,
913 2135 998 2200 mint
1012 2133 1147 2200 fentebb
1162 2139 1216 2204 30.
1232 2155 1276 2200 az.
1294 2131 1341 2219 a.)

367 2244 489 2311 Verum
506 2244 584 2326 quia
600 2245 776 2328 urgebatur
793 2243 912 2310 dictam
932 2243 1143 2328 priuilegium
1171 2241 1326 2307 exhibere
1351 2243 1393 2308 in·

260 2351 392 2434 iudicio,
411 2351 491 2416 etin
508 2351 641 2416 remotis
667 2350 823 2434 partibus,
851 2353 978 2434 timens,
1003 2369 1045 2415 ne
1075 2369 1155 2416 cusu
1186 2350 1302 2418 sufferi
1333 2351 1390 2417 uel

259 2459 366 2524 amitti
383 2465 505 2540 posset,
524 2458 701 2540 postulauit
716 2477 736 2522 a
751 2456 845 2524 nobis
863 2457 946 2524 illud
963 2457 1006 2524 ad
1017 2457 1178 2524 cautelam
1189 2456 1398 2542 transscribi.

259 2575 291 2632 et
309 2562 407 2648 sigilii
423 2561 525 2628 nostri
541 2563 753 2647 impressione
769 2565 970 2632 communiri.
1011 2563 1062 2630 Ad
1078 2565 1172 2631 cuius
1186 2563 1386 2650 peticionem

259 2671 423 2758 prct’atum
442 2669 645 2757 priuilegium
662 2675 761 2738 uerbo
778 2672 821 2738 ad
838 2671 974 2738 uerbum
991 2671 1025 2736 in
1051 2677 1235 2756 presentem
1261 2679 1386 2739 cartam

256 2777 447 2845 transscribi
463 2778 612 2864 fecimus,
639 2785 670 2846 et
697 2777 794 2864 sigilli
818 2780 921 2846 nostri
949 2779 1126 2846 munimine
1152 2777 1396 2845 roborauimns..

256 2891 350 2954 Anno
366 2887 409 2953 ab
424 2887 661 2953 incarnacione
676 2886 807 2954 Domini
825 2887 928 2955 M⁰GO
935 2887 1012 2956 ⁰XX
1019 2885 1073 2951 ⁰VI
1080 2897 1100 2953 ⁰.

256 3086 310 3148 (Aa
330 3088 497 3155 eaztergami
525 3087 718 3151 raptatsmek
739 3083 1033 3146 12⁷0·kietirattbol‚
1053 3099 1070 3134 a
1089 3084 1176 3135 budai
1196 3085 1248 3134 lrir.
1261 3083 1390 3135 namara

722 3177 917 3240 leveltatrban.)
