3080 5146
661 374 821 474 „Q

170 566 413 654 promissiones
430 588 492 656 pro
508 571 556 639 eis
572 569 660 638 tacte
673 571 769 638 nobis
785 589 844 656 per
859 569 1311 656 stipulacioncmlegitimamr

170 693 243 742 -nou
259 677 436 744 extiterant
450 682 591 764 somate,
616 677 743 745 irritam
757 678 942 746 iudicamus
958 685 991 745 et
1013 677 1163 759 inanem3
1187 679 1304 746 istam·

166 799 242 864 que
255 789 362 850 ratam
378 783 584 854 decernimus
599 790 699 872 atque
713 787 849 852 firmam.
888 786 1024 871 Insuper
1049 785 1167 872 prefati
1193 784 1305 852 dilecti

176 894 208 954 et
222 889 339 958 fideles
354 892 457 958 nostri
471 892 669 978 Fridericus,
691 891 937 960 Bartholomeus
953 899 987 960 et
1002 891 1143 960 Seruido
1158 892 1214 982 fiiij
1232 890 1304 958 Ser·

166 995 307 1064 didonis
338 997 471 1066 comitio
503 999 669 1068 Maiestati
686 1005 797 1068 nostre
811 1001 981 1086 querulosa
1007 1007 1163 1068 curarunt
1186 1021 1302 1086 propo·

163 1123 265 1193 nere,
281 1104 369 1189 quod
385 1105 419 1171 in
434 1126 566 1174 nemore
582 1107 724 1190 quodam
739 1107 825 1192 wigo
843 1105 965 1175 (iwoad
982 1106 1150 1192 appellato
1166 1105 1200 1174 in
1231 1127 1305 1192 pre·

165 1211 266 1278 dicto
280 1211 442 1280 Comitatu
457 1213 588 1282 Modrus
612 1215 675 1282 sito
700 1214 917 1299 complurima
931 1213 1106 1281 latrocinia
1130 1221 1164 1280 ct
1195 1213 1304 1301 spolia

177 1319 302 1406 tierent,
319 1325 353 1386 ct
366 1319 401 1386 in
416 1319 487 1386 dies
503 1320 743 1388 invalescerent
753 1323 846 1403 adeo,
863 1321 949 1406 quod
959 1326 1155 1388 mercatores
1166 1327 1303 1388 stratam

166 1446 379 1494 communem
404 1445 518 1495 versus
545 1447 635 1496 mare
661 1428 866 1495 Adriaticum
897 1434 1104 1495 transeuntes
1136 1427 1305 1496 rarissime

165 1537 389 1599 memoratum
407 1553 522 1601 nemus
536 1534 706 1619 idempnes
731 1538 866 1620 possent
896 1533 1114 1620 pertransirc;
1139 1535 1306 1620 supplica-

167 1647 251 1706 runt
267 1640 432 1708 Maiestati
447 1649 569 1728 nostre,
586 1645 748 1725 quatenus
763 1640 974 1728 tricezimam‚
991 1663 1054 1725 que
1079 1641 1113 1710 in
1142 1641 1306 1709 Comitatu

170 1748 308 1816 *Modrus
324 1748 460 1815 Camere
476 1754 588 1816 nostre
603 1749 693 1834 exigi
725 1748 824 1816 solita
855 1747 925 1833 fuit,
959 1750 1083 1816 eisdem
1115 1749 1237 1816 donare
1268 1770 1306 1816 eo

168 1855 387 1940 dignaremur
402 1855 534 1938 intuitu,
551 1861 710 1938 qnatenus
726 1855 792 1940 ipsi
808 1863 947 1922 stratam
962 1863 1175 1924 memoratam
1190 1859 1302 1940 tutori,

164 1981 339 2048 securare,
370 1963 572 2030 latrunculos
589 1965 731 2031 euellere
748 1969 781 2031 et
797 1964 944 2031 funditus
961 1972 1133 2033 concutere
1150 1965 1306 2032 deberent

165 2075 208 2138 ct
225 2075 421 2154 teneantur;
446 2070 564 2154 quibus
581 2071 711 2153 quidem
738 2070 923 2158 latrocinijs
939 2073 1051 2155 paruis
1067 2091 1139 2136 cum
1154 2072 1307 2156 expensis

168 2177 352 2264 paucisque
368 2197 441 2246 cunr
457 2178 665 2263 stipendiatis
683 2178 814 2245 minime
829 2178 996 2262 prouideri
1012 2177 1133 2261 quibat.
1155 2177 1307 2244 Ceterum

168 2285 385 2371 priuilegium
402 2292 561 2367 nostrum,
592 2287 681 2370 quod
697 2285 840 2355 Johanni
856 2284 983 2369 Comiti,
1017 2291 1049 2350 et
1065 2281 1221 2352 iratribus
1237 2286 1306 2354 suis

166 2411 273 2479 super
288 2392 473 2460 donacione
489 2391 708 2460 comitatuum
723 2392 903 2481 Wynodoil
918 2399 949 2459 ct
960 2393 1098 2477 Modrus,
1114 2391 1304 2478 perdicium

180 2519 276 2565 auum
308 2505 456 2566 nostrum
481 2500 607 2587 Boiam,
640 2509 673 2567 ct
688 2507 813 2584 patrem
831 2507 973 2568 nostrum
989 2499 1165 2584 Andrcam,
1197 2500 1305 2583 Reges

177 2604 310 2690 iactam,
341 2613 374 2670 et
404 2625 503 2690 super
531 2606 811 2673 confirmacionem
842 2607 1087 2692 priuilegiomm
1118 2605 1305 2674 eorumdem

165 2713 348 2778 recolimus
362 2731 421 2779 nos
437 2713 587 2796 dedisse;
610 2733 671 2780 neo
687 2735 751 2780 non
768 2719 800 2778 et
816 2711 990 2798 priuilegia
1006 2713 1164 2780 dictorum
1188 2733 1304 2798 proge-

178 2821 318 2888 nitorum
335 2827 530 2905 nostrorum,
546 2820 691 2887 felicium
702 2811 979 2906 recordacionum,
995 2820 1039 2886 ad
1054 2820 1219 2890 tollendas
1231 2841 1302 2906 pru·

166 2928 319 2994 viirritatee
336 2927 460 2994 eisdem
475 2929 625 3011 insertas,
640 2949 738 3013 snper
753 2930 870 3013 quibus
880 2937 1012 3015 possent
1022 2928 1235 3014 imposterum
1245 2930 1303 2996 du·

175 3036 312 3102 bietates
328 3033 487 3120 suboriri;
504 3041 537 3101 et
553 3036 769 3102 determinate
783 3041 941 3120 ponentes
958 3038 992 3102 in
1003 3035 1205 3117 subscriptis,
1231 3035 1301 3117 qui-

164 3143 234 3209 ·bus
250 3141 401 3210 seruiciis
417 3141 482 3228 ipsi
498 3147 530 3208 et
545 3143 684 3210 heredes
701 3129 812 3209 eorum
828 3145 923 3210 nobis
940 3147 972 3209 ct
987 3140 1164 3208 heredibus
1179 3145 1300 3208 nostris

167 3249 313 3334 obligati
331 3249 374 3316 de
389 3257 496 3318 cetero
511 3251 715 3336 tenebuntur,
731 3251 939 3335 presentibus
959 3249 1062 3316 inseri
1076 3248 1121 3314 ad
1138 3248 1300 3316 cautelam

163 3355 214 3426 ate
228 3361 329 3426 verbo
344 3358 535 3425 adverbum
551 3359 583 3425 in
601 3359 691 3426 hunc
706 3359 837 3426 modurn
854 3359 990 3426 fecimus
1005 3383 1013 3424 r

278 3465 360 3534 Belo
375 3465 416 3530 D.
432 3484 481 3550 gr.
497 3464 667 3550 Huugarie
683 3468 744 3534 stb.
762 3468 831 3533 Rex
850 3473 911 3533 otc.
930 3462 1143 3553 (kbuetkezik
1152 3464 1207 3530 IV.
1218 3463 1301 3530 Belo.

164 3572 351 3658 -trtrslynak
368 3571 507 3642 lata-ki
523 3574 701 3660 armonya,
716 3575 799 3640 mint
813 3573 946 3640 tentebb
963 3577 1039 3642 230.
1058 3591 1104 3639 sa.
1122 3569 1168 3658 a.)

277 3681 368 3746 Item
378 3679 469 3746 aliud
484 3681 694 3766 priuilegium
711 3681 843 3748 Andrus
859 3681 961 3766 Regis
976 3678 1082 3766 patris
1099 3677 1220 3746 nostri:

277 3787 314 3852 ln
331 3789 464 3854 nomine
480 3789 543 3856 stb.
557 3787 707 3856 Andreas
723 3788 784 3856 stb.
814 3789 886 3855 Rex
918 3789 980 3856 stb.
1013 3785 1224 3876 (kbuetkeaik
1254 3787 1298 3854 11.
1389 3812 1392 3819 ·

165 3893 278 3961 ¹liudre
293 3892 474 3990 kirtlynak
492 3894 629 3964 laos-ki
643 3895 883 3982 priuilegiuma,
898 3895 979 3960 mint
993 3893 1123 3961 ientebb
1142 3897 1196 3962 63.
1207 3897 1297 3962 suam

164 3999 280 4088 elau.)

275 4109 345 4176 Nos
359 4109 472 4190 itaque
485 4109 663 4194 premissas
678 4109 904 4178 eoncessiones
920 4109 1008 4177 dicto
1022 4108 1166 4176 Jobauni
1177 4106 1296 4176 (inmiti

172 4224 204 4285 et
240 4215 398 4285 fratribus
438 4217 527 4296 suis,
575 4215 813 4301 heredibusque
844 4225 878 4284 ct
905 4215 1151 4302 posteritatibus
1183 4233 1296 4282 eorum

169 4323 340 4412 uniuersis,
358 4324 537 4393 Comitatus
552 4324 710 4393 videlicet
725 4324 857 4392 Modrus
874 4333 907 4392 et
931 4325 1097 4410 Wynodol
1129 4323 1164 4390 in
1195 4341 1294 4390 vnum

163 4429 483 4516 comprehendentes
495 4451 572 4498 cum
589 4431 738 4500 omnibus
755 4438 787 4498 et
812 4429 951 4516 singulis
982 4432 1125 4516 ipsorum
1157 4429 1294 4497 Comita-

163 4546 255 4606 tuum
270 4538 483 4626 pertinencijs
500 4547 533 4606 et
548 4539 739 4635 redditibus,
756 4561 827 4607 cum
844 4541 1055 4626 prerogatiua
1065 4545 1187 4623 nostra,
1204 4535 1293 4604 vide-

162 4645 242 4714 iicet
258 4643 344 4732 quod
363 4663 403 4712 ex
429 4646 511 4732 ipsis
543 4647 721 4715 Oomitibus
752 4655 784 4715 et
815 4646 998 4752 heredibus
1020 4667 1132 4714 corum
1163 4644 1294 4789 {acione

1122 4755 1167 4822 24
