3080 5146
855 919 929 988 245.

327 1127 388 1194 IV.
422 1127 516 1190 Incae
530 1128 624 1208 pdpa
631 1121 782 1208 felnaettts'
796 1145 818 1185 a
834 1118 975 1205 adgredi
986 1119 1150 1206 pilopb'lcdt
1165 1120 1198 1183 ds
1214 1073 1380 1206 triptotum
1405 1139 1437 1182 uz

410 1233 550 1322 apostoli
564 1231 634 1296 eadit
650 1229 829 1296 tdoeteiuek
844 1228 973 1294 elleitdce'
989 1226 1168 1313 teramnae
1182 1228 1257 1292 atel.
1276 1227 1367 1296 1245.

419 1431 584 1495 (Thalcsics,
603 1430 726 1482 Menum.
745 1429 810 1480 hist.
830 1428 923 1493 Epioe.
942 1425 1137 1494 Zagrabiensis
1156 1425 1179 1476 1.
1199 1425 1258 1476 ket.
1279 1428 1321 1476 86.
1339 1425 1367 1488 l)

761 1713 1026 1726 .-...-....----

862 2254 937 2322 tte.

335 2451 400 2522 IV.
420 2455 507 2522 icccc
520 2459 612 2540 popu
634 2453 733 2521 Urida
747 2453 979 2538 panacnhalme'
994 2457 1105 2538 apettot
1121 2475 1157 2517 ua
1187 2462 1358 2540 appete-treet
1387 2473 1449 2538 cpy-

604 2561 680 2626 lra'au'
695 2561 839 2626 asinatra
863 2563 957 2646 tiuja
974 2581 1050 2647 meq.
1083 2559 1178 2625 1245.

445 2756 656 2824 Innocentius
672 2753 854 2843 Episcopus
870 2775 986 2824 seruus
1003 2775 1170 2824 seruorum
1189 2753 1250 2823 Dei
1268 2753 1453 2824 dilcctolilio

337 2915 344 2931 .
361 2914 368 2930 .
386 2909 393 2926 .
410 2863 529 2930 Abbati
546 2861 657 2929 Sancti
674 2861 806 2929 Martini
824 2862 865 2929 de
881 2863 1052 2930 Pannonia
1069 2865 1209 2930 salutem
1237 2871 1270 2932 et
1304 2861 1455 2949 Apostoli-

309 2991 409 3050 ‚cam
428 2968 694 3040 benedictionem.
728 2969 790 3036 Dei
823 2971 922 3038 uirtus
956 2978 988 3038 et
1018 2969 1080 3037 Dei
1113 2971 1276 3056 sapientia
1308 2971 1456 3038 Dominus

338 3080 435 3148 lesus
450 3079 609 3167 Christus,
626 3079 718 3147 cuius
734 3079 892 3148 ineffabili
908 3079 1057 3148 subiecta
1074 3087 1149 3146 suut
1165 3079 1275 3148 omnia
1291 3077 1458 3160 Maiestati,
1535 3135 1536 3180 p

338 3207 359 3254 a
374 3185 575 3258 fundationis
587 3188 680 3255 initio
693 3188 867 3273 splendore
883 3187 1035 3256 uirtutum
1052 3207 1144 3256 suam
1160 3187 1339 3256 illustrauit
1353 3187 1460 3254 Ecum

340 3293 434 3382 siam,
449 3301 481 3364 et
496 3295 543 3365 sic
559 3295 721 3380 insignem
738 3294 882 3362 reddidit
898 3295 1073 3378 singularis
1089 3295 1265 3380 priuilegio
1281 3294 1458 3383 potestatis,
1535 3329 1536 3348 1

340 3408 374 3468 ut
389 3421 447 3488 per
464 3403 534 3472 eius
551 3402 764 3470 ministerium
781 3423 875 3469 surum
901 3401 1026 3470 iustitia
1058 3409 1275 3487 consequatur
1305 3401 1461 3487 effectum,

341 3517 373 3576 ot
389 3511 502 3580 sedato
519 3531 709 3598 guerrarum
727 3511 854 3579 turbine
871 3511 989 3578 mondo
1006 3513 1111 3597 possit
1143 3509 1366 3596 tranquillitas
1396 3530 1462 3597 pro

340 3616 460 3685 uenire.
499 3619 604 3686 Huius
620 3621 705 3685 enim
723 3617 968 3704 preminentiam
985 3618 1156 3704 dignitatis
1174 3615 1250 3685 dum
1277 3617 1346 3685 Nos
1375 3637 1462 3684 reue·
1535 3683 1536 3698 ,

342 3729 451 3792 renter
466 3727 676 3814 attendimus,
708 3727 762 3810 qui
780 3725 931 3811 regimini
948 3723 1119 3794 Generalis
1133 3723 1288 3810 Ecclesia,
1320 3723 1397 3792 licet
1412 3725 1464 3790 im·
1535 3731 1536 3810 j

341 3832 458 3917 meriti,
483 3835 606 3901 Diuina
622 3834 828 3920 prouidentia
844 3833 1055 3920 presidemus,
1085 3829 1250 3898 reddimur
1266 3829 1367 3898 corde
1384 3831 1465 3899 solli·
1535 3861 1536 3914 t

342 3939 408 4025 citi,
434 3941 519 4023 quod
535 3943 739 4028 tempestatis
755 3941 878 4026 horror,
909 3960 972 4025 qua
988 3941 1066 4026 ipsa
1080 3939 1229 4006 turbator
1245 3937 1404 4024 Ecclesia,
1435 3944 1466 4004 et
1535 3939 1536 3972 ³

342 4048 459 4135 religio
476 4047 662 4120 Christiana
677 4049 869 4134 concutitur,
900 4066 958 4134 per
974 4055 1083 4116 nostre
1099 4045 1294 4134 prouisiouis
1309 4047 1465 4114 auxillum

343 4155 453 4225 celesti
471 4157 591 4242 pictate
608 4159 751 4245 propitia
776 4157 993 4243 propulsetur.
1026 4153 1114 4222 Hine
1130 4161 1191 4241 est,
1228 4151 1313 4236 quod
1329 4152 1407 4236 Nos,
1436 4159 1469 4221 nt
1535 4179 1536 4240 3

344 4263 419 4348 ipsa
435 4265 584 4334 Ecclesia
599 4287 657 4352 per
672 4265 815 4334 fidelium
830 4263 964 4332 salubre·
976 4261 1146 4330 consilium
1162 4269 1195 4328 et
1219 4259 1379 4328 auxilium
1406 4260 1468 4328 iru-

345 4379 490 4439 ctnosum
507 4379 612 4440 status
629 4371 729 4441 debiti
746 4371 849 4458 possit
866 4369 986 4438 habere
1012 4368 1170 4453 decorem,
1202 4386 1243 4432 ac
1267 4365 1467 4450 deplorando
1535 4363 1536 4406 ⁷

344 4485 428 4546 terre
444 4480 563 4548 Sancto
579 4480 770 4564 discrimini,
802 4483 833 4545 et
849 4476 970 4545 afflicto
987 4477 1144 4543 Romania
1160 4473 1300 4560 Imperio
1332 4493 1469 4559 propere

345 4589 455 4656 ualeat
469 4587 648 4675 subueniri,
680 4608 719 4657 ac
735 4585 878 4656 inueniri
894 4583 1068 4654 remedium
1097 4588 1210 4650 contra
1240 4581 1408 4670 Tartaron,
1440 4587 1470 4651 et
1535 4615 1536 4666 3
