3208 5158
763 237 922 404 Q

797 1001 887 1103 'erc

283 1237 395 1302 Iotcdn
413 1231 513 1321 ifjnlrb
528 1231 706 1320 lcircilyaak
723 1230 929 1322 Ccpcinteldc
944 1232 1080 1302 birtnlot
1097 1235 1256 1320 trirpyazc'
1282 1233 1416 1314 adocei·

498 1365 565 1429 aya
579 1341 723 1430 Ma'tpds,
739 1340 908 1426 Senetefia
924 1347 1080 1410 sacimdrn.
1104 1337 1203 1408 1270.

283 1555 320 1630 (Α
332 1558 400 1626 gret
409 1559 498 1626 Ziehy
511 1559 607 1613 melan
629 1558 823 1626 Okmttnytrlra
835 1561 857 1611 L
871 1559 931 1615 klit,
947 1563 989 1611 21.
1002 1561 1021 1612 l.
1046 1557 1187 1628 Veghclyi
1211 1557 1303 1612 Dezstt
1316 1558 1417 1610 klizla-

784 1648 905 1714 menye.)

814 2589 890 2662 tlt.

288 2757 419 2862 Hearik
439 2795 619 2864 sclavonici
635 2796 759 2865 cernat
774 2796 961 2882 iettettevele,
991 2797 1070 2882 metp
1085 2793 1200 2862 saccini
1223 2818 1245 2860 a
1275 2791 1421 2879 chrcbi

284 2907 412 2994 priapeia
433 2909 464 2976 έι
479 2929 502 2972 α
515 2909 664 2995 petrinae·
678 2907 835 2994 condepelc
850 2931 871 2972 a
888 2907 1009 2974 tizedelc
1024 2905 1207 2994 trtrppethcn
1231 2903 1418 2990 maesym-

625 3014 739 3102 zc'at'lcp
754 3014 962 3101 epyezkedtek.
987 3017 1083 3084 1270.

398 3214 467 3281 Nos
496 3210 657 3280 Henricns
687 3211 798 3280 Banus
829 3211 931 3280 tocius
977 3211 1151 3280 Sclavenic
1191 3211 1414 3299 significemus

286 3323 449 3391 universis
466 3323 583 3406 quibus
599 3319 731 3407 expedit
746 3319 900 3388 memorie
918 3319 1182 3389 commendantes
1207 3322 1413 3406 presencium

287 3453 346 3517 per
375 3437 519 3498 tenerem
537 3454 544 3496 r
560 3427 648 3514 qnod
678 3447 750 3496 cum
780 3427 908 3516 Petrus,
925 3429 1012 3497 filius
1028 3426 1200 3519 Redolphi,
1217 3428 1320 3500 Maior
1335 3430 1418 3499 ville

287 3537 329 3604 rie
344 3536 479 3606 Petrina
495 3545 528 3605 et
545 3537 632 3604 cives
650 3535 690 3602 de
706 3535 820 3603 eadem
838 3533 929 3626 villa,
946 3557 985 3602 ac
1009 3533 1068 3603 elii
1083 3535 1232 3606 homines
1248 3538 1292 3605 ad
1308 3537 1416 3626 ipsam

288 3651 486 3732 spectantes,
503 3644 559 3729 qni
574 3649 742 3712 terrestres
759 3644 917 3731 dicuntur,
935 3645 1154 3729 denegassent
1169 3645 1250 3722 dare
1268 3644 1411 3714 decimas

288 3774 365 3821 snas
381 3752 415 3820 in
431 3753 540 3841 specie
555 3753 739 3821 venerabili
754 3753 841 3839 patri
866 3751 996 3821 demine
1027 3753 1220 3822 Thimcthec
1251 3752 1415 3840 Episcopo

289 3861 518 3950 Zagrabiensi,
550 3860 680 3945 frugum
711 3861 847 3948 scilicet,
879 3861 957 3948 vini,
987 3861 1091 3948 millii,
1123 3881 1222 3949 apum
1238 3868 1272 3930 et
1295 3861 1422 3930 minuta

288 3969 486 4058 earumdem,
502 3968 603 4056 lrytas
619 3967 784 4049 videlieet,
801 3967 946 4054 gallinas
962 3975 995 4036 et
1009 3969 1169 4038 decimam
1195 3972 1236 4037 (le
1266 3969 1420 4038 cnstcdi'a

288 4096 468 4162 porcorum,
497 4097 560 4162 que
590 4077 676 4160 wlgc
707 4077 848 4163 polyche
881 4077 1041 4164 dicuntur,
1074 4100 1113 4146 ac
1129 4078 1290 4147 decimam
1306 4079 1418 4145 tributi

288 4181 362 4270 lori,
379 4203 439 4250 nec
470 4204 535 4252 non
565 4185 707 4252 mediam
738 4183 896 4252 decimam
927 4187 1139 4274 precessione,
1169 4206 1234 4270 quc
1263 4185 1422 4255 vicesima

288 4287 415 4379 dicitnr,
446 4299 541 4379 pront
558 4291 641 4360 alias
659 4292 739 4360 dare
755 4298 787 4360 et
802 4293 930 4362 solvere
945 4301 1193 4382 concreverant,
1208 4301 1241 4364 et
1257 4294 1417 4363 decimam

287 4418 470 4484 agnorum
495 4406 528 4466 et
543 4404 675 4486 propter
690 4399 753 4467 hcc
767 4400 855 4468 idem
873 4398 1024 4469 dominns
1040 4401 1226 4490 Episcopus
1249 4403 1418 4488 premissis

288 4506 444 4588 legitimis
459 4507 758 4599 ¹ammonicionibus
783 4509 1074 4577 etinduecicnibns
1099 4511 1309 4600 salutaribus,
1336 4511 1422 4579 sicut

290 4611 389 4676 moris
405 4616 463 4697 est,
480 4629 551 4678 cnm
569 4613 725 4701 prolicere
741 4635 805 4683 non
820 4615 980 4703 potuisset
995 4637 1067 4686 cum
1090 4617 1224 4707 eisdem,
1240 4625 1274 4688 et
1288 4625 1418 4688 senten·
