3080 5146
794 179 955 280 Eg·

308 375 399 462 scopi
414 374 467 444 vel
485 376 774 464 confirmationem,
800 377 829 444 si
847 383 933 445 esset
948 375 1050 460 laeta,
1081 377 1116 443 in
1147 376 1302 463 Sinniu,
1330 385 1368 444 et
1399 375 1442 442 ad
1521 359 1522 368 ἵ

310 483 567 571 protestandnm,
585 481 755 551 dicendum
773 487 806 550 et
820 481 1060 570 opponendum,
1076 488 1110 548 et
1127 481 1354 567 excipiendum
1367 503 1443 549 eon·

309 598 363 658 tra
378 591 503 658 litteras
519 592 709 676 impetratas
725 588 769 655 ad
785 588 908 658 dictum
932 590 970 656 R.
1005 588 1294 676 Archiepiscopum
1323 589 1443 676 Spala·
1522 612 1523 676 3

311 707 446 785 tensem,
463 699 491 767 si
509 719 570 784 quo
587 701 697 767 littere
714 705 823 766 essent
838 717 938 782 super
953 697 1040 764 dicto
1074 696 1160 764 facto
1191 697 1386 784 impetrat03
1411 707 1443 764 et

308 807 354 874 ad
369 806 540 876 faciendas
556 805 807 894 protestationes
823 814 856 874 ct
871 805 1113 892 appellationes
1129 825 1255 894 omnes,
1285 825 1368 890 quas
1384 825 1442 871 no-

309 917 398 984 mine
413 913 493 984 dicti
509 913 664 1002 Episcopi
681 949 1026 966 ------
1041 913 1210 998 canonice,
1237 920 1271 979 et
1297 911 1442 1001 Capitoli

310 1043 369 1098 suo
385 1023 516 1091 nomine
533 1029 565 1090 et
580 1021 736 1090 canonice
751 1021 860 1088 lacere
874 1027 1006 1107 posset;
1032 1025 1065 1086 et
1080 1020 1124 1086 ad
1139 1019 1250 1086 omnia
1266 1021 1335 1087 alia
1358 1019 1442 1087 leci-

310 1131 406 1218 euda,
424 1129 574 1216 dicenda,
591 1127 814 1216 protestanda,
831 1148 895 1212 que
904 1125 968 1213 ipsi
980 1125 1177 1214 principales
1188 1127 1306 1214 faeere,
1322 1127 1442 1212 dicere,

309 1239 487 1324 protestari
502 1245 651 1326 possent3
674 1237 899 1325 promittentes
915 1235 1022 1303 dictus
1038 1235 1219 1322 Episcopus
1246 1242 1280 1302 et
1308 1233 1442 1320 Capitu-

313 1349 391 1436 lum,
423 1345 581 1431 quidquid
596 1346 676 1414 dicti
691 1345 818 1432 sindici,
851 1351 977 1414 actores
994 1352 1027 1412 ct
1042 1349 1276 1431 procuratores
1295 1342 1445 1428 fecerint,

310 1475 347 1523 se
362 1455 488 1523 firmum
504 1461 658 1524 stratum
675 1454 854 1541 habituros,
872 1461 904 1522 et
919 1473 985 1522 uon
1001 1453 1241 1520 contravenire.

418 1563 488 1648 Ego
503 1561 705 1630 Arnaldinus
720 1560 809 1630 tilius
825 1561 990 1646 quondam
1006 1559 1132 1627 Alberti
1157 1558 1312 1646 Santonis,
1342 1557 1437 1625 Sacri

238 1653 242 1662 ¹
310 1669 432 1737 Palatii
449 1669 602 1740 Notarius
618 1667 749 1738 intertui
764 1675 797 1737 et
812 1669 938 1756 scripsi.

546 1867 665 1930 (Farlati
683 1869 830 1934 illyricum
853 1865 970 1921 sacrum
983 1865 1032 1920 Π.
1045 1865 1105 1919 soc.
1118 1868 1180 1916 345.
1193 1866 1225 1928 l.)

740 2153 1010 2167 m

841 2687 917 2757 282.

311 2887 362 2949 Ac
399 2885 589 2971 esctcrpomi
620 2885 846 2973 heptateucus
877 2885 1158 2972 biaonpsclpleoele,
1195 2889 1280 2975 hopy
1311 2885 1440 2956 Feldrr'k

310 2993 471 3061 Baasnak
484 2993 532 3072 fio
547 2993 580 3060 es
596 2993 716 3060 Raszlri
731 2991 913 3059 Raozloook
921 2994 972 3077 fla
987 2993 1289 3080 bizonyosfb'ldeket
1303 2993 1439 3082 Gerpely

440 3123 538 3168 comcs
553 3103 586 3168 eir
602 3101 749 3186 Scenere,
765 3101 899 3186 Mdtyctc
907 3101 1045 3184 fioinalc
1061 3099 1206 3168 eladtdk.
1230 3104 1330 3170 1254.

418 3297 487 3364 Nos
504 3294 689 3382 Capitulum
705 3295 854 3362 Ecclesie
870 3295 1105 3380 strigoniensis
1130 3297 1292 3364 uniuersis
1317 3295 1435 3364 Christi

310 3401 460 3470 fidelibus
475 3409 645 3490 presentes
660 3402 786 3470 litteras
802 3403 997 3489 inspecturis
1014 3405 1182 3472 oraciones
1197 3403 1232 3470 in
1248 3403 1318 3472 tilio
1336 3403 1436 3488 Virgi-

310 3509 361 3576 nis
377 3509 534 3579 Gloriose.
572 3509 752 3577 Nouercari
767 3511 851 3578 solet
867 3511 1065 3596 quandoque
1080 3513 1180 3596 racio,
1197 3511 1262 3580 nisi
1279 3513 1438 3598 scripture

309 3625 343 3684 et
357 3618 528 3703 proborum
544 3616 688 3685 uirorum
705 3617 787 3685 fulta
802 3617 998 3702 testimonijs
1014 3617 1262 3687 succedencium
1279 3639 1436 3687 commen-

310 3725 405 3791 detur
420 3724 576 3792 memorie
591 3723 756 3792 hesitanti.
778 3723 918 3793 Proinde
933 3723 978 3792 ad
994 3724 1217 3794 uniuersorum
1233 3733 1345 3795 tenore
1370 3745 1439 3813 pre·

310 3831 455 3900 sennium
471 3831 626 3899 noticiam
642 3833 790 3900 nolumus
818 3835 1001 3920 peruenire,
1033 3833 1123 3916 quod
1153 3831 1322 3902 Feldricus
1353 3835 1437 3902 filius

310 3939 409 4026 Baas,
425 3940 527 4010 Raslo
543 3939 629 4008 filius
645 3940 757 4008 Raslai
774 3959 884 4007 coram
901 3940 995 4008 nobis
1029 3941 1244 4026 personaliter
1274 3943 1438 4010 constituti

311 4045 476 4133 dixerunt,
502 4047 589 4132 quod
604 4052 710 4114 terras
726 4066 804 4116 sues
819 4046 1036 4115 hereditarias
1053 4047 1150 4114 trium
1166 4048 1329 4134 uillarum,
1355 4052 1439 4134 Nog-

311 4153 406 4222 lalud
422 4153 584 4238 uidelicet,
601 4153 764 4222 Kusfalud
780 4161 812 4223 et
828 4155 941 4240 Bolng‚
957 4161 1183 4241 reoccupatas,
1210 4175 1308 4242 super
1324 4156 1440 4242 quibus

303 4262 441 4347 -quidem
457 4263 627 4333 contencio
643 4265 729 4332 inter
744 4265 832 4350 ipsos
849 4264 1044 4354 Feldricum,
1069 4265 1168 4333 Raslo
1184 4266 1228 4334 ab
1243 4285 1309 4332 nna
1335 4273 1439 4354 parte,

311 4375 344 4438 et
359 4369 553 4455 Gregorium
571 4372 727 4441 Comitem
743 4371 844 4440 tilium
859 4373 959 4441 Matio
974 4394 1013 4441 cc
1030 4372 1170 4442 fratrum
1186 4393 1279 4442 suum
1289 4371 1440 4442 Scemcre

310 4479 441 4548 nomine
458 4499 498 4547 ex
514 4481 623 4549 altera
639 4481 755 4550 suisset
770 4481 936 4570 suscitata,
954 4487 1086 4568 propter
1104 4482 1222 4550 bonum
1238 4481 1334 4567 pacis
1366 4503 1441 4550 ven·
