3150 5162
647 279 806 378 „gao—

154 479 246 548 lanm
278 477 457 547 Venerium
489 488 523 544 et
554 474 668 559 aonios,
699 473 786 558 qnod
816 491 874 559 per
906 475 981 542 illoa
997 475 1039 544 de
1054 477 1159 560 Vegia
1175 480 1284 547 abiate

158 586 289 654 inerunt
305 591 435 655 monete
453 583 581 670 argenti
597 584 742 650 valentes
759 583 858 650 libras
874 579 1010 650 00000
1029 604 1087 669 per
1102 585 1284 654 iohannem

157 695 201 770 de,
213 694 313 760 Milia
330 701 363 761 et
380 693 486 762 aoeioa
502 691 542 758 de
558 689 664 774 Vegla
680 689 721 758 de
737 709 804 755 una
819 688 952 777 baraba,
969 690 1083 774 inqua
1099 699 1169 760 erat
1184 693 1282 762 etiam

155 802 390 888 Campanario,
423 800 476 868 eni
508 796 712 866 abstulerunt
742 817 834 863 arma
865 806 898 863 et
922 800 1117 866 vestimenta
1141 800 1286 869 valentia

155 907 257 975 librae
273 907 396 991 XXIV,
413 907 491 974 item
508 925 565 991 per
581 903 828 972 Gombertinnm
844 910 995 991 nepotem
1012 901 1105 972 Obini
1122 907 1286 994 specialia,

155 1014 245 1098 quod
262 1015 387 1084 Paulae
402 1013 445 1099 de
459 1013 582 1081 Merioa
598 1010 640 1078 de
656 1011 761 1096 Vegla
792 1011 878 1096 oepit
909 1031 992 1096 enm,
1024 1019 1056 1078 et
1087 1015 1223 1083 abstulit
1254 1016 1284 1081 ei

154 1131 241 1188 inter
257 1121 412 1190 denarios
428 1129 461 1189 et
476 1141 526 1188 res
545 1120 648 1188 librae
667 1119 767 1186 XXX
785 1125 817 1185 et
833 1126 949 1206 postea
964 1119 1187 1195 marturizarit
1203 1141 1286 1207 enm,

154 1235 187 1296 et
200 1229 352 1296 iecerunt
369 1228 433 1295 eibi
450 1229 521 1295 dari
538 1227 588 1294 illi
607 1227 647 1294 de
662 1227 753 1312 ligno
770 1228 872 1294 libras
889 1233 1016 1294 eentum
1048 1249 1105 1312 pro
1137 1230 1284 1298 redemti·

155 1358 216 1403 one
233 1336 359 1422 ipsium
382 1337 460 1402 item
477 1354 535 1420 per
551 1335 688 1402 heredes
714 1331 848 1400 Henrizi
873 1333 1048 1420 Bambaaii‚
1074 1335 1157 1420 qnod
1184 1337 1283 1405 homi·

156 1464 214 1512 nea
248 1443 409 1511 Comitum
442 1442 544 1526 Vegle
576 1447 733 1526 oeperunt
763 1459 836 1506 enm
869 1442 956 1528 apud
988 1442 1227 1527 Novegradum‚
1254 1453 1286 1513 et

154 1553 366 1620 abstulerunt
393 1557 521 1616 tantum
539 1555 573 1616 et
588 1549 674 1616 inter
690 1567 730 1616 ea
746 1569 807 1634 qne
823 1551 920 1618 aoivit
936 1570 993 1635 pro
1011 1548 1209 1619 redemtione
1225 1571 1285 1620 nna

157 1661 242 1744 qnod
260 1659 323 1726 snit
339 1660 440 1726 librae
458 1657 571 1739 CCCC,
588 1659 665 1724 item
683 1657 890 1742 onenhaim,
907 1657 942 1724 in
958 1679 1022 1742 qna
1048 1659 1282 1746 continebatur,

155 1767 241 1851 qnod
274 1767 398 1834 Paulus
428 1764 540 1832 Marna
570 1784 643 1832 enm
674 1763 771 1831 aooiis
799 1764 866 1832 nnis
882 1764 1051 1832 sorbanitio
1066 1765 1178 1852 Vegle‚
1196 1785 1285 1834 anee-

156 1879 276 1958 pernnt
290 1873 414 1940 Jacobo
430 1870 534 1938 Paulo
551 1871 592 1938 de
607 1871 733 1938 ventiis
752 1871 872 1938 Sanete
898 1871 1024 1940 Trinite
1055 1874 1155 1940 libras
1169 1881 1176 1890 “
1188 1873 1284 1962 CXL,

156 1988 255 2066 eapta
272 1979 334 2046 snit
365 1999 442 2065 para
474 1987 506 2047 et
537 1978 733 2065 ordinatum,
759 1977 846 2063 qnod
870 1999 929 2065 per
948 1980 1087 2048 arbitros
1101 1979 1282 2049 antediotoa

156 2088 299 2157 debeant
314 2089 495 2155 examinari
526 2087 702 2174 petitiones
733 2087 950 2173 predictarum
982 2087 1166 2154 ohartarnm
1198 2087 1282 2154 aient

154 2197 311 2282 expedire
342 2195 492 2281 viderint,
523 2203 556 2262 et
571 2197 605 2260 in
622 2215 671 2284 eo,
687 2193 774 2280 qnod
790 2193 929 2262 viderint
956 2213 1050 2280 poene
1067 2195 1184 2282 dinero,
1203 2213 1277 2260 anm

154 2305 281 2371 ratione
299 2303 408 2370 dicere
424 2299 584 2388 debeant3
610 2303 743 2369 etaient
759 2321 819 2388 per
850 2321 906 2370 eoa
937 2301 1140 2370 terminatum
1172 2301 1282 2385 suerit,

156 2412 204 2478 aie
221 2411 342 2477 debeat
357 2431 415 2496 per
431 2415 542 2495 parter
558 2409 732 2478 observari.

263 2517 351 2584 Nota
382 2517 468 2601 qnod
500 2519 702 2604 postmodnm
735 2517 850 2584 Comes
881 2515 1063 2584 Foderiona.
1090 2517 1144 2600 qni
1161 2523 1230 2584 erat
1247 2519 1282 2584 in

154 2624 314 2712 Venetiia‚
347 2624 429 2690 dixit
459 2623 587 2691 domino
614 2625 696 2691 Duri
729 2629 760 2690 et
778 2623 931 2707 Consilio,
949 2621 1035 2708 qnod
1051 2623 1180 2694 volebat
1196 2625 1282 2710 qnod

156 2731 313 2799 Nioolans
329 2731 419 2813 Tar„
436 2731 487 2797 oui
504 2737 673 2816 aoeeptnm
689 2729 758 2808 init,
776 2737 812 2797 nt
826 2729 967 2816 dioebat,
984 2731 1069 2798 eirea
1085 2731 1185 2798 libras
1203 2733 1280 2800 000

154 2847 187 2907 et
218 2841 285 2908 XII
318 2857 392 2907 aare
422 2840 541 2906 debeat
565 2839 598 2905 in
616 2858 655 2905 ea
672 2838 885 2924 eondietione,
917 2859 984 2924 qua
999 2847 1073 2906 sunt
1090 2839 1282 2926 supradicti,

155 2950 210 3032 qni
235 2953 425 3032 queruntur.

156 3145 283 3212 (njuoior
304 3145 408 3208 Simon,
427 3145 613 3197 Monumenta
631 3145 789 3210 spectantia
817 3145 965 3226 historiam
984 3145 1132 3199 slavorum
1149 3147 1282 3198 Meridie·

435 3235 542 3288 narium
561 3236 583 3286 1.
604 3235 663 3286 kot.
683 3235 794 3303 ztgrtb
816 3239 891 3288 186⁸.
913 3241 954 3288 91.
974 3232 1006 3304 1.)
