3208 5158
889 1008 966 1077 433.

363 1213 469 1299 scrop
483 1213 641 1279 racanas
674 1210 760 1276 crocle
787 1211 819 1276 e's
843 1207 987 1297 apostoli
1011 1207 1103 1272 lcr'icet
1133 1203 1284 1271 Gaurano
1317 1203 1494 1270 Endre'oek

360 1321 490 1408 poduar'
512 1319 735 1402 kaamotnalc,
767 1317 803 1382 lo·
827 1316 968 1402 capuani
999 1315 1145 1380 arcelaca
1175 1315 1393 1398 cdlasztntott‚
1423 1335 1494 1376 ezen

471 1429 647 1515 trscmtprc
663 1429 754 1492 odrae
770 1425 900 1512 epybdzr'
916 1423 1205 1509 mephatalmazdct
1220 1421 1275 1488 ad.
1293 1417 1391 1489 1269.

471 1623 641 1711 Philippus
656 1623 720 1690 Del
736 1627 767 1688 et
781 1619 969 1706 Apostolice
986 1615 1081 1686 Sedis
1098 1617 1205 1704 gratia
1227 1616 1494 1685 Rauennatensis

362 1731 647 1819 Archiepircopus,
669 1729 863 1816 ‘Apostolice
879 1727 973 1794 Sedis
991 1728 1142 1810 Legatos,
1172 1725 1242 1792 viro
1257 1723 1398 1792 discreto
1424 1726 1492 1790 An·

362 1840 438 1907 dree
454 1836 606 1906 Gausouo
622 1837 784 1905 canonico
799 1833 955 1903 Paduano
971 1834 1111 1901 salntem
1127 1833 1162 1898 in
1177 1831 1326 1901 Domino.
1366 1831 1490 1898 Admo-

361 1952 417 2014 net
432 1966 491 2013 nos
507 1967 583 2014 cura
593 1943 821 2012 sollicitudinis
832 1942 990 2010 commissi
1007 1941 1099 2008 nobis
1116 1941 1223 2026 officii,
1240 1947 1275 2008 ut
1292 1940 1379 2007 circa
1394 1959 1490 2008 cunc·

359 2059 410 2122 tar
427 2055 593 2121 Ecclesias
610 2051 696 2119 inira
712 2051 901 2135 Legationis
916 2056 1027 2118 nostre
1050 2048 1205 2116 terminos
1231 2047 1358 2134 positas
1383 2047 1490 2114 consi·

360 2160 538 2229 derationis
553 2159 704 2228 intuitum
720 2159 917 2242 dirigamus3
940 2155 996 2225 sed
1025 2175 1063 2224 eo
1089 2157 1231 2241 amplius
1262 2155 1351 2222 circa
1382 2155 1490 2240 magis

358 2269 482 2336 nobilia
498 2267 642 2334 membra
656 2268 800 2334 Romane
817 2265 966 2332 Ecclesie
982 2263 1121 2348 vigilare
1139 2282 1199 2330 nos
1226 2261 1389 2346 convenit,
1421 2283 1488 2345 quo

359 2375 402 2440 ab
419 2371 498 2458 ipsis
514 2373 589 2457 plns
604 2371 754 2458 exigitur,
771 2391 844 2439 cum
860 2371 908 2438 cis
925 2377 1075 2438 noscatur
1090 2368 1305 2455 probabiliter
1320 2371 1393 2454 plus
1404 2390 1491 2436 com·

359 2480 506 2548 missum.
523 2477 602 2544 Cum
618 2477 717 2564 igitur
733 2479 880 2545 Ecclesia
896 2477 1063 2562 Ragusina
1079 2481 1216 2544 vacante
1231 2477 1276 2543 ad
1291 2478 1395 2564 ipsius
1405 2480 1491 2564 regi-

360 2606 433 2653 men
449 2586 494 2654 sis
510 2591 717 2672 assumptns;
740 2605 799 2653 nos
816 2585 973 2672 volentes,
990 2591 1025 2651 ut
1040 2585 1114 2669 ipsa
1129 2583 1290 2672 Ecclesia,
1322 2605 1395 2653 cum
1421 2587 1491 2654 Me·

359 2693 557 2782 tropolitana
573 2694 705 2780 existat,
721 2701 786 2763 tam
803 2695 837 2760 in
853 2714 898 2782 se,
915 2713 1013 2778 quam
1030 2695 1065 2760 in
1081 2694 1237 2762 sublectis
1253 2695 1316 2762 sibi
1332 2696 1491 2764 Ecclesiis

358 2823 424 2870 non
439 2802 583 2890 patiatur
598 2800 770 2888 defectum,
803 2821 912 2868 curam
929 2807 961 2868 et
977 2802 1290 2871 administrationem
1306 2805 1412 2890 ipsius
1429 2806 1490 2874 Ec·

358 2909 457 2978 clesie
472 2917 539 2977 tam
555 2911 589 2976 in
605 2909 839 2996 spiritualibus,
857 2930 953 2994 quam
970 2911 1004 2976 in
1020 2911 1264 2997 temporalibus,
1290 2912 1491 2981 auctoritate

357 3037 424 3102 qna
439 3016 613 3102 fungimur,
644 3024 756 3084 tenore
772 3019 980 3102 presentium,
1014 3019 1134 3086 intuitu
1151 3027 1183 3086 et
1209 3021 1489 3110 contemplatione

356 3124 500 3192 Illustris
516 3131 548 3191 ot
572 3123 737 3208 Magnifici
767 3127 828 3194 viri
860 3125 982 3194 domini
1011 3127 1178 3194 Laurentii
1210 3129 1348 3216 Teopoli
1378 3131 1489 3199 incliti

357 3231 459 3298 Ducis
476 3231 684 3299 Venetiarum
711 3233 771 3300 tibi
797 3233 990 3302 fiducialiter
1020 3233 1170 3305 duximus
1200 3240 1488 3324 committendam;

356 3343 535 3424 sperantes,
567 3345 613 3424 ut,
643 3339 774 3407 eumad
791 3341 927 3409 eandem
952 3343 1134 3410 Ecclesiam
1165 3345 1210 3414 sis
1242 3346 1377 3438 electus,
1410 3369 1487 3416 eam

356 3443 472 3512 maiori
488 3445 659 3513 affectione
676 3445 806 3535 diligas,
822 3456 855 3517 et
871 3449 960 3517 circa
974 3450 1078 3536 ipsius
1103 3454 1272 3522 commoda
1297 3456 1489 3528 ferventiori

355 3553 521 3619 affectate
537 3551 657 3620 debeas
674 3573 836 3622 exercere.
859 3556 910 3623 Ad
926 3557 1105 3643 predictam
1121 3561 1190 3628 eins
1208 3582 1319 3631 euram
1335 3573 1368 3637 et
1383 3565 1488 3634 admi·

356 3655 578 3726 nistrationem
594 3659 655 3726 tibi
672 3661 934 3730 committendam
949 3666 1008 3732 illa
1035 3668 1120 3736 ratio
1147 3689 1207 3736 nos
1236 3669 1371 3756 inducit,
1404 3677 1487 3758 quia

222 3843 225 3848 Ι
354 3763 457 3850 ipsius
473 3765 618 3834 Ecclesia
633 3767 817 3854 Capitulum
833 3776 865 3839 te
882 3771 975 3839 duxit
1001 3773 1036 3839 in
1067 3795 1161 3843 suum
1192 3777 1485 3868 Archiepiscopum

354 3870 553 3940 concorditer
569 3873 763 3958 eligendum.
788 3877 839 3943 Τιι
864 3899 955 3962 ergo,
986 3885 1143 3966 tanquam
1176 3885 1226 3953 vir
1257 3887 1412 3978 prudens,
1442 3912 1486 3960 ex

352 3997 439 4044 nnuc
455 3979 592 4047 eandem
609 3999 718 4048 curam
736 3990 768 4050 ct
782 3978 1098 4057 administrationem
1116 3993 1289 4080 suscipias,
1323 4004 1356 4064 et
1371 4003 1485 4070 omnia

353 4091 386 4152 et
401 4084 533 4168 singula
548 4086 581 4152 in
598 4087 823 4172 spiritualibus
839 4098 872 4159 et
888 4097 1123 4180 temporalibus
1149 4101 1264 4186 facias,
1299 4123 1363 4188 que
1387 4109 1485 4179 utilia

354 4188 530 4258 credideris
547 4193 714 4263 stridoris
731 4199 895 4288 expedire,
921 4209 955 4269 ut
982 4213 1091 4289 preter
1118 4211 1336 4280 retributionis
1363 4215 1484 4286 Divina

353 4295 510 4382 premium
526 4306 734 4384 consequaris
751 4307 794 4372 ab
826 4307 1010 4379 hominibus
1044 4333 1160 4383 nomen
1193 4319 1331 4406 bonum,
1356 4328 1484 4392 conba-

352 4399 492 4470 dictores
531 4406 707 4478 monitione
738 4414 898 4498 premissa
930 4437 1191 4504 percensuram
1223 4428 1481 4502 ecclesiasticam

350 4513 593 4596 compescendo.
625 4517 664 4585 In
695 4521 784 4592 cuius
815 4525 861 4593 rei
892 4527 1112 4600 testimonium
1144 4541 1314 4619 presentes
1347 4541 1478 4612 litteras
