3098 5132
825 295 985 392 Q

342 488 495 574 tinorum,
511 507 646 571 quornm
662 487 796 555 nomina
811 495 887 556 sunt
903 486 965 556 beo
986 487 1124 556 :Petrus
1139 509 1212 558 cum
1228 489 1352 558 dnobus
1377 490 1484 578 ilijs,
1545 551 1546 582 ,

339 593 469 660 Numus
486 613 558 660 cum
575 594 702 690 duobus
717 594 806 680 filijs,
823 594 939 682 Ohuer,
964 597 1085 680 Pouca,
1110 595 1261 682 Zumbat,
1293 593 1478 666 Oreticum
1545 585 1546 672 Ξ

342 701 466 770 duobus
485 700 610 786 11111111
628 721 693 768 nno
708 702 879 789 piscatore,
896 702 1027 770 nomine
1041 701 1149 789 Fyod.
1188 702 1300 770 Habet
1315 703 1419 772 eciam
1438 707 1482 772 in
1545 699 1546 788 l

341 809 455 878 eodem
471 808 619 876 Belound
635 806 750 895 torum,
768 816 801 876 et
817 815 945 894 portum
961 828 1059 897 super
1073 809 1259 878 Danubium
1270 812 1480 896 aprecedcs·
1545 839 1546 854 ¹

342 915 469 982 acribus
485 915 607 982 nostris
623 933 825 1000 concessum,
856 917 951 982 salua
967 914 1128 1002 libertato,
1160 922 1194 982 nt
1218 915 1335 983 Comes
1358 919 1484 984 Parro-
1545 985 1546 988 ,

342 1022 459 1090 chialis
475 1029 507 1089 ct
523 1021 633 1092 nullus
649 1021 841 1090 tributarius
856 1021 892 1088 in
908 1021 1022 1092 eodem
1040 1021 1112 1090 soro
1127 1022 1184 1090 1111
1199 1030 1294 1108 portu
1322 1025 1473 1092 exaccio-
1545 1019 1546 1022 ’

309 1207 314 1214 ,
343 1150 417 1197 nem
434 1129 547 1196 tributi
563 1129 695 1214 exigere
711 1136 897 1217 presumat,
921 1127 980 1198 sed
997 1129 1116 1197 cedant
1131 1129 1166 1196 in
1182 1149 1276 1198 veum
1303 1130 1383 1198 dicti
1412 1133 1486 1200 Th.

342 1238 436 1304 Boni.
459 1239 499 1304 ln
514 1236 591 1323 Kyn
607 1234 701 1304 Zund
716 1239 829 1304 Runns
845 1257 917 1303 cum
933 1237 1035 1304 fratre
1049 1257 1108 1306 suo
1125 1244 1157 1305 et
1174 1236 1318 1325 Matbey,
1343 1239 1476 1308 Paulus
1545 1243 1546 1246 ’

342 1353 375 1414 11
390 1346 494 1415 Kada
517 1347 698 1414 Prenotatis
715 1365 792 1414 uero
808 1345 971 1413 libertinis
988 1344 1159 1416 duodecim
1193 1363 1322 1414 marcas
1353 1349 1480 1432 persol-
1545 1363 1546 1386 ³

343 1451 400 1519 uit.
416 1454 560 1521 Nomina
574 1452 772 1541 piscinarum
789 1453 850 1522 bec
866 1460 960 1521 sunt:
976 1451 1143 1540 Welcbya,
1159 1451 1251 1519 cuins
1265 1452 1483 1521 medietatem.
1545 1471 1546 1478 ¹

343 1559 420 1626 emit
434 1562 476 1626 ab
492 1559 561 1628 illis
577 1559 673 1627 dictis
689 1560 884 1644 bominibus,
919 1581 981 1645 quo
997 1567 1049 1628 eet
1065 1560 1100 1625 in
1132 1560 1240 1626 insula
1270 1559 1418 1647 Woyos;
1441 1571 1480 1628 et

344 1665 554 1734 medietatem
585 1665 711 1751 piscine
742 1667 918 1754 Stephani3
952 1675 984 1733 et
1015 1666 1223 1734 medictatem
1255 1665 1414 1752 l'olutoa3
1439 1669 1478 1735 in
1545 1719 1546 1722 ,

343 1774 540 1842 bosenduna
556 1781 705 1858 quartam
732 1781 875 1862 partem3
901 1777 935 1842 in
961 1773 1089 1860 piscina
1120 1772 1294 1852 Queurcba
1309 1789 1311 1794 ’
1324 1784 1478 1858 quaram

343 1889 479 1971 partem,
496 1901 568 1948 cum
584 1881 637 1950 hit
653 1901 716 1966 qne
732 1883 777 1948 ad
792 1883 898 1969 ipsam
914 1882 1074 1967 piscinam
1106 1881 1289 1968 pertinent,
1312 1890 1346 1949 et
1378 1901 1477 1965 quar·
1545 1911 1546 1938 1

347 1999 414 2058 tam
431 1994 556 2075 partem
573 1988 704 2076 Woyos,
720 2008 783 2073 que
799 1997 848 2056 est
864 1989 924 2055 sub
940 1987 1085 2056 Bclaond
1100 2007 1173 2056 cum
1186 1989 1336 2055 omnibns
1346 1991 1481 2073 stagnis
1545 1999 1546 2012 ¹

346 2098 390 2165 ad
406 2098 530 2184 Woyos
546 2096 795 2184 pertinentibus.
812 2097 875 2163 Pro
890 2103 983 2182 parte
1000 2115 1078 2162 uero
1093 2095 1223 2162 Botoud
1240 2095 1376 2163 totidem
1392 2117 1480 2163 mar·
1545 2107 1546 2160 ἶ

346 2206 593 2292 caspersoloit;
618 2203 867 2289 quiaquantum
899 2201 1040 2288 predicti
1070 2201 1220 2270 homines
1251 2203 1483 2292 possidebant,
1545 2191 1546 2282 }

345 2320 471 2380 tantum
486 2311 615 2380 Botond
630 2320 705 2396 post
719 2320 860 2378 matrem
875 2331 967 2378 suam
984 2329 1042 2395 per
1057 2329 1094 2379 se
1108 2309 1308 2397 possidebat.
1324 2310 1478 2378 Ceterum
1545 2367 1546 2370 ¹

345 2423 421 2502 quia
436 2421 470 2486 in
485 2417 587 2504 ipsius
606 2417 672 2484 litis
687 2436 843 2501 processu
858 2415 1038 2502 supradicti
1053 2416 1203 2484 homines
1220 2417 1348 2484 nullum
1374 2419 1476 2504 priui·
1545 2433 1546 2438 ’

346 2527 479 2609 legium,
495 2524 617 2590 nullum
635 2524 884 2592 instrumentum
901 2530 1074 2610 potuerunt
1092 2525 1266 2610 exhibere,
1300 2525 1482 2592 statuimus

346 2631 478 2698 firmiter
492 2632 599 2716 Regia
615 2634 821 2718 auctoritate,
847 2637 883 2698 ut
898 2630 1156 2716 quandocunque
1172 2651 1326 2716 processu
1352 2637 1483 2717 tempo-

347 2739 391 2806 ris
407 2745 520 2806 contra
536 2737 716 2824 predictum
731 2739 857 2806 Banum
872 2738 997 2805 litteras
1014 2739 1154 2804 alicuius
1171 2739 1244 2823 loci,
1261 2739 1316 2806 nel
1343 2740 1479 2824 priuilcr
1545 2743 1546 2774 ³

349 2845 414 2932 gia,
429 2847 483 2914 uel
499 2845 685 2912 testimonia
699 2867 798 2932 super
812 2844 1024 2928 requisitione
1041 2845 1126 2913 dicte
1140 2852 1226 2912 terre
1254 2843 1379 2913 uellent
1412 2869 1482 2914 mo-

348 2971 434 3040 ucre,
452 2953 543 3019 nulla
559 2953 608 3020 eis
625 2953 719 3021 detur
735 2953 917 3039 audiencia,
934 2961 967 3020 et
999 2953 1175 3040 priuilegia
1207 2973 1317 3020 corum
1348 2953 1482 3021 nullam
1545 2975 1546 2988 ¹

348 3063 491 3130 habeant
506 3061 697 3130 efficaciam.
722 3061 827 3129 Huius
843 3062 892 3130 roi
908 3061 1200 3147 psistaldusliegis
1227 3069 1276 3128 cst
1307 3061 1484 3129 lohannes

347 3170 433 3236 tilius
449 3169 575 3258 Hozud,
591 3169 770 3256 pristaldos
787 3169 973 3238 (tolonensis
987 3167 1362 3255 Archiepiseoingrini
1372 3169 1480 3236 Peleu

347 3277 387 3344 de
404 3279 483 3346 nilla
497 3279 680 3345 Baranoba.
720 3279 823 3345 Huius
839 3298 917 3346 uero
934 3277 980 3344 rei
996 3284 1095 3344 testes
1110 3282 1187 3344 sunt
1210 3275 1331 3343 Daniel
1358 3275 1484 3342 Archi-

346 3387 504 3454 diaoonus
519 3406 578 3472 pro
594 3393 663 3454 toto
674 3385 827 3471 Capitate
839 3385 1048 3466 Bacchicnsi,
1059 3384 1150 3452 Beke
1161 3384 1285 3468 (tomes,
1295 3383 1485 3451 Nicbolaus

347 3494 432 3562 tilius
448 3493 657 3580 Samaritani,
683 3493 858 3578 Gregorius
874 3493 961 3560 tilius
977 3493 1087 3576 Pctou,
1118 3491 1240 3558 Pincou
1257 3491 1364 3557 Maior
1380 3492 1484 3558 Exer-

208 3607 218 3622 '
347 3603 430 3670 citus
447 3608 479 3668 et
495 3601 552 3666 alii
568 3621 665 3685 quam
681 3603 803 3687 plures.

456 3707 586 3773 Partem
604 3728 692 3796 uero,
708 3729 772 3792 que
788 3709 880 3776 uxori
892 3707 964 3776 Gab
976 3708 1171 3792 pertinebat,
1189 3705 1276 3772 idcm
1287 3701 1349 3770 Tb.
1360 3705 1489 3774 Comes

348 3815 425 3882 emit
441 3813 542 3884 atilio
558 3834 615 3880 suo
631 3815 750 3898 Blasio,
767 3817 894 3884 scilicet
909 3822 1027 3882 terram
1044 3815 1181 3882 duarum
1197 3813 1358 3896 villarum,
1384 3811 1479 3878 uide-

348 3923 423 3990 licet
440 3923 581 3992 Obaslou
598 3928 630 3990 et
645 3923 792 4010 Sanpaul
808 3944 880 3992 cnm
898 3924 1002 3992 seruis
1027 3933 1060 3988 et
1092 3921 1263 4004 libertinis,
1297 3927 1330 3987 et
1361 3929 1483 4006 partes

347 4051 430 4114 quas
447 4031 481 4098 in
498 4027 652 4116 predictis
670 4031 804 4116 piscinis
828 4031 1026 4118 possidebat,
1053 4037 1181 4096 centum
1198 4027 1312 4112 viginti
1344 4028 1485 4096 marcis.

347 4137 450 4204 Terra
467 4137 610 4206 Obaslou
626 4139 696 4206 sine
728 4139 832 4224 pratis
859 4147 892 4205 et
921 4127 1125 4204 arundinetis
1156 4142 1231 4202 sunt
1261 4133 1305 4200 ad
1336 4143 1485 4218 quatuor

350 4256 460 4315 aratra
477 4255 509 4314 et
527 4247 623 4313 metis
638 4246 857 4332 circumdata3
881 4252 968 4313 terra
984 4245 1128 4331 Senpanl
1144 4241 1188 4310 ad
1215 4243 1327 4309 decem
1358 4249 1392 4310 et
1424 4265 1489 4312 sex

346 4361 461 4422 aratra
476 4355 572 4423 metis
588 4351 799 4420 circumdata.

454 4463 492 4528 In
510 4460 642 4546 Belzud,
659 4479 721 4544 que
735 4459 835 4543 uulgo
850 4458 957 4526 Fener
973 4457 1103 4542 dicitur,
1120 4455 1307 4522 dimidietas
1332 4455 1395 4522 Tb.
1423 4457 1488 4524 Go-

350 4569 449 4654 mitis,
466 4574 497 4634 ct
513 4565 701 4636 dimidietas
716 4564 865 4651 Andree3
888 4565 948 4634 tali
964 4575 1075 4634 tamen
1091 4563 1291 4650 condicione,
1318 4571 1354 4629 nt
1381 4563 1487 4633 liber-
