3150 5162
664 222 826 322 „ae—5-

177 419 285 506 sigillo
301 427 413 486 nostro
432 426 499 486 tam
514 417 613 502 Baui,
645 436 741 500 quam
758 421 943 482 nostrarum
972 413 1088 480 seriem
1119 411 1314 478 litterarum.

181 524 271 604 Quas
288 533 417 594 noscas
432 525 560 593 litteras
575 524 682 592 dictus
706 525 829 608 Banns,
861 520 946 588 sicut
961 519 1101 605 scripsit,
1134 521 1312 583 attrectans

176 635 310 701 incaute
327 653 405 700 casn
421 631 604 701 laniauerat
619 631 798 698 accidente.
817 629 939 695 Datum
956 645 1144 710 permeans
1159 621 1308 706 Magistri

182 739 365 828 Mychaclis
381 739 526 808 lectoris
544 739 689 808 Ecclesia
705 745 816 805 nostre
831 755 917 804 enno
934 735 977 801 ab
992 733 1226 802 lnearnaoione
1250 729 1316 796 Do·

180 847 262 914 mini
278 843 447 914 M⁰CC⁰L⁰
465 853 592 916 octauo.
650 865 652 870 ·

183 1045 327 1106 (Eredetie
344 1042 528 1110 bdrlndrtydm
561 1043 681 1108 melyndl
700 1057 717 1094 a
735 1041 831 1107 peccet
860 1040 1040 1108 adres-sarge
1072 1037 1309 1106 selyemzsindron

288 1134 377 1200 fingg3
408 1147 426 1184 a
444 1133 551 1184 camele.
570 1133 689 1198 hercueg
707 1129 879 1194 Euzterhacy
898 1129 994 1184 autad
1011 1127 1224 1190 levtltctrtban.)

721 1947 795 2016 316.

190 2146 427 2234 Nappszomdat
442 2151 539 2214 caros
554 2145 782 2233 datdedpdaulc
797 2145 898 2228 levale,
914 2145 991 2231 sopp
1009 2141 1124 2230 Ortolf
1135 2149 1238 2214 ooeaaa'
1247 2153 1322 2238 pol·
1413 2167 1415 2172 ’

190 2261 252 2342 pc'r
267 2255 416 2341 biaoayoe
423 2253 535 2340 foldct
552 2253 672 2319 cladott
688 2276 727 2318 aa
751 2253 937 2338 mztcrpcme'
960 2252 1195 2342 lcdptclcnacle.
1219 2255 1320 2323 1258.

301 2448 372 2516 Nos
388 2448 422 2517 C.
439 2445 576 2515 villicus
592 2446 634 2513 de
664 2446 766 2512 'l'irna
796 2464 837 2513 ac
867 2445 955 2514 ciues
987 2445 1130 2516 eiusdem
1162 2451 1323 2520 uniuersis

193 2556 313 2624 Christi
328 2555 492 2640 fidelibus,
524 2553 569 2620 ad
584 2573 665 2639 quos
681 2553 787 2622 littere
804 2559 973 2639 presentes
989 2557 1206 2644 peruenerint,
1237 2559 1321 2627 salu·

196 2670 259 2730 tem
276 2663 311 2728 in
325 2662 477 2729 Domino.
499 2659 662 2729 Nouerint
677 2659 832 2744 uniuersi,
864 2660 951 2745 qnod
967 2663 1135 2732 constituti
1151 2665 1185 2733 in
1211 2673 1324 2735 nostra

195 2770 364 2857 presencia
380 2767 524 2836 Ortolfus
540 2765 626 2834 filius
638 2765 843 2834 Emberbalti
873 2765 1016 2835 concinis
1046 2777 1156 2839 noster
1187 2793 1228 2840 en
1259 2795 1324 2843 rna

199 2882 304 2964 parte,
337 2875 438 2943 Vitlse
452 2873 623 2942 secerdote
639 2881 674 2942 et
688 2871 847 2958 Magistro
862 2873 1023 2942 Haimone
1039 2875 1212 2948 Canonicis
1244 2879 1324 2948 Stri-

201 2983 410 3070 goniensibus
426 2980 557 3049 nomine
574 2979 716 3068 Capituli
734 2977 878 3047 eiusdem
893 2979 1040 3050 Ecclesie
1056 3002 1096 3048 ex
1111 2983 1224 3070 altera,
1238 2986 1324 3055 idem

197 3089 341 3160 Ortoll'us
357 3087 529 3176 proposuit
545 3107 655 3155 coram
671 3087 776 3169 nobis,
808 3084 896 3171 quod
912 3086 1077 3170 quandam
1093 3097 1213 3158 tauram
1240 3095 1325 3162 ornei

201 3199 252 3268 sui
268 3201 411 3282 emptam
429 3216 450 3262 a
466 3195 591 3263 Haisa
607 3194 739 3280 Vngaro
755 3195 889 3263 concine
903 3200 1012 3263 nostro
1043 3202 1135 3264 extra
1166 3198 1325 3270 fossatum

199 3305 402 3388 existentem,
417 3301 503 3369 inter
518 3308 621 3371 terras
637 3301 748 3370 Chone
763 3301 924 3385 quondam
940 3300 1048 3370 Villici
1072 3303 1115 3370 de
1147 3304 1228 3374 villa
1260 3308 1326 3377 lile·

203 3433 289 3499 gere,
306 3417 339 3479 et
353 3409 460 3496 Helye
475 3408 600 3493 Vnssari
617 3417 767 3496 exparte
783 3429 867 3476 noue
881 3409 1112 3498 plantacionis,
1128 3413 1327 3484 vendidisset

200 3517 353 3606 predictis
367 3517 407 3582 V.
424 3524 456 3583 et
472 3515 512 3584 H.
526 3516 658 3583 nomine
674 3515 818 3600 Capituli
834 3515 876 3582 ad
892 3535 982 3583 raum
999 3517 1083 3584 orrci
1099 3538 1159 3604 pro
1191 3521 1327 3590 decimis

200 3625 465 3713 proueniantibns
480 3643 521 3690 ex
537 3623 652 3690 eadem
668 3623 750 3690 villa
765 3642 824 3709 pro
856 3621 993 3691 dimidia
1024 3645 1135 3693 marca
1165 3633 1198 3696 et
1229 3632 1328 3698 uncia

201 3735 256 3804 fini
272 3732 401 3819 argenti
418 3737 573 3818 perpetuo
590 3729 837 3818 possidendam
865 3737 898 3798 ot
914 3729 954 3798 de
970 3732 1079 3816 precio
1095 3732 1262 3804 confessus
1278 3748 1330 3806 est

202 3841 264 3910 sibi
280 3839 426 3930 plenarie
441 3839 656 3908 satisfactum.
694 3839 796 3906 Terra
812 3845 922 3905 autem
938 3838 1042 3925 ipsius
1058 3843 1141 3908 orrei
1159 3841 1192 3908 iu
1218 3845 1328 3910 latitu-

204 3947 280 4015 dine
296 3947 432 4032 triginta
457 3947 554 4014 vines
586 3945 712 4015 duabus
744 3945 862 4036 minus,
893 3947 927 4012 in
959 3945 1164 4033 longitudine
1194 3951 1329 4035 triginta

204 4053 344 4139 quinque
359 4052 510 4122 ulnarum
527 4054 669 4120 continet
684 4054 910 4138 quantitatem.
926 4053 1112 4140 Assumpsit
1127 4057 1231 4124 eciam
1242 4057 1328 4128 idern

207 4158 350 4228 Crtclfus
365 4179 474 4226 coram
492 4157 585 4227 nobis
600 4159 690 4246 ipsos
707 4160 745 4225 V.
762 4141 962 4227 sacerdotem
990 4168 1023 4227 et
1054 4161 1246 4246 Magistrum
1278 4163 1331 4254 H„

206 4289 261 4336 sev
277 4269 382 4358 ipsum
401 4267 587 4354 Capitulum
618 4267 793 4336 defendere
824 4287 881 4336 scr
912 4267 1103 4353 indempnes
1135 4291 1331 4340 conseruare

211 4381 322 4442 contra
336 4373 522 4462 quemlibet,
538 4375 566 4441 si
582 4373 660 4460 quid
676 4375 808 4442 racione
824 4393 901 4461 sepe
917 4373 1003 4442 dicte
1018 4382 1103 4444 terre
1121 4376 1331 4462 imposterum

207 4485 371 4550 emerserit
385 4482 572 4568 questionis.
597 4479 664 4548 Nos
695 4481 794 4565 igitur
825 4482 868 4548 ad
899 4481 1091 4568 peticionem
1121 4491 1333 4572 utrarumque
