3080 5146
736 353 897 452 „Q

252 547 413 616 dicwrum
432 548 666 635 Comitatuum,
682 547 760 616 dum
777 553 810 613 ct
835 545 968 630 quando
996 565 1057 612 nos
1089 546 1143 614 vel
1173 563 1381 614 successmes

253 659 355 723 nostri
370 657 405 723 in
421 657 538 740 Regno
554 655 688 723 Croucie
702 655 924 742 personaliter
938 653 1095 722 fuerimus
1105 654 1283 737 constituti,
1299 661 1381 721 tam·

251 760 307 830 diu
324 763 480 849 quamdiu
495 782 618 830 moram
635 762 755 831 ibidem
773 762 961 846 fecerimus,
976 781 1059 828 rnus
1076 781 1118 827 ex
1133 760 1219 845 ipsis·
1230 779 1379 846 persona-

252 870 329 936 liter
344 891 403 956 pro
419 890 520 956 posse
537 869 689 938 decenter
705 866 887 955 expeditus,
918 868 991 934 suis
1004 867 1165 934 duntaxat
1180 867 1324 953 proprijs
1348 868 1380 932 in

257 977 411 1064 expensis
426 977 599 1046 seruiendo
615 977 709 1044 nohis
726 975 885 1044 assistere
903 973 1021 1042 debeat
1046 982 1079 1042 ct
1104 981 1273 1060 teneatur,
1297 973 1379 1040 dem·

252 1085 320 1169 ptis
336 1083 438 1150 eciam
457 1091 491 1150 et
505 1083 637 1151 omnino
653 1083 793 1152 cassatis
810 1081 958 1149 omnibus
975 1088 1008 1148 et
1023 1080 1160 1165 singulis
1176 1081 1254 1167 alijs
1282 1079 1388 1150 serui-1

254 1189 315 1275 cijs
333 1197 364 1256 et
379 1191 655 1276 obligacionibus,
671 1211 734 1274 que
748 1189 785 1256 iu
800 1188 985 1274 priuilegijs
1002 1193 1243 1256 antecessorum
1260 1197 1381 1256 nostro·

254 1317 337 1382 rum,
364 1305 396 1364 et
412 1299 467 1363 aui
483 1299 586 1366 nostri
602 1297 690 1382 Bele,
706 1295 871 1380 quondam
885 1296 1009 1380 Regum
1024 1295 1194 1378 Hungarie
1219 1295 1389 1362 continens

255 1410 318 1487 tur,
335 1403 491 1472 videlicet
505 1403 647 1472 seruicia
663 1423 736 1470 oum
752 1403 860 1468 loricis
875 1402 909 1468 in
925 1404 1038 1487 Regno
1053 1409 1086 1466 ct
1100 1409 1196 1468 extra
1219 1403 1379 1487 Regnum.

253 1511 366 1578 Bonus
381 1511 532 1578 similiter
548 1512 705 1596 volumus,
721 1517 756 1576 vt
771 1510 806 1575 in
817 1507 1027 1594 judicarione
1043 1507 1218 1576 homiuum·
1232 1509 1389 1578 atsubdi·

252 1627 359 1686 torum
377 1615 594 1685 comitatuum
612 1618 833 1704 predictorum
848 1617 982 1682 minime
996 1635 1032 1682 se
1063 1615 1237 1700 impediat;
1257 1616 1320 1684 sed
1350 1617 1382 1684 iu

254 1723 400 1809 ipsorum
416 1723 570 1790 libertate
586 1723 646 1790 hee
671 1724 781 1790 omnia
811 1731 844 1788 et
873 1723 1007 1808 singula
1038 1722 1194 1808 deinceps
1224 1731 1381 1809 perpetuo

255 1837 438 1912 transeant,
454 1849 496 1896 ex
512 1829 714 1914 plenitudine
729 1831 862 1915 Regalis
878 1830 989 1914 gracie
1004 1837 1114 1897 nostre
1143 1829 1380 1917 confirmamus,

167 1985 169 1990 -
257 1937 460 2004 ratificamus
476 1943 509 2004 et
532 1937 733 2005 roboramus.
780 1939 918 2022 Insuper
932 1936 1085 2022 precibus
1111 1933 1281 2020 Friderici,
1307 1937 1386 2004 Bar·

254 2043 409 2112 tholomei
426 2049 459 2110 ct
474 2045 664 2112 Seruidouis
681 2045 843 2112 Comitum
858 2043 1087 2112 fauorabilitcr
1101 2049 1300 2132 annuentes,
1329 2043 1383 2109 tri·

253 2151 407 2220 cesinam
424 2151 644 2238 supradictam
661 2151 753 2237 ipsis,
785 2159 818 2218 et
849 2150 1023 2218 heredibus
1055 2171 1095 2217 ac
1125 2150 1383 2236 posteritatibus

253 2281 362 2328 eorum
379 2261 542 2329 uniuersis
568 2261 638 2328 iure
664 2258 860 2328 hereditario
893 2259 1088 2326 donauimus
1121 2266 1154 2326 et
1184 2259 1387 2326 contulimus

250 2369 416 2456 perpetuis
431 2369 631 2455 temporibus
648 2366 902 2454 possidendam
925 2367 986 2434 tali
1001 2387 1078 2436 rero
1095 2365 1264 2452 paccionis
1283 2367 1382 2434 iuter·

250 2483 360 2562 ventu,
377 2476 462 2560 quod
479 2475 620 2561 predicti
636 2476 778 2544 Comites
795 2473 996 2557 heredesque
1011 2474 1211 2562 eorumdem,
1242 2473 1380 2558 prefatis

249 2580 433 2663 latrociuijs
449 2582 497 2648 ita
512 2601 681 2650 occurrere
698 2581 837 2650 debeant
853 2588 886 2648 et
901 2579 1100 2667 obligentur,
1133 2587 1298 2662 quatenus
1315 2581 1382 2648 sin-

251 2687 339 2773 gulis
357 2707 421 2754 nou
438 2689 534 2756 modo
550 2690 794 2776 mercatoribus,
810 2708 923 2755 verum
942 2688 1048 2755 eciam
1075 2688 1219 2756 cuiusuis
1245 2688 1389 2754 alterius

251 2792 452 2861 condicionis
476 2795 661 2862 hominibus
684 2815 743 2880 per
775 2793 896 2861 dictum
927 2815 1041 2866 nemus
1073 2793 1199 2864 Cwoad
1229 2802 1320 2864 tutus
1353 2803 1386 2864 et

251 2919 386 2969 securus
402 2908 517 2988 pateat
532 2903 708 2986 transitus,
733 2901 782 2969 ita
798 2901 885 2986 quod
901 2902 929 2968 si
947 2943 990 2954 —
1007 2939 1051 2952 -
1080 2943 1116 2953 -
1146 2938 1190 2951 -
1222 2911 1388 2972 mercato·

252 3027 321 3075 rem
337 3009 392 3076 vel
409 3009 546 3078 alterius
562 3007 762 3076 condicionis
777 3007 943 3075 homiuem
961 3008 1097 3096 spoliari
1112 3030 1152 3077 ao
1181 3009 1277 3078 honis
1310 3013 1384 3078 suis

251 3113 379 3200 priuari
396 3117 585 3202 contigerit;
610 3124 728 3185 extunc
743 3115 916 3183 memorati
931 3116 1073 3183 Comites
1089 3137 1266 3202 eorumque
1290 3118 1388 3186 hore·

252 3221 312 3289 des
329 3219 374 3286 ad
388 3219 516 3306 plenam
533 3219 796 3288 satisfaccionem
812 3219 895 3304 ipsis
912 3221 1065 3306 spoliatis
1082 3221 1303 3310 (obligentur).
1343 3225 1383 3290 Iu

251 3325 340 3392 dicto
357 3333 468 3394 monte
483 3325 571 3394 iufra
587 3327 755 3396 ciuitatem
770 3325 911 3414 Modrus,
930 3334 962 3394 et
976 3329 1084 3396 locum
1100 3329 1170 3397 eius
1187 3331 1318 3417 montis,
1350 3335 1386 3399 in

249 3451 314 3516 quo
330 3431 468 3516 quedam
486 3433 617 3520 capella
633 3435 697 3501 sita
713 3441 773 3519 est,
801 3438 969 3519 presentes
1000 3437 1034 3501 in
1066 3435 1280 3504 stabilitatem
1312 3457 1386 3523 per·

249 3539 425 3624 hempnem
439 3540 657 3607 concessimus
672 3539 812 3626 litteras,
842 3539 943 3623 sigilli
959 3541 1063 3606 nostri
1087 3541 1252 3627 dupplicis
1283 3541 1387 3614 hara·

249 3651 338 3712 utere
355 3647 577 3714 communitas.
610 3645 809 3732 Adicientes,
841 3645 927 3729 quod
943 3645 972 3712 si
988 3647 1060 3730 quis
1077 3668 1120 3716 ex
1136 3647 1184 3715 eis
1200 3651 1273 3717 sine
1289 3651 1387 3721 here·

249 3751 347 3820 dibus
387 3753 588 3838 decesserit,
634 3754 867 3840 prelibatorum
900 3753 1119 3820 Comitatunm
1150 3755 1316 3844 Wyncdol
1349 3767 1384 3828 et

248 3856 383 3928 Modrus
399 3858 548 3946 donacio,
578 3879 618 3927 ac
635 3861 775 3928 aliarum
791 3858 978 3944 graciarum
993 3865 1026 3927 ct
1042 3859 1230 3931 libertatum
1248 3883 1383 3934 conces·

246 3967 298 4034 sio
314 3965 361 4033 ad
376 3965 477 4034 alium
494 3985 536 4034 ex
551 3967 805 4052 consanguineis
821 3966 1026 4052 integraliter
1042 3975 1074 4035 et
1095 3977 1254 4054 perpetuo
1279 3973 1386 4058 pcrti-

247 4073 349 4141 nebit.
374 4075 496 4146 Datum
511 4095 599 4142 auno
615 4077 861 4143 lucarnacionis
877 4073 1050 4143 Dominice
1065 4077 1257 4144 hl⁰CC⁰LI⁰.
1286 4081 1387 4148 nonis

248 4179 386 4267 Aprilis,
402 4181 508 4265 Regni
523 4189 634 4249 autem
649 4182 753 4250 nostri
769 4201 860 4249 anuo
872 4189 965 4249 sexto
982 4180 1150 4269 (decimo).

252 4375 719 4445 (v.1stvankiralynak12⁷o·ki
737 4379 908 4446 megeroatto
934 4377 1131 4448 okrntnytbbl,
1163 4395 1180 4432 a
1210 4381 1297 4435 budai
1328 4383 1390 4436 kir.

647 4468 775 4520 kamuai
794 4465 992 4532 levtltdrhau.)
