3150 5162
786 319 946 422 —cqs-

301 523 377 590 licet
407 520 594 606 causaliter,
625 520 676 586 vel
707 517 792 586 alias
823 517 866 584 ad
897 537 956 584 nos
988 517 1087 584 luerit
1102 515 1277 603 proiectus.
1296 519 1378 587 Item
1393 521 1426 588 in

300 627 484 698 andoaina
499 629 540 697 do
555 646 664 715 panno
680 628 817 713 integro,
833 624 874 694 de
889 627 969 712 sale,
986 631 1019 693 et
1034 623 1075 692 de
1099 626 1243 711 plumbo,
1261 631 1294 692 et
1309 647 1373 695 non
1390 628 1429 697 de

302 737 378 807 aliis
410 739 517 818 rebus,
542 735 630 820 quod
661 733 851 802 debuissent
866 733 994 802 soluere
1013 733 1191 821 tributum,
1216 733 1264 802 eis
1280 734 1429 804 duximus

301 841 550 912 misericorditer
567 841 812 928 indulgendum,
828 847 863 909 ut
877 841 919 908 de
936 839 1067 908 sarcina
1082 841 1178 909 unios
1195 841 1271 927 equi
1302 844 1430 914 soluere

300 951 441 1020 debeant
472 960 537 1020 tres
571 972 673 1019 nouos
706 950 857 1018 denarios
889 956 922 1017 et
938 969 997 1016 sex
1012 955 1198 1039 stateres,et
1213 971 1280 1019 non
1295 951 1338 1022 de
1354 953 1427 1020 aliis

302 1061 409 1150 rebus,
427 1061 484 1129 sed
501 1061 542 1129 de
559 1063 656 1128 rebus
672 1079 773 1146 supra
789 1059 895 1128 dictis.
910 1060 992 1126 Item
1007 1057 1213 1145 permisimus
1229 1079 1284 1129 eos
1314 1061 1427 1130 venari

300 1189 395 1238 omne
427 1189 533 1256 genus
564 1169 717 1257 ferarum,
750 1187 822 1235 cnm
854 1166 1002 1234 omnibus
1033 1165 1160 1250 laqueis
1177 1173 1209 1234 et
1224 1165 1380 1256 ingeniis,
1395 1169 1427 1237 in

301 1277 396 1345 siluis
413 1299 433 1345 a
449 1277 547 1345 fluuio
562 1277 695 1363 Proseis,
711 1295 813 1361 usque
829 1273 962 1360 Scepus,
980 1279 1014 1340 et
1029 1273 1177 1340 similiter
1192 1273 1225 1340 in
1257 1273 1430 1363 Dujaneeh

300 1404 403 1470 nsque
431 1385 591 1454 PolonIan
606 1385 701 1453 modo
717 1383 914 1471 supradIcto.
940 1382 1021 1450 Item
1037 1381 1123 1449 inter
1138 1383 1287 1468 lippam,
1305 1391 1338 1450 et
1355 1384 1430 1452 Ber·

303 1495 389 1562 chun
419 1494 527 1581 posita
559 1501 634 1562 sunt
664 1493 762 1578 signa
792 1512 851 1577 per
881 1491 1033 1574 Comites,
1065 1511 1168 1576 usquc
1198 1510 1292 1575 quem
1325 1493 1428 1559 locum
1483 1580 1486 1586 ι

303 1602 413 1670 venari
454 1601 692 1686 permittuntur.
733 1603 814 1668 item
846 1599 1067 1685 provinciales
1098 1598 1295 1668 constituent
1327 1619 1425 1668 unum

303 1709 475 1793 hominem,
493 1727 588 1792 quem
604 1710 733 1798 volent,
757 1717 789 1775 et
806 1709 920 1776 Comes
946 1707 1057 1793 alium,
1090 1709 1145 1792 qui
1176 1709 1285 1774 omnia
1317 1707 1426 1774 debita

305 1836 414 1883 eorum
432 1815 551 1901 exiget,
584 1823 617 1884 et
632 1815 747 1883 Comiti
773 1821 905 1902 statuet,
922 1815 956 1882 in
972 1813 1117 1882 terminis
1133 1813 1329 1882 constitutis.
1347 1814 1427 1883 Item

300 1944 372 1992 enm
388 1943 518 1991 cumam
535 1922 599 1991 leni
633 1924 674 1990 de
703 1922 845 2008 qualibet
875 1922 1045 1990 mansione
1075 1923 1162 1989 omni
1193 1943 1279 1991 anno
1312 1921 1427 1990 domiti

300 2031 379 2101 dare
410 2031 590 2112 debuerint,
625 2032 843 2100 relaxanimus
875 2031 1011 2118 eisdem,
1042 2037 1078 2098 nt
1108 2051 1173 2098 non
1203 2031 1246 2099 de
1278 2032 1426 2118 qualibet

246 2143 248 2146 ’
300 2142 481 2228 mansione,
498 2141 556 2209 sed
566 2141 607 2207 de
617 2139 763 2225 quolibet
778 2145 887 2208 aratro
904 2159 976 2208 cum
993 2159 1100 2208 auena
1114 2139 1262 2228 superius
1278 2141 1425 2208 nomina·

301 2259 345 2336 ta,
362 2268 465 2332 usquc
481 2247 598 2317 testum
615 2249 726 2316 Sancti
742 2247 874 2315 Martini
899 2247 979 2314 dare
1006 2246 1156 2333 debeant,
1182 2245 1270 2333 apud
1303 2248 1426 2315 curIam

299 2355 496 2425 comitalem.
520 2353 603 2422 Item
629 2353 766 2422 liberam
798 2355 845 2423 eis
876 2353 1023 2422 dedimus
1054 2353 1246 2422 laenitatem
1261 2355 1427 2424 vendendi

298 2481 399 2548 equos
430 2483 505 2532 suos
536 2461 780 2548 quibuscunque
798 2463 970 2548 voluerint,
998 2469 1205 2549 preterquam
1222 2461 1265 2530 ad
1280 2463 1425 2532 Thesto-

299 2569 387 2637 niam
426 2578 457 2638 et
482 2571 682 2639 Bohsmiam.
723 2572 872 2639 Ceterum
902 2571 1120 2639 concessimus
1151 2571 1209 2659 eis,
1241 2571 1429 2656 quicunque

299 2696 340 2744 ex
356 2675 478 2745 eisdem
490 2677 616 2764 populis
627 2678 748 2746 nostris
761 2678 983 2764 jobagionem
1001 2699 1058 2746 sen
1075 2677 1261 2764 sedlcrinm,
1277 2681 1320 2747 de
1335 2681 1430 2748 Polo·

300 2785 365 2873 nia,
396 2785 448 2852 vel
480 2785 522 2853 ds
553 2786 629 2872 alijs
660 2786 754 2854 terrirs
771 2786 814 2854 ad
833 2806 870 2853 se
885 2785 1046 2871 duxerim,
1062 2806 1123 2852 nac
1138 2786 1210 2872 ipse
1224 2787 1356 2855 racione
1372 2791 1426 2859 sui

298 2891 441 2980 sedlerij,
482 2913 543 2960 nso
579 2892 725 2980 jobagio,
762 2893 854 2962 nobis
887 2894 938 2962 vel
971 2893 1087 2962 Oomiti
1118 2913 1178 2963 suo
1207 2895 1341 2982 seruire,
1373 2899 1427 2965 vel

300 2999 443 3068 debitum
459 3003 584 3069 soluere
600 3007 757 3069 teneatur.
775 3003 812 3068 In
829 3003 921 3070 ouius
938 3003 986 3070 rei
1016 3007 1207 3090 perpetuam
1237 3001 1431 3072 firmitatem

299 3115 466 3192 presentes
483 3109 609 3176 litteras
620 3108 697 3177 dare
709 3109 844 3178 iacimus
854 3109 996 3196 duplicis
1013 3109 1115 3195 sigilli
1131 3112 1232 3178 nostri
1248 3111 1432 3180 munimine

299 3219 478 3285 roboratas.
505 3215 625 3283 Datum
641 3237 727 3284 anno
750 3217 879 3285 Domini
895 3218 1068 3285 millesimo
1085 3218 1306 3286 ducentesimo
1333 3238 1430 3286 sexa-

300 3325 425 3408 gesimo
442 3323 554 3409 primo,
571 3323 679 3392 idibus
695 3325 846 3414 Augusti,
878 3327 981 3412 Regni
999 3333 1106 3395 autem
1122 3328 1224 3396 nostri
1240 3347 1327 3394 anno
1343 3327 1431 3396 vioe·

299 3431 382 3498 simo
398 3437 502 3500 sexto.

407 3629 508 3692 (Nehai
520 3631 670 3698 Baq‘csdnyi
682 3617 775 3684 Iram
788 3631 907 3685 karitati
921 3635 1177 3702 gyojoemsnysbur.
1197 3637 1334 3702 (ipanus.)
