<?xml version="1.0" encoding="UTF-8"?>
<!DOCTYPE html PUBLIC "-//W3C//DTD XHTML 1.0 Transitional//EN"
    "http://www.w3.org/TR/xhtml1/DTD/xhtml1-transitional.dtd">
<html xmlns="http://www.w3.org/1999/xhtml" xml:lang="en" lang="en">
 <head>
  <title>
</title>
<meta http-equiv="Content-Type" content="text/html;charset=utf-8" />
  <meta name='ocr-system' content='tesseract 3.04.00' />
  <meta name='ocr-capabilities' content='ocr_page ocr_carea ocr_par ocr_line ocrx_word'/>
</head>
<body>
  <div class='ocr_page' id='page_1' title='image "./codexdiplomatic10wenzgoog_0424.png"; bbox 0 0 3080 5146; ppageno 0'>
   <div class='ocr_carea' id='block_1_1' title="bbox 169 0 823 2">
    <p class='ocr_par' dir='ltr' id='par_1_1' title="bbox 169 0 823 2">
     <span class='ocr_line' id='line_1_1' title="bbox 169 0 823 2; baseline 0 0"><span class='ocrx_word' id='word_1_1' title='bbox 169 0 823 2; x_wconf 95' lang='lat' dir='ltr'><strong> </strong></span> 
     </span>
    </p>
   </div>
   <div class='ocr_carea' id='block_1_2' title="bbox 641 909 718 978">
    <p class='ocr_par' dir='ltr' id='par_1_2' title="bbox 641 909 718 978">
     <span class='ocr_line' id='line_1_2' title="bbox 641 909 718 978; baseline 0.026 -2"><span class='ocrx_word' id='word_1_2' title='bbox 641 909 718 978; x_wconf 76' lang='lat'><strong>270.</strong></span> 
     </span>
    </p>
   </div>
   <div class='ocr_carea' id='block_1_3' title="bbox 103 1107 1241 1408">
    <p class='ocr_par' dir='ltr' id='par_1_3' title="bbox 103 1107 1241 1408">
     <span class='ocr_line' id='line_1_3' title="bbox 104 1107 1241 1196; baseline -0.004 -21"><span class='ocrx_word' id='word_1_3' title='bbox 104 1107 239 1196; x_wconf 72' lang='lat' dir='ltr'><strong>Aaeqet&#39;</strong></span> <span class='ocrx_word' id='word_1_4' title='bbox 258 1108 488 1194; x_wconf 80' lang='lat' dir='ltr'><strong>kdptaloonak</strong></span> <span class='ocrx_word' id='word_1_5' title='bbox 519 1107 792 1193; x_wconf 75' lang='lat' dir='ltr'><strong>hiaonyea&#39;pleoele,</strong></span> <span class='ocrx_word' id='word_1_6' title='bbox 824 1110 910 1194; x_wconf 74' lang='lat' dir='ltr'><strong>hopy</strong></span> <span class='ocrx_word' id='word_1_7' title='bbox 941 1131 962 1172; x_wconf 88' lang='lat' dir='ltr'><strong>a</strong></span> <span class='ocrx_word' id='word_1_8' title='bbox 995 1108 1241 1194; x_wconf 72' lang='lat' dir='ltr'><strong>Bepadradoan</strong></span> 
     </span>
     <span class='ocr_line' id='line_1_4' title="bbox 103 1213 1240 1302; baseline -0.003 -21"><span class='ocrx_word' id='word_1_9' title='bbox 103 1215 380 1302; x_wconf 70' lang='lat' dir='ltr'><strong>nemaeteepheliele</strong></span> <span class='ocrx_word' id='word_1_10' title='bbox 395 1213 497 1300; x_wconf 81' lang='lat' dir='ltr'><strong>Fllke,</strong></span> <span class='ocrx_word' id='word_1_11' title='bbox 514 1215 628 1280; x_wconf 80' lang='lat' dir='ltr'><strong>Istocin</strong></span> <span class='ocrx_word' id='word_1_12' title='bbox 645 1215 831 1280; x_wconf 74' lang='lat' dir='ltr'><strong>testoere&#39;nele</strong></span> <span class='ocrx_word' id='word_1_13' title='bbox 847 1213 1026 1298; x_wconf 76' lang='lat' dir='ltr'><strong>mepoletete</strong></span> <span class='ocrx_word' id='word_1_14' title='bbox 1052 1215 1240 1300; x_wconf 77' lang='lat' dir='ltr'><strong>tdrppdhan</strong></span> 
     </span>
     <span class='ocr_line' id='line_1_5' title="bbox 378 1320 968 1408; baseline -0.005 -21"><span class='ocrx_word' id='word_1_15' title='bbox 378 1322 613 1408; x_wconf 76' lang='lat' dir='ltr'><strong>hardierlposan</strong></span> <span class='ocrx_word' id='word_1_16' title='bbox 631 1321 845 1406; x_wconf 75' lang='lat' dir='ltr'><strong>eppezhedielr.</strong></span> <span class='ocrx_word' id='word_1_17' title='bbox 868 1320 968 1384; x_wconf 81' lang='lat'><em>1252.</em></span> 
     </span>
    </p>
   </div>
   <div class='ocr_carea' id='block_1_4' title="bbox 106 1513 1240 1926">
    <p class='ocr_par' dir='ltr' id='par_1_4' title="bbox 106 1513 1240 1926">
     <span class='ocr_line' id='line_1_6' title="bbox 214 1513 1237 1598; baseline 0 -16"><span class='ocrx_word' id='word_1_18' title='bbox 214 1518 289 1584; x_wconf 85' lang='lat' dir='ltr'><strong>Nos</strong></span> <span class='ocrx_word' id='word_1_19' title='bbox 306 1516 457 1583; x_wconf 87' lang='lat' dir='ltr'><strong>Detriens</strong></span> <span class='ocrx_word' id='word_1_20' title='bbox 473 1513 588 1581; x_wconf 87' lang='lat' dir='ltr'><strong>Bubek</strong></span> <span class='ocrx_word' id='word_1_21' title='bbox 605 1513 647 1580; x_wconf 86' lang='lat' dir='ltr'><strong>de</strong></span> <span class='ocrx_word' id='word_1_22' title='bbox 662 1513 821 1582; x_wconf 89' lang='lat' dir='ltr'><strong>Pelsenoh</strong></span> <span class='ocrx_word' id='word_1_23' title='bbox 837 1515 942 1596; x_wconf 83' lang='lat' dir='ltr'>Regni</span> <span class='ocrx_word' id='word_1_24' title='bbox 958 1515 1125 1598; x_wconf 86' lang='lat' dir='ltr'><strong>Hnngarie</strong></span> <span class='ocrx_word' id='word_1_25' title='bbox 1142 1515 1237 1582; x_wconf 87' lang='lat' dir='ltr'><strong>Pala·</strong></span> 
     </span>
     <span class='ocr_line' id='line_1_7' title="bbox 106 1621 1239 1708; baseline -0.002 -16"><span class='ocrx_word' id='word_1_26' title='bbox 106 1626 193 1694; x_wconf 88' lang='lat' dir='ltr'><strong>tinus</strong></span> <span class='ocrx_word' id='word_1_27' title='bbox 208 1626 278 1692; x_wconf 88' lang='lat' dir='ltr'><strong>stb.</strong></span> <span class='ocrx_word' id='word_1_28' title='bbox 295 1623 382 1708; x_wconf 86' lang='lat' dir='ltr'><strong>qnod</strong></span> <span class='ocrx_word' id='word_1_29' title='bbox 397 1625 431 1692; x_wconf 93' lang='lat' dir='ltr'><strong>in</strong></span> <span class='ocrx_word' id='word_1_30' title='bbox 448 1621 715 1707; x_wconf 70' lang='lat' dir='ltr'>congregacione</span> <span class='ocrx_word' id='word_1_31' title='bbox 733 1621 890 1689; x_wconf 79' lang='lat' dir='ltr'><strong>Generali</strong></span> <span class='ocrx_word' id='word_1_32' title='bbox 922 1623 1087 1707; x_wconf 80' lang='lat' dir='ltr'><strong>Magnifioi</strong></span> <span class='ocrx_word' id='word_1_33' title='bbox 1116 1625 1239 1692; x_wconf 88' lang='lat' dir='ltr'><strong>domini</strong></span> 
     </span>
     <span class='ocr_line' id='line_1_8' title="bbox 110 1729 1239 1818; baseline -0.002 -20"><span class='ocrx_word' id='word_1_34' title='bbox 110 1733 241 1802; x_wconf 82' lang='lat' dir='ltr'><strong>Nieolai</strong></span> <span class='ocrx_word' id='word_1_35' title='bbox 257 1731 300 1800; x_wconf 87' lang='lat' dir='ltr'><strong>de</strong></span> <span class='ocrx_word' id='word_1_36' title='bbox 316 1730 414 1818; x_wconf 78' lang='lat' dir='ltr'><strong>Gara,</strong></span> <span class='ocrx_word' id='word_1_37' title='bbox 429 1731 515 1798; x_wconf 86' lang='lat' dir='ltr'><strong>aliae</strong></span> <span class='ocrx_word' id='word_1_38' title='bbox 532 1729 680 1797; x_wconf 88' lang='lat' dir='ltr'><strong>similiter</strong></span> <span class='ocrx_word' id='word_1_39' title='bbox 696 1730 838 1796; x_wconf 80' lang='lat' dir='ltr'><strong>Palatini</strong></span> <span class='ocrx_word' id='word_1_40' title='bbox 864 1735 896 1796; x_wconf 90' lang='lat' dir='ltr'><strong>et</strong></span> <span class='ocrx_word' id='word_1_41' title='bbox 925 1729 947 1796; x_wconf 86' lang='lat' dir='ltr'><strong>J</strong></span> <span class='ocrx_word' id='word_1_42' title='bbox 950 1730 1052 1798; x_wconf 89' lang='lat' dir='ltr'><strong>odiois</strong></span> <span class='ocrx_word' id='word_1_43' title='bbox 1083 1730 1239 1798; x_wconf 83' lang='lat' dir='ltr'><strong>Gomano-</strong></span> 
     </span>
     <span class='ocr_line' id='line_1_9' title="bbox 110 1835 1240 1926; baseline -0.001 -19"><span class='ocrx_word' id='word_1_44' title='bbox 110 1859 178 1907; x_wconf 85' lang='lat' dir='ltr'><strong>mm</strong></span> <span class='ocrx_word' id='word_1_45' title='bbox 194 1840 379 1926; x_wconf 87' lang='lat' dir='ltr'><strong>peripsum</strong></span> <span class='ocrx_word' id='word_1_46' title='bbox 411 1837 625 1905; x_wconf 86' lang='lat' dir='ltr'><strong>Vniuersitati</strong></span> <span class='ocrx_word' id='word_1_47' title='bbox 655 1835 821 1902; x_wconf 85' lang='lat' dir='ltr'>Nobilium</span> <span class='ocrx_word' id='word_1_48' title='bbox 855 1835 1103 1924; x_wconf 89' lang='lat' dir='ltr'><strong>Zemplioiensis</strong></span> <span class='ocrx_word' id='word_1_49' title='bbox 1135 1847 1168 1906; x_wconf 92' lang='lat' dir='ltr'><strong>et</strong></span> <span class='ocrx_word' id='word_1_50' title='bbox 1199 1840 1240 1906; x_wconf 90' lang='lat' dir='ltr'><strong>de</strong></span> 
     </span>
    </p>
   </div>
   <div class='ocr_carea' id='block_1_5' title="bbox 110 1925 1373 2031">
    <p class='ocr_par' dir='ltr' id='par_1_5' title="bbox 110 1925 1373 2031">
     <span class='ocr_line' id='line_1_10' title="bbox 110 1925 1373 2031; baseline -0.005 -18"><span class='ocrx_word' id='word_1_51' title='bbox 110 1945 203 2031; x_wconf 83' lang='lat' dir='ltr'><strong>Vngh</strong></span> <span class='ocrx_word' id='word_1_52' title='bbox 220 1945 545 2013; x_wconf 80' lang='lat' dir='ltr'><strong>Comitatnumieria</strong></span> <span class='ocrx_word' id='word_1_53' title='bbox 561 1943 706 2010; x_wconf 83' lang='lat' dir='ltr'><strong>seeundo</strong></span> <span class='ocrx_word' id='word_1_54' title='bbox 723 1945 872 2028; x_wconf 88' lang='lat' dir='ltr'><strong>proxima</strong></span> <span class='ocrx_word' id='word_1_55' title='bbox 888 1951 964 2009; x_wconf 88' lang='lat' dir='ltr'><strong>ante</strong></span> <span class='ocrx_word' id='word_1_56' title='bbox 989 1943 1108 2012; x_wconf 82' lang='lat' dir='ltr'><strong>festum</strong></span> <span class='ocrx_word' id='word_1_57' title='bbox 1140 1947 1235 2012; x_wconf 86' lang='lat' dir='ltr'><strong>Beati</strong></span> <span class='ocrx_word' id='word_1_58' title='bbox 1281 1989 1282 1992; x_wconf 52' lang='lat'><em>=</em></span> <span class='ocrx_word' id='word_1_59' title='bbox 1370 1925 1373 1931; x_wconf 16' lang='grc' dir='ltr'><strong><em>Δ</em></strong></span> 
     </span>
    </p>
   </div>
   <div class='ocr_carea' id='block_1_6' title="bbox 106 2049 1271 4711">
    <p class='ocr_par' dir='ltr' id='par_1_6' title="bbox 106 2049 1271 4711">
     <span class='ocr_line' id='line_1_11' title="bbox 109 2049 1238 2139; baseline 0 -19"><span class='ocrx_word' id='word_1_60' title='bbox 109 2053 206 2139; x_wconf 79' lang='lat' dir='ltr'><strong>Regis</strong></span> <span class='ocrx_word' id='word_1_61' title='bbox 221 2052 386 2138; x_wconf 72' lang='lat' dir='ltr'><strong>Stephani</strong></span> <span class='ocrx_word' id='word_1_62' title='bbox 403 2052 437 2117; x_wconf 90' lang='lat' dir='ltr'><strong>in</strong></span> <span class='ocrx_word' id='word_1_63' title='bbox 452 2071 538 2118; x_wconf 91' lang='lat' dir='ltr'><strong>anno</strong></span> <span class='ocrx_word' id='word_1_64' title='bbox 554 2049 684 2116; x_wconf 89' lang='lat' dir='ltr'>Domini</span> <span class='ocrx_word' id='word_1_65' title='bbox 699 2049 830 2116; x_wconf 79' lang='lat' dir='ltr'>M⁰OOO</span> <span class='ocrx_word' id='word_1_66' title='bbox 838 2051 974 2116; x_wconf 82' lang='lat' dir='ltr'>⁰LXXX</span> <span class='ocrx_word' id='word_1_67' title='bbox 982 2062 1000 2118; x_wconf 86' lang='lat'><strong>⁰.</strong></span> <span class='ocrx_word' id='word_1_68' title='bbox 1018 2051 1121 2136; x_wconf 92' lang='lat' dir='ltr'><strong>primo</strong></span> <span class='ocrx_word' id='word_1_69' title='bbox 1138 2073 1238 2139; x_wconf 86' lang='lat' dir='ltr'><strong>prope</strong></span> 
     </span>
     <span class='ocr_line' id='line_1_12' title="bbox 106 2155 1238 2245; baseline -0.003 -18"><span class='ocrx_word' id='word_1_70' title='bbox 106 2161 275 2228; x_wconf 76' lang='lat' dir='ltr'><strong>ciuitatem</strong></span> <span class='ocrx_word' id='word_1_71' title='bbox 291 2159 399 2228; x_wconf 73' lang='lat' dir='ltr'><strong>Patale</strong></span> <span class='ocrx_word' id='word_1_72' title='bbox 416 2157 590 2242; x_wconf 81' lang='lat' dir='ltr'><strong>celebrata,</strong></span> <span class='ocrx_word' id='word_1_73' title='bbox 607 2155 757 2240; x_wconf 84' lang='lat' dir='ltr'><strong>Magistri</strong></span> <span class='ocrx_word' id='word_1_74' title='bbox 766 2155 905 2224; x_wconf 90' lang='lat' dir='ltr'><strong>Miohael</strong></span> <span class='ocrx_word' id='word_1_75' title='bbox 917 2156 958 2222; x_wconf 91' lang='lat' dir='ltr'><strong>de</strong></span> <span class='ocrx_word' id='word_1_76' title='bbox 969 2157 1099 2245; x_wconf 67' lang='lat' dir='ltr'><strong>Montis,</strong></span> <span class='ocrx_word' id='word_1_77' title='bbox 1116 2158 1238 2226; x_wconf 86' lang='lat' dir='ltr'><strong>Johan·</strong></span> 
     </span>
     <span class='ocr_line' id='line_1_13' title="bbox 109 2261 1240 2350; baseline -0.003 -16"><span class='ocrx_word' id='word_1_78' title='bbox 109 2287 167 2334; x_wconf 88' lang='lat' dir='ltr'><strong>nes</strong></span> <span class='ocrx_word' id='word_1_79' title='bbox 203 2268 296 2335; x_wconf 85' lang='lat' dir='ltr'><strong>lilius</strong></span> <span class='ocrx_word' id='word_1_80' title='bbox 332 2265 500 2350; x_wconf 86' lang='lat' dir='ltr'><strong>Ladialai,</strong></span> <span class='ocrx_word' id='word_1_81' title='bbox 541 2261 702 2347; x_wconf 74' lang='lat' dir='ltr'>Georgius</span> <span class='ocrx_word' id='word_1_82' title='bbox 741 2264 826 2333; x_wconf 87' lang='lat' dir='ltr'><strong>lilius</strong></span> <span class='ocrx_word' id='word_1_83' title='bbox 864 2265 1030 2350; x_wconf 85' lang='lat' dir='ltr'><strong>eiusdem,</strong></span> <span class='ocrx_word' id='word_1_84' title='bbox 1062 2263 1240 2332; x_wconf 86' lang='lat' dir='ltr'><strong>Ladizlaus</strong></span> 
     </span>
     <span class='ocr_line' id='line_1_14' title="bbox 111 2370 1242 2458; baseline -0.004 -17"><span class='ocrx_word' id='word_1_85' title='bbox 111 2375 193 2442; x_wconf 85' lang='lat' dir='ltr'><strong>lilius</strong></span> <span class='ocrx_word' id='word_1_86' title='bbox 222 2373 386 2457; x_wconf 85' lang='lat' dir='ltr'><strong>Ladizlai,</strong></span> <span class='ocrx_word' id='word_1_87' title='bbox 409 2373 578 2440; x_wconf 80' lang='lat' dir='ltr'><strong>lohannes</strong></span> <span class='ocrx_word' id='word_1_88' title='bbox 609 2370 695 2438; x_wconf 89' lang='lat' dir='ltr'><strong>iilius</strong></span> <span class='ocrx_word' id='word_1_89' title='bbox 725 2371 878 2458; x_wconf 83' lang='lat' dir='ltr'><strong>Symonis</strong></span> <span class='ocrx_word' id='word_1_90' title='bbox 908 2373 949 2439; x_wconf 86' lang='lat' dir='ltr'><strong>de</strong></span> <span class='ocrx_word' id='word_1_91' title='bbox 980 2371 1093 2440; x_wconf 84' lang='lat' dir='ltr'><strong>eadem</strong></span> <span class='ocrx_word' id='word_1_92' title='bbox 1118 2372 1242 2439; x_wconf 86' lang='lat' dir='ltr'><strong>Monak</strong></span> 
     </span>
     <span class='ocr_line' id='line_1_15' title="bbox 112 2478 1238 2568; baseline -0.004 -20"><span class='ocrx_word' id='word_1_93' title='bbox 112 2483 328 2568; x_wconf 82' lang='lat' dir='ltr'><strong>personaliter</strong></span> <span class='ocrx_word' id='word_1_94' title='bbox 342 2481 384 2546; x_wconf 86' lang='lat' dir='ltr'><strong>de</strong></span> <span class='ocrx_word' id='word_1_95' title='bbox 401 2479 539 2548; x_wconf 86' lang='lat' dir='ltr'><strong>oliorum</strong></span> <span class='ocrx_word' id='word_1_96' title='bbox 557 2478 663 2545; x_wconf 84' lang='lat' dir='ltr'><strong>medio</strong></span> <span class='ocrx_word' id='word_1_97' title='bbox 681 2480 877 2566; x_wconf 85' lang='lat' dir='ltr'><strong>exurgendo,</strong></span> <span class='ocrx_word' id='word_1_98' title='bbox 894 2479 1063 2566; x_wconf 89' lang='lat' dir='ltr'><strong>proposuit</strong></span> <span class='ocrx_word' id='word_1_99' title='bbox 1078 2499 1115 2547; x_wconf 92' lang='lat' dir='ltr'><strong>eo</strong></span> <span class='ocrx_word' id='word_1_100' title='bbox 1126 2480 1238 2548; x_wconf 87' lang='lat' dir='ltr'><strong>modo:</strong></span> 
     </span>
     <span class='ocr_line' id='line_1_16' title="bbox 112 2573 1240 2678; baseline -0.002 -23"><span class='ocrx_word' id='word_1_101' title='bbox 112 2589 197 2674; x_wconf 84' lang='lat' dir='ltr'><strong>qood</strong></span> <span class='ocrx_word' id='word_1_102' title='bbox 211 2589 332 2656; x_wconf 86' lang='lat' dir='ltr'><strong>Petrus</strong></span> <span class='ocrx_word' id='word_1_103' title='bbox 349 2587 435 2654; x_wconf 88' lang='lat' dir='ltr'><strong>lilius</strong></span> <span class='ocrx_word' id='word_1_104' title='bbox 463 2585 615 2673; x_wconf 87' lang='lat' dir='ltr'><strong>Mathius,</strong></span> <span class='ocrx_word' id='word_1_105' title='bbox 648 2592 680 2652; x_wconf 92' lang='lat' dir='ltr'><strong>et</strong></span> <span class='ocrx_word' id='word_1_106' title='bbox 710 2585 878 2654; x_wconf 86' lang='lat' dir='ltr'><strong>Johannes</strong></span> <span class='ocrx_word' id='word_1_107' title='bbox 908 2587 995 2654; x_wconf 88' lang='lat' dir='ltr'><strong>lilius</strong></span> <span class='ocrx_word' id='word_1_108' title='bbox 1026 2573 1164 2678; x_wconf 85' lang='lat' dir='ltr'><strong>Luh&#39;asij</strong></span> <span class='ocrx_word' id='word_1_109' title='bbox 1199 2587 1240 2653; x_wconf 87' lang='lat' dir='ltr'><strong>de</strong></span> 
     </span>
     <span class='ocr_line' id='line_1_17' title="bbox 114 2693 1236 2783; baseline 0 -21"><span class='ocrx_word' id='word_1_110' title='bbox 114 2697 225 2783; x_wconf 84' lang='lat' dir='ltr'><strong>lsyph,</strong></span> <span class='ocrx_word' id='word_1_111' title='bbox 245 2715 286 2760; x_wconf 84' lang='lat' dir='ltr'><strong>eo</strong></span> <span class='ocrx_word' id='word_1_112' title='bbox 301 2693 444 2763; x_wconf 82' lang='lat' dir='ltr'><strong>lacobus</strong></span> <span class='ocrx_word' id='word_1_113' title='bbox 458 2693 544 2760; x_wconf 89' lang='lat' dir='ltr'><strong>filins</strong></span> <span class='ocrx_word' id='word_1_114' title='bbox 560 2693 719 2761; x_wconf 82' lang='lat' dir='ltr'><strong>Johannis</strong></span> <span class='ocrx_word' id='word_1_115' title='bbox 736 2693 776 2759; x_wconf 81' lang='lat' dir='ltr'><strong>rie</strong></span> <span class='ocrx_word' id='word_1_116' title='bbox 791 2693 935 2782; x_wconf 86' lang='lat' dir='ltr'><strong>Banooh,</strong></span> <span class='ocrx_word' id='word_1_117' title='bbox 966 2715 1027 2763; x_wconf 89' lang='lat' dir='ltr'><strong>nee</strong></span> <span class='ocrx_word' id='word_1_118' title='bbox 1043 2715 1107 2762; x_wconf 90' lang='lat' dir='ltr'><strong>non</strong></span> <span class='ocrx_word' id='word_1_119' title='bbox 1123 2694 1236 2763; x_wconf 86' lang='lat' dir='ltr'><strong>Petrus</strong></span> 
     </span>
     <span class='ocr_line' id='line_1_18' title="bbox 112 2799 1240 2887; baseline -0.002 -17"><span class='ocrx_word' id='word_1_120' title='bbox 112 2803 194 2870; x_wconf 79' lang='lat' dir='ltr'><strong>filius</strong></span> <span class='ocrx_word' id='word_1_121' title='bbox 209 2800 361 2869; x_wconf 83' lang='lat' dir='ltr'><strong>Ladizlai</strong></span> <span class='ocrx_word' id='word_1_122' title='bbox 377 2801 418 2867; x_wconf 89' lang='lat' dir='ltr'><strong>de</strong></span> <span class='ocrx_word' id='word_1_123' title='bbox 434 2799 533 2866; x_wconf 82' lang='lat' dir='ltr'><strong>Chele</strong></span> <span class='ocrx_word' id='word_1_124' title='bbox 549 2799 583 2866; x_wconf 92' lang='lat' dir='ltr'><strong>in</strong></span> <span class='ocrx_word' id='word_1_125' title='bbox 600 2801 691 2866; x_wconf 88' lang='lat' dir='ltr'><strong>nulla</strong></span> <span class='ocrx_word' id='word_1_126' title='bbox 707 2801 797 2868; x_wconf 88' lang='lat' dir='ltr'><strong>linea</strong></span> <span class='ocrx_word' id='word_1_127' title='bbox 813 2802 1039 2886; x_wconf 78' lang='lat' dir='ltr'><strong>generacionis</strong></span> <span class='ocrx_word' id='word_1_128' title='bbox 1055 2801 1135 2887; x_wconf 89' lang='lat' dir='ltr'><strong>ipsis</strong></span> <span class='ocrx_word' id='word_1_129' title='bbox 1166 2803 1240 2869; x_wconf 88' lang='lat' dir='ltr'><strong>atti-</strong></span> 
     </span>
     <span class='ocr_line' id='line_1_19' title="bbox 112 2906 1239 2996; baseline -0.002 -20"><span class='ocrx_word' id='word_1_130' title='bbox 112 2911 270 2996; x_wconf 88' lang='lat' dir='ltr'><strong>nniesent,</strong></span> <span class='ocrx_word' id='word_1_131' title='bbox 288 2927 348 2973; x_wconf 89' lang='lat' dir='ltr'><strong>neo</strong></span> <span class='ocrx_word' id='word_1_132' title='bbox 364 2907 550 2986; x_wconf 75' lang='lat' dir='ltr'><strong>attinerent,</strong></span> <span class='ocrx_word' id='word_1_133' title='bbox 567 2913 648 2972; x_wconf 85' lang='lat' dir='ltr'><strong>etex</strong></span> <span class='ocrx_word' id='word_1_134' title='bbox 661 2906 749 2975; x_wconf 85' lang='lat' dir='ltr'><strong>eodo</strong></span> <span class='ocrx_word' id='word_1_135' title='bbox 759 2908 964 2994; x_wconf 79' lang='lat' dir='ltr'><strong>possessione</strong></span> <span class='ocrx_word' id='word_1_136' title='bbox 975 2929 1086 2976; x_wconf 90' lang='lat' dir='ltr'><strong>eorum</strong></span> <span class='ocrx_word' id='word_1_137' title='bbox 1096 2909 1239 2975; x_wconf 89' lang='lat' dir='ltr'><strong>Zerenoh</strong></span> 
     </span>
     <span class='ocr_line' id='line_1_20' title="bbox 113 3015 1240 3102; baseline -0.002 -18"><span class='ocrx_word' id='word_1_138' title='bbox 113 3023 242 3102; x_wconf 80' lang='lat' dir='ltr'><strong>vocata,</strong></span> <span class='ocrx_word' id='word_1_139' title='bbox 258 3035 298 3083; x_wconf 88' lang='lat' dir='ltr'><strong>ao</strong></span> <span class='ocrx_word' id='word_1_140' title='bbox 308 3015 385 3101; x_wconf 87' lang='lat' dir='ltr'><strong>jure</strong></span> <span class='ocrx_word' id='word_1_141' title='bbox 401 3021 595 3100; x_wconf 86' lang='lat' dir='ltr'><strong>patronatus</strong></span> <span class='ocrx_word' id='word_1_142' title='bbox 611 3015 800 3099; x_wconf 81' lang='lat' dir='ltr'><strong>Monosterij</strong></span> <span class='ocrx_word' id='word_1_143' title='bbox 817 3016 850 3082; x_wconf 95' lang='lat' dir='ltr'><strong>in</strong></span> <span class='ocrx_word' id='word_1_144' title='bbox 868 3015 982 3082; x_wconf 87' lang='lat' dir='ltr'><strong>eadem</strong></span> <span class='ocrx_word' id='word_1_145' title='bbox 1007 3017 1153 3084; x_wconf 88' lang='lat' dir='ltr'><strong>Zoreneh</strong></span> <span class='ocrx_word' id='word_1_146' title='bbox 1186 3020 1240 3082; x_wconf 91' lang='lat' dir='ltr'><strong>ha-</strong></span> 
     </span>
     <span class='ocr_line' id='line_1_21' title="bbox 113 3121 1271 3210; baseline -0.001 -19"><span class='ocrx_word' id='word_1_147' title='bbox 113 3125 169 3191; x_wconf 93' lang='lat' dir='ltr'><strong>biti</strong></span> <span class='ocrx_word' id='word_1_148' title='bbox 186 3125 283 3191; x_wconf 88' lang='lat' dir='ltr'><strong>nulla</strong></span> <span class='ocrx_word' id='word_1_149' title='bbox 300 3123 408 3208; x_wconf 86' lang='lat' dir='ltr'><strong>peroio</strong></span> <span class='ocrx_word' id='word_1_150' title='bbox 425 3121 550 3189; x_wconf 88' lang='lat' dir='ltr'><strong>eisdem</strong></span> <span class='ocrx_word' id='word_1_151' title='bbox 567 3121 701 3189; x_wconf 87' lang='lat' dir='ltr'><strong>deberet</strong></span> <span class='ocrx_word' id='word_1_152' title='bbox 716 3125 889 3208; x_wconf 88' lang='lat' dir='ltr'><strong>prouenire</strong></span> <span class='ocrx_word' id='word_1_153' title='bbox 904 3127 965 3191; x_wconf 77' lang='lat' dir='ltr'><strong>eth.</strong></span> <span class='ocrx_word' id='word_1_154' title='bbox 1006 3125 1104 3198; x_wconf 82' lang='lat' dir='ltr'><strong>(Ezen</strong></span> <span class='ocrx_word' id='word_1_155' title='bbox 1120 3132 1187 3210; x_wconf 80' lang='lat' dir='ltr'><strong>tigy</strong></span> <span class='ocrx_word' id='word_1_156' title='bbox 1217 3145 1238 3190; x_wconf 93' lang='lat' dir='ltr'><strong>a</strong></span> <span class='ocrx_word' id='word_1_157' title='bbox 1266 3187 1271 3196; x_wconf 88' lang='grc'><strong>,</strong></span> 
     </span>
     <span class='ocr_line' id='line_1_22' title="bbox 113 3229 1242 3318; baseline -0.003 -20"><span class='ocrx_word' id='word_1_158' title='bbox 113 3231 236 3318; x_wconf 81' lang='lat' dir='ltr'><strong>kirtlyi</strong></span> <span class='ocrx_word' id='word_1_159' title='bbox 252 3230 405 3298; x_wconf 77' lang='lat' dir='ltr'><strong>enrithoa</strong></span> <span class='ocrx_word' id='word_1_160' title='bbox 421 3233 564 3297; x_wconf 78' lang='lat' dir='ltr'><strong>tetetren</strong></span> <span class='ocrx_word' id='word_1_161' title='bbox 580 3229 670 3317; x_wconf 77' lang='lat' dir='ltr'><strong>allai,</strong></span> <span class='ocrx_word' id='word_1_162' title='bbox 704 3230 769 3298; x_wconf 78' lang='lat' dir='ltr'><strong>»ad</strong></span> <span class='ocrx_word' id='word_1_163' title='bbox 800 3237 968 3316; x_wconf 86' lang='lat' dir='ltr'><strong>presentes</strong></span> <span class='ocrx_word' id='word_1_164' title='bbox 999 3237 1132 3297; x_wconf 83' lang='lat' dir='ltr'><strong>octonas</strong></span> <span class='ocrx_word' id='word_1_165' title='bbox 1165 3230 1242 3296; x_wconf 86' lang='lat' dir='ltr'><strong>festi</strong></span> 
     </span>
     <span class='ocr_line' id='line_1_23' title="bbox 115 3335 1239 3426; baseline -0.001 -20"><span class='ocrx_word' id='word_1_166' title='bbox 115 3339 373 3426; x_wconf 80' lang='lat' dir='ltr'><strong>Epiphaniornm</strong></span> <span class='ocrx_word' id='word_1_167' title='bbox 389 3337 542 3405; x_wconf 78' lang='lat' dir='ltr'><strong>Domini«</strong></span> <span class='ocrx_word' id='word_1_168' title='bbox 560 3339 755 3422; x_wconf 88' lang='lat' dir='ltr'><strong>napoltatott</strong></span> <span class='ocrx_word' id='word_1_169' title='bbox 771 3336 828 3423; x_wconf 90' lang='lat' dir='ltr'><strong>el.)</strong></span> <span class='ocrx_word' id='word_1_170' title='bbox 851 3335 997 3406; x_wconf 81' lang='lat' dir='ltr'><strong>Tandem</strong></span> <span class='ocrx_word' id='word_1_171' title='bbox 1014 3337 1095 3423; x_wconf 89' lang='lat' dir='ltr'><strong>ipsis</strong></span> <span class='ocrx_word' id='word_1_172' title='bbox 1113 3339 1239 3405; x_wconf 88' lang='lat' dir='ltr'><strong>oetanis</strong></span> 
     </span>
     <span class='ocr_line' id='line_1_24' title="bbox 117 3443 1238 3530; baseline 0.004 -21"><span class='ocrx_word' id='word_1_173' title='bbox 117 3444 189 3511; x_wconf 87' lang='lat' dir='ltr'><strong>festi</strong></span> <span class='ocrx_word' id='word_1_174' title='bbox 205 3443 465 3530; x_wconf 79' lang='lat' dir='ltr'><strong>Epiphaniaram</strong></span> <span class='ocrx_word' id='word_1_175' title='bbox 482 3443 615 3510; x_wconf 88' lang='lat' dir='ltr'><strong>Domini</strong></span> <span class='ocrx_word' id='word_1_176' title='bbox 632 3445 829 3513; x_wconf 87' lang='lat' dir='ltr'><strong>instantibus</strong></span> <span class='ocrx_word' id='word_1_177' title='bbox 855 3445 974 3529; x_wconf 85' lang='lat' dir='ltr'><strong>prefati</strong></span> <span class='ocrx_word' id='word_1_178' title='bbox 1005 3445 1122 3512; x_wconf 89' lang='lat' dir='ltr'><strong>Petrus</strong></span> <span class='ocrx_word' id='word_1_179' title='bbox 1151 3445 1238 3513; x_wconf 87' lang='lat' dir='ltr'><strong>filios</strong></span> 
     </span>
     <span class='ocr_line' id='line_1_25' title="bbox 113 3549 1240 3638; baseline 0 -20"><span class='ocrx_word' id='word_1_180' title='bbox 113 3551 257 3620; x_wconf 82' lang='lat' dir='ltr'><strong>Mathins</strong></span> <span class='ocrx_word' id='word_1_181' title='bbox 273 3557 306 3620; x_wconf 91' lang='lat' dir='ltr'><strong>et</strong></span> <span class='ocrx_word' id='word_1_182' title='bbox 321 3551 502 3618; x_wconf 85' lang='lat' dir='ltr'><strong>Nioholaus</strong></span> <span class='ocrx_word' id='word_1_183' title='bbox 521 3549 563 3616; x_wconf 88' lang='lat' dir='ltr'><strong>de</strong></span> <span class='ocrx_word' id='word_1_184' title='bbox 579 3549 679 3617; x_wconf 77' lang='lat' dir='ltr'><strong>Chele</strong></span> <span class='ocrx_word' id='word_1_185' title='bbox 694 3553 730 3617; x_wconf 93' lang='lat' dir='ltr'><strong>in</strong></span> <span class='ocrx_word' id='word_1_186' title='bbox 746 3559 892 3618; x_wconf 90' lang='lat' dir='ltr'><strong>nostram</strong></span> <span class='ocrx_word' id='word_1_187' title='bbox 909 3555 1127 3638; x_wconf 85' lang='lat' dir='ltr'><strong>personaliter</strong></span> <span class='ocrx_word' id='word_1_188' title='bbox 1151 3553 1240 3622; x_wconf 82' lang='lat' dir='ltr'><strong>veni·</strong></span> 
     </span>
     <span class='ocr_line' id='line_1_26' title="bbox 114 3655 1239 3746; baseline 0.002 -22"><span class='ocrx_word' id='word_1_189' title='bbox 114 3665 205 3746; x_wconf 84' lang='lat' dir='ltr'><strong>entes</strong></span> <span class='ocrx_word' id='word_1_190' title='bbox 219 3658 434 3746; x_wconf 86' lang='lat' dir='ltr'><strong>presenoiam,</strong></span> <span class='ocrx_word' id='word_1_191' title='bbox 450 3657 486 3724; x_wconf 92' lang='lat' dir='ltr'><strong>in</strong></span> <span class='ocrx_word' id='word_1_192' title='bbox 502 3655 760 3725; x_wconf 87' lang='lat' dir='ltr'><strong>deelaraoionem</strong></span> <span class='ocrx_word' id='word_1_193' title='bbox 777 3659 955 3746; x_wconf 86' lang='lat' dir='ltr'><strong>prescripte</strong></span> <span class='ocrx_word' id='word_1_194' title='bbox 971 3660 1114 3728; x_wconf 85' lang='lat' dir='ltr'><strong>aooionis</strong></span> <span class='ocrx_word' id='word_1_195' title='bbox 1130 3679 1239 3727; x_wconf 90' lang='lat' dir='ltr'><strong>eornm</strong></span> 
     </span>
     <span class='ocr_line' id='line_1_27' title="bbox 114 3763 1243 3850; baseline 0.001 -18"><span class='ocrx_word' id='word_1_196' title='bbox 114 3763 271 3850; x_wconf 86' lang='lat' dir='ltr'><strong>quaedam</strong></span> <span class='ocrx_word' id='word_1_197' title='bbox 289 3763 401 3830; x_wconf 79' lang='lat' dir='ltr'><strong>‹leoem</strong></span> <span class='ocrx_word' id='word_1_198' title='bbox 429 3764 559 3832; x_wconf 86' lang='lat' dir='ltr'><strong>litteras</strong></span> <span class='ocrx_word' id='word_1_199' title='bbox 584 3771 695 3832; x_wconf 89' lang='lat' dir='ltr'><strong>nostro</strong></span> <span class='ocrx_word' id='word_1_200' title='bbox 717 3763 883 3850; x_wconf 80' lang='lat' dir='ltr'><strong>judicario</strong></span> <span class='ocrx_word' id='word_1_201' title='bbox 915 3767 1058 3834; x_wconf 83' lang='lat' dir='ltr'><strong>examini</strong></span> <span class='ocrx_word' id='word_1_202' title='bbox 1088 3775 1243 3834; x_wconf 88' lang='lat' dir='ltr'><strong>ourarunt</strong></span> 
     </span>
     <span class='ocr_line' id='line_1_28' title="bbox 118 3869 1245 3961; baseline 0.002 -23"><span class='ocrx_word' id='word_1_203' title='bbox 118 3871 350 3940; x_wconf 87' lang='lat' dir='ltr'><strong>demonstrare.</strong></span> <span class='ocrx_word' id='word_1_204' title='bbox 391 3869 536 3949; x_wconf 81' lang='lat' dir='ltr'><strong>Quarum</strong></span> <span class='ocrx_word' id='word_1_205' title='bbox 552 3871 659 3958; x_wconf 88' lang='lat' dir='ltr'><strong>prima</strong></span> <span class='ocrx_word' id='word_1_206' title='bbox 674 3871 827 3940; x_wconf 83' lang='lat' dir='ltr'><strong>videlieet</strong></span> <span class='ocrx_word' id='word_1_207' title='bbox 843 3873 983 3960; x_wconf 76' lang='lat' dir='ltr'><strong>Capituli</strong></span> <span class='ocrx_word' id='word_1_208' title='bbox 999 3873 1170 3961; x_wconf 83' lang='lat' dir='ltr'><strong>Agriensis</strong></span> <span class='ocrx_word' id='word_1_209' title='bbox 1193 3876 1245 3942; x_wconf 80' lang='lat' dir='ltr'><strong>lit</strong></span> 
     </span>
     <span class='ocr_line' id='line_1_29' title="bbox 118 3973 1244 4065; baseline 0.004 -22"><span class='ocrx_word' id='word_1_210' title='bbox 118 3984 188 4044; x_wconf 87' lang='lat' dir='ltr'><strong>tera</strong></span> <span class='ocrx_word' id='word_1_211' title='bbox 203 3975 424 4065; x_wconf 83' lang='lat' dir='ltr'><strong>priuilegialis</strong></span> <span class='ocrx_word' id='word_1_212' title='bbox 450 3981 511 4046; x_wconf 88' lang='lat' dir='ltr'><strong>snb</strong></span> <span class='ocrx_word' id='word_1_213' title='bbox 534 3973 623 4047; x_wconf 72' lang='lat' dir='ltr'><strong>&#39;anno</strong></span> <span class='ocrx_word' id='word_1_214' title='bbox 654 3979 785 4048; x_wconf 90' lang='lat' dir='ltr'><strong>Domini</strong></span> <span class='ocrx_word' id='word_1_215' title='bbox 817 3981 989 4050; x_wconf 91' lang='lat' dir='ltr'><strong>millesimo</strong></span> <span class='ocrx_word' id='word_1_216' title='bbox 1020 3980 1244 4050; x_wconf 77' lang='lat' dir='ltr'><strong>ducentesimo</strong></span> 
     </span>
     <span class='ocr_line' id='line_1_30' title="bbox 114 4085 1243 4174; baseline 0.002 -22"><span class='ocrx_word' id='word_1_217' title='bbox 114 4085 387 4170; x_wconf 74' lang='lat' dir='ltr'><strong>quinquagesimo</strong></span> <span class='ocrx_word' id='word_1_218' title='bbox 404 4086 547 4154; x_wconf 86' lang='lat' dir='ltr'><strong>seeundo</strong></span> <span class='ocrx_word' id='word_1_219' title='bbox 566 4093 680 4154; x_wconf 86' lang='lat' dir='ltr'><strong>exorta</strong></span> <span class='ocrx_word' id='word_1_220' title='bbox 695 4087 905 4174; x_wconf 85' lang='lat' dir='ltr'><strong>deoantahet,</strong></span> <span class='ocrx_word' id='word_1_221' title='bbox 937 4088 1024 4173; x_wconf 85' lang='lat' dir='ltr'><strong>qnod</strong></span> <span class='ocrx_word' id='word_1_222' title='bbox 1057 4088 1243 4174; x_wconf 87' lang='lat' dir='ltr'><strong>Stephanus</strong></span> 
     </span>
     <span class='ocr_line' id='line_1_31' title="bbox 121 4192 1243 4285; baseline 0.003 -25"><span class='ocrx_word' id='word_1_223' title='bbox 121 4195 161 4260; x_wconf 91' lang='lat' dir='ltr'><strong>de</strong></span> <span class='ocrx_word' id='word_1_224' title='bbox 176 4193 325 4280; x_wconf 89' lang='lat' dir='ltr'><strong>Berethe,</strong></span> <span class='ocrx_word' id='word_1_225' title='bbox 341 4192 533 4262; x_wconf 88' lang='lat' dir='ltr'><strong>Dominious</strong></span> <span class='ocrx_word' id='word_1_226' title='bbox 550 4194 592 4262; x_wconf 87' lang='lat' dir='ltr'><strong>de</strong></span> <span class='ocrx_word' id='word_1_227' title='bbox 608 4195 718 4281; x_wconf 81' lang='lat' dir='ltr'><strong>Chele,</strong></span> <span class='ocrx_word' id='word_1_228' title='bbox 745 4196 867 4264; x_wconf 86' lang='lat' dir='ltr'><strong>Stanoh</strong></span> <span class='ocrx_word' id='word_1_229' title='bbox 884 4195 924 4265; x_wconf 90' lang='lat' dir='ltr'><strong>de</strong></span> <span class='ocrx_word' id='word_1_230' title='bbox 941 4197 1054 4285; x_wconf 85' lang='lat' dir='ltr'><strong>Isyph,</strong></span> <span class='ocrx_word' id='word_1_231' title='bbox 1086 4196 1184 4280; x_wconf 82' lang='lat' dir='ltr'><strong>liogh</strong></span> <span class='ocrx_word' id='word_1_232' title='bbox 1201 4196 1243 4263; x_wconf 85' lang='lat' dir='ltr'><strong>de</strong></span> 
     </span>
     <span class='ocr_line' id='line_1_32' title="bbox 119 4299 1242 4393; baseline 0.004 -25"><span class='ocrx_word' id='word_1_233' title='bbox 119 4299 234 4387; x_wconf 75' lang='lat' dir='ltr'><strong>laton,</strong></span> <span class='ocrx_word' id='word_1_234' title='bbox 265 4301 388 4388; x_wconf 82' lang='lat' dir='ltr'><strong>Spmon</strong></span> <span class='ocrx_word' id='word_1_235' title='bbox 405 4303 446 4369; x_wconf 92' lang='lat' dir='ltr'><strong>de</strong></span> <span class='ocrx_word' id='word_1_236' title='bbox 462 4303 574 4387; x_wconf 86' lang='lat' dir='ltr'><strong>Lwoh,</strong></span> <span class='ocrx_word' id='word_1_237' title='bbox 606 4301 756 4372; x_wconf 81' lang='lat' dir='ltr'><strong>Radwan</strong></span> <span class='ocrx_word' id='word_1_238' title='bbox 773 4305 814 4372; x_wconf 86' lang='lat' dir='ltr'><strong>de</strong></span> <span class='ocrx_word' id='word_1_239' title='bbox 845 4306 1024 4392; x_wconf 84' lang='lat' dir='ltr'><strong>hleggesze,</strong></span> <span class='ocrx_word' id='word_1_240' title='bbox 1056 4309 1089 4371; x_wconf 92' lang='lat' dir='ltr'><strong>et</strong></span> <span class='ocrx_word' id='word_1_241' title='bbox 1119 4305 1242 4393; x_wconf 87' lang='lat' dir='ltr'><strong>Symon</strong></span> 
     </span>
     <span class='ocr_line' id='line_1_33' title="bbox 121 4406 1241 4499; baseline 0.008 -28"><span class='ocrx_word' id='word_1_242' title='bbox 121 4406 203 4475; x_wconf 84' lang='lat' dir='ltr'><strong>lilios</strong></span> <span class='ocrx_word' id='word_1_243' title='bbox 217 4409 364 4477; x_wconf 88' lang='lat' dir='ltr'><strong>Mareelli</strong></span> <span class='ocrx_word' id='word_1_244' title='bbox 380 4408 421 4477; x_wconf 86' lang='lat' dir='ltr'><strong>rie</strong></span> <span class='ocrx_word' id='word_1_245' title='bbox 436 4409 527 4476; x_wconf 74' lang='lat' dir='ltr'><strong>Zaria</strong></span> <span class='ocrx_word' id='word_1_246' title='bbox 544 4411 584 4477; x_wconf 88' lang='lat' dir='ltr'><strong>de</strong></span> <span class='ocrx_word' id='word_1_247' title='bbox 598 4431 719 4496; x_wconf 83' lang='lat' dir='ltr'><strong>genere</strong></span> <span class='ocrx_word' id='word_1_248' title='bbox 734 4413 987 4498; x_wconf 79' lang='lat' dir='ltr'><strong>Bogadradwan</strong></span> <span class='ocrx_word' id='word_1_249' title='bbox 1003 4431 1044 4479; x_wconf 87' lang='lat' dir='ltr'><strong>ex</strong></span> <span class='ocrx_word' id='word_1_250' title='bbox 1054 4419 1241 4499; x_wconf 78' lang='lat' dir='ltr'><strong>vnaparte;</strong></span> 
     </span>
     <span class='ocr_line' id='line_1_34' title="bbox 120 4516 1243 4607; baseline 0.005 -25"><span class='ocrx_word' id='word_1_251' title='bbox 120 4535 159 4582; x_wconf 87' lang='lat' dir='ltr'><strong>ex</strong></span> <span class='ocrx_word' id='word_1_252' title='bbox 173 4517 279 4586; x_wconf 85' lang='lat' dir='ltr'><strong>altera</strong></span> <span class='ocrx_word' id='word_1_253' title='bbox 293 4535 371 4584; x_wconf 82' lang='lat' dir='ltr'><strong>vero</strong></span> <span class='ocrx_word' id='word_1_254' title='bbox 389 4516 479 4605; x_wconf 81' lang='lat' dir='ltr'><strong>Ohyz</strong></span> <span class='ocrx_word' id='word_1_255' title='bbox 496 4517 537 4584; x_wconf 89' lang='lat' dir='ltr'><strong>de</strong></span> <span class='ocrx_word' id='word_1_256' title='bbox 551 4519 697 4588; x_wconf 85' lang='lat' dir='ltr'><strong>Morowa</strong></span> <span class='ocrx_word' id='word_1_257' title='bbox 712 4517 753 4588; x_wconf 82' lang='lat' dir='ltr'><strong>(le</strong></span> <span class='ocrx_word' id='word_1_258' title='bbox 770 4520 883 4587; x_wconf 88' lang='lat' dir='ltr'><strong>eodem</strong></span> <span class='ocrx_word' id='word_1_259' title='bbox 899 4540 1017 4606; x_wconf 81' lang='lat' dir='ltr'><strong>genere</strong></span> <span class='ocrx_word' id='word_1_260' title='bbox 1027 4520 1243 4607; x_wconf 88' lang='lat' dir='ltr'><strong>personaliter</strong></span> 
     </span>
     <span class='ocr_line' id='line_1_35' title="bbox 118 4622 1247 4711; baseline 0.006 -21"><span class='ocrx_word' id='word_1_261' title='bbox 118 4640 228 4691; x_wconf 81' lang='lat' dir='ltr'><strong>eoram</strong></span> <span class='ocrx_word' id='word_1_262' title='bbox 245 4622 333 4691; x_wconf 84' lang='lat' dir='ltr'><strong>dioto</strong></span> <span class='ocrx_word' id='word_1_263' title='bbox 351 4623 500 4711; x_wconf 80' lang='lat' dir='ltr'><strong>Capitnlo</strong></span> <span class='ocrx_word' id='word_1_264' title='bbox 531 4625 686 4710; x_wconf 79' lang='lat' dir='ltr'><strong>Agriensi</strong></span> <span class='ocrx_word' id='word_1_265' title='bbox 718 4628 896 4708; x_wconf 78' lang='lat' dir='ltr'><strong>constituti,</strong></span> <span class='ocrx_word' id='word_1_266' title='bbox 928 4628 1051 4696; x_wconf 88' lang='lat' dir='ltr'><strong>dietum</strong></span> <span class='ocrx_word' id='word_1_267' title='bbox 1082 4627 1247 4697; x_wconf 85' lang='lat' dir='ltr'><strong>extitisset</strong></span> 
     </span>
    </p>
   </div>
   <div class='ocr_carea' id='block_1_7' title="bbox 0 0 1553 5146">
    <p class='ocr_par' dir='ltr' id='par_1_7' title="bbox 0 0 1553 5146">
     <span class='ocr_line' id='line_1_36' title="bbox 0 0 1553 5146; baseline 0 0"><span class='ocrx_word' id='word_1_268' title='bbox 0 0 1553 5146; x_wconf 95' lang='lat' dir='ltr'><strong> </strong></span> 
     </span>
    </p>
   </div>
  </div>
 </body>
</html>
