3098 5132
600 765 674 837 tls.

87 963 124 1026 ΙΙ.
150 963 261 1029 Euan
286 963 475 1050 kircilycclc
501 987 521 1028 α
544 965 751 1052 azclyaqyeiri
774 967 930 1054 ucpeknek
960 969 1011 1035 kc't
1040 969 1201 1058 tczmtpte

88 1075 219 1158 ttrppuzci
243 1071 432 1156 adomdcya
462 1081 545 1138 arent
570 1071 699 1160 Mtiozy
724 1076 869 1160 epyhdra
895 1080 1045 1143 azdmdro
1061 1099 1083 1142 u
1098 1075 1201 1143 hedui

499 1179 644 1268 azipetea.
670 1179 768 1246 1225.

174 1373 327 1444 Andreas
344 1375 407 1443 Dei
423 1375 535 1464 gracia
550 1375 694 1462 Vngarie
709 1378 779 1444 Rex
795 1377 955 1462 omnibus,
970 1381 1014 1449 ad
1043 1401 1123 1468 quos
1149 1381 1198 1449 lit-

89 1490 141 1551 tere
154 1490 323 1570 presentes
341 1485 549 1571 peruenerint
564 1486 702 1553 salutem
718 1493 751 1554 et
766 1507 861 1555 omne
878 1489 1005 1556 bonum.
1045 1489 1096 1556 Ad
1126 1489 1195 1556 vni·

94 1611 240 1659 nemorum
257 1592 414 1662 noticiam
432 1593 633 1678 presencium
651 1603 683 1661 et
698 1602 899 1682 posterorum
917 1599 1065 1667 volumus
1083 1619 1197 1685 perue-

91 1703 153 1789 nire,
166 1701 254 1788 quod
271 1723 332 1770 nos
350 1703 466 1772 intuitu
483 1705 546 1772 Dei
563 1705 604 1770 ob
630 1705 806 1773 remedium
834 1707 944 1773 anime
975 1713 1086 1776 nostre
1116 1705 1199 1772 duas

91 1811 258 1878 mansiones
275 1811 491 1880 castrensium
508 1812 550 1880 dc
566 1813 753 1904 Zaigagenr
767 1813 800 1880 in
816 1813 899 1880 vilia
925 1815 1037 1883 cheu
1062 1833 1187 1881 commo

91 1927 187 2004 rantes,
203 1921 353 1988 Ecclesie
370 1919 483 1988 Sancti
501 1920 674 1988 Michaelis
691 1920 828 1988 fundate
846 1922 880 1987 in
906 1923 1016 1990 insula
1042 1921 1197 2006 Budensi,

90 2026 155 2093 sicut
168 2027 212 2094 ad
227 2036 370 2096 castrum
387 2031 602 2116 pertinebant,
619 2029 689 2096 iure
706 2035 862 2115 perpetuo
880 2029 1079 2098 contulimus
1095 2029 1197 2114 possi·

90 2133 201 2202 denies.
242 2135 385 2204 Nomina
416 2156 492 2204 vero
524 2137 666 2223 ipsorum
692 2135 881 2204 rusticorum
907 2144 985 2203 sunt
1002 2135 1062 2202 hec
1078 2162 1085 2203 :
1102 2135 1199 2222 Arne,

93 2241 184 2308 Uidolt
201 2251 235 2309 et
250 2243 391 2310 Endure.
415 2245 458 2310 Et
474 2249 510 2310 ut
525 2243 586 2310 hec
612 2250 724 2310 nostra
750 2243 891 2310 donacio
923 2243 1043 2311 nostris
1077 2250 1198 2308 nostro·

93 2369 203 2436 rumque
220 2372 445 2420 successorum
461 2351 660 2436 temporibus
679 2353 727 2418 eis
744 2351 777 2417 in
794 2361 982 2437 perpetuum
1002 2347 1104 2438 possit
1127 2370 1198 2436 per·

93 2457 201 2546 iurare,
218 2467 388 2546 presentes
407 2459 625 2526 concessimus
643 2459 784 2538 litteras,
802 2457 943 2543 duplicis
969 2457 1070 2542 sigilii
1096 2460 1198 2524 nostri

92 2568 247 2633 munimine
280 2569 460 2634 roboratas.
499 2568 617 2632 Datum
652 2587 738 2634 auno
772 2567 862 2633 uerbi
896 2564 1058 2632 incarnati
1078 2563 1199 2632 ΜῦΟΟο

92 2670 208 2742 XX⁸Vt
231 2675 335 2758 Regni
353 2673 457 2741 nostri
473 2694 560 2741 anno
576 2671 659 2739 ΧΧυ
676 2671 832 2740 secundo.

93 2871 121 2928 (A
143 2871 219 2924 budai
247 2873 443 2938 ktptaianuak
472 2873 578 2923 »trater
607 2871 747 2923 Martinus
776 2872 939 2935 Propositus
967 2870 1092 2922 Ecclesia
1119 2871 1199 2921 Beati

93 2961 218 3014 licitaelir
236 2964 408 3030 Archangeli
426 2965 460 3014 de
480 2965 576 3016 Insula
593 2965 735 3028 heporum
756 2966 833 3014 1410.
853 2965 883 3013 in
903 2963 976 3014 testo
996 2963 1096 3012 Sancte
1108 2959 1199 3010 Trini-

159 3055 238 3104 tatis«
259 3055 370 3107 kiadott
390 3053 552 3106 attractum.
572 3071 589 3104 a
607 3055 692 3106 budsi
712 3055 765 3106 kir.
784 3055 912 3105 kamarai
933 3053 1126 3114 leveitarban.)
