3208 5158
655 376 807 480 „eeu

163 569 298 644 honoris
314 576 416 644 nostri
431 575 566 661 lastigie
581 576 744 662 querimus
760 573 936 663 prudenter
951 571 1117 659 extollere,
1132 567 1292 660 eteuique

165 685 385 754 subiectorum
403 695 585 754 nostrorum
602 685 652 754 ius
669 705 763 754 suum
793 684 973 766 tribuimus,
1003 688 1036 750 et
1064 683 1212 770 ipsorum
1242 680 1291 746 in-

165 791 364 881 dempnitati
380 795 580 863 consulimus
597 795 710 881 preuie
725 791 865 862 reeione.
888 794 1071 878 Eapropter
1086 796 1198 860 notum
1214 785 1293 856 leoi-

165 919 241 970 mns
257 923 318 989 per
332 909 501 989 presentes
516 903 687 990 uniuersis,
704 901 789 986 quod
807 899 974 968 enminter
984 899 1114 967 nobiles
1124 896 1164 964 de
1175 913 1294 982 genere

162 1007 320 1078 Salomon
336 1012 378 1079 de
393 1012 474 1080 villa
490 1012 576 1078 Vata
588 1033 630 1078 ex
646 1031 710 1078 rna
725 1015 828 1097 parte,
847 1015 879 1077 et
894 1007 1091 1076 uduornieos
1108 1011 1235 1073 nostros
1252 1001 1293 1070 de

164 1115 338 1186 Gholloonz
355 1119 395 1186 de
411 1119 500 1186 rillis
515 1120 584 1204 Leg
599 1124 631 1185 et
646 1120 749 1186 Poton
764 1137 863 1204 super
880 1115 1021 1203 quodum
1031 1122 1116 1182 terro
1131 1112 1292 1199 paludosa

162 1225 341 1294 sussoitetu
357 1226 470 1296 suisset
486 1228 621 1296 materie
638 1226 826 1313 questionis,
844 1233 876 1292 et
892 1245 932 1292 eu
948 1225 1051 1310 primo
1068 1243 1179 1290 eorum
1203 1222 1290 1288 Lau·

162 1334 273 1402 reneio
289 1337 442 1403 Palatino
458 1336 584 1403 Comite
600 1335 797 1422 Symigiensi
815 1333 933 1402 dilecto
951 1339 983 1400 et
997 1331 1086 1398 fideli
1103 1335 1225 1415 nostro,
1257 1333 1291 1395 et

160 1442 371 1527 postmodum
397 1465 505 1511 eoram
531 1445 624 1511 nobis
654 1443 767 1512 fuisset
798 1445 924 1510 diucius
955 1439 1132 1524 uentilete3
1158 1436 1290 1505 tandem

160 1551 244 1635 quia
257 1552 357 1637 ijdem
374 1554 500 1621 nobiles
516 1575 551 1621 se
568 1552 666 1622 luisse
681 1555 713 1620 in
730 1553 938 1642 possessione
954 1551 1040 1618 illius
1057 1555 1141 1616 terre
1157 1551 1288 1613 eonten-

157 1662 262 1749 eiose,
278 1683 338 1730 nee
354 1684 411 1750 per
428 1667 675 1732 instrumentum
691 1661 837 1751 aliquod,
853 1683 914 1730 nee
930 1681 987 1749 per
1003 1654 1288 1739 rueioneseliquus

156 1765 315 1837 efflouees
331 1777 480 1838 constare
496 1809 539 1820 -
557 1810 596 1820 —
616 1809 659 1820 -
676 1771 862 1838 nullatenus
879 1768 1069 1856 potuissent,
1086 1763 1146 1834 sed
1164 1761 1288 1832 eisdem

156 1876 348 1945 uduornieis
364 1880 483 1948 nostris
498 1881 531 1946 iu
549 1879 755 1965 possessione
771 1878 863 1946 illius
880 1885 965 1945 terre
982 1871 1197 1943 existentibus
1224 1888 1289 1937 me·

154 1989 211 2050 tas
230 1983 373 2052 eiusdem
388 1991 472 2053 terre
488 1986 717 2055 destruxerunt
731 1987 856 2054 nobiles
881 1983 1056 2069 antedicti3
1073 1977 1287 2055 deerenimus,

158 2095 198 2157 nt
213 2091 313 2177 ijdem
330 2093 499 2163 uduornioi
516 2097 559 2162 ud
583 2095 822 2184 possessionem
853 2095 943 2164 illius
975 2100 1059 2160 terre
1089 2086 1286 2156 inducantur

158 2198 292 2289 iterato,
308 2209 339 2270 et
356 2201 477 2271 eisdem
494 2205 682 2272 restituatur
697 2204 795 2290 pleno
811 2205 892 2270 iure.
930 2200 1035 2279 Quam
1061 2196 1192 2284 quidem
1223 2199 1287 2260 ter·

156 2329 232 2376 ram
248 2309 369 2378 eisdem
386 2311 572 2380 rduornieis
587 2311 707 2379 nostris
723 2310 924 2398 perfidelem
940 2315 1083 2378 nostrum
1093 2301 1287 2372 Miehuelem

158 2417 318 2486 Comitem
335 2419 376 2486 de
391 2421 529 2487 Zoulum
545 2421 604 2488 sub
621 2419 805 2488 testimonio
822 2417 966 2505 Capituli
981 2411 1190 2484 Posoniensis
1206 2409 1285 2478 leoi-

155 2546 233 2594 mus
248 2525 420 2612 assignari.
445 2527 544 2596 Cuius
560 2537 645 2596 terre
662 2535 753 2616 meto,
771 2533 868 2613 prout
883 2527 917 2593 in
934 2526 1050 2594 litteris
1067 2519 1211 2608 (lapituli
1225 2517 1285 2586 Po-

155 2634 321 2702 soniensis
335 2635 476 2703 uidimus
491 2637 658 2722 contineri,
674 2637 735 2704 hoe
751 2636 863 2703 ordine
895 2634 1114 2718 distinguntur
1139 2657 1146 2698 :
1179 2627 1287 2696 Primo

156 2750 247 2811 mete
262 2743 377 2832 insipit
392 2767 413 2812 u
429 2753 524 2832 purte
539 2744 732 2814 occidentali
757 2767 778 2811 a
803 2745 945 2830 quadarn
977 2761 1073 2828 uena,
1105 2759 1169 2825 que
1199 2739 1286 2826 Eper

155 2862 305 2941 noratur,
337 2861 370 2924 et
385 2857 476 2922 iusta
493 2862 635 2922 ueterem
651 2863 769 2923 metam
786 2875 871 2922 noua
888 2859 974 2919 mete
1004 2858 1055 2918 est
1085 2853 1212 2931 ereetu;
1245 2865 1286 2913 ex

155 2959 236 3027 inde
250 2962 343 3030 uadit
360 2962 403 3029 ud
418 2968 558 3030 ueterem
575 2969 695 3030 metum
712 2964 755 3030 ed
773 2971 898 3050 partem
916 2960 1106 3028 orientalem
1125 2956 1285 3022 edloeum

155 3069 214 3152 qni
230 3073 316 3136 aruir
331 3075 472 3158 uocatur,
483 3079 516 3138 et
532 3071 624 3138 iuxta
639 3071 728 3138 illurn
747 3079 886 3138 ueterem
898 3077 1028 3152 metum,
1039 3085 1101 3152 que
1117 3063 1285 3132 destrueter

154 3181 324 3266 apperuit,
341 3199 427 3246 noue
443 3185 529 3245 meta
546 3185 596 3246 est
621 3185 748 3262 ereete3
772 3178 889 3247 deinde
914 3178 1006 3246 uadit
1036 3176 1081 3243 ad
1096 3175 1194 3256 uiam,
1220 3194 1284 3260 que

155 3289 299 3353 attaleni
315 3293 461 3375 uooutur,
487 3286 542 3354 vbi
558 3287 660 3354 seiam
677 3287 824 3354 similiter
850 3286 1093 3356 destrueeiones
1125 3289 1283 3351 metarum

155 3403 388 3482 apparuerunt,
405 3403 438 3463 et
454 3396 556 3464 estibi
569 3403 676 3464 erecte
686 3415 772 3463 noue
783 3403 869 3462 meta
881 3419 888 3480 ;
900 3403 933 3462 et
943 3393 1059 3462 exinde
1069 3391 1283 3480 progreditur,

163 3509 196 3568 et
206 3499 298 3568 uadit
308 3523 421 3572 uersus
432 3505 596 3587 orientem,
608 3505 697 3572 uenit
707 3505 750 3572 ad
767 3525 886 3588 uquam
903 3503 996 3591 Serd,
1010 3509 1043 3570 et
1061 3501 1159 3570 ibiest
1175 3507 1284 3572 erecte

154 3629 241 3676 noue
257 3615 363 3694 meta3
381 3611 498 3679 deinde
509 3631 638 3697 semper
648 3612 854 3698 prosedendo
865 3631 977 3680 uersus
987 3612 1143 3680 orientem
1154 3609 1283 3676 venitur
1364 3613 1372 3626 ⁵

153 3718 198 3784 ad
215 3720 334 3807 looum,
366 3720 421 3804 qui
439 3721 582 3805 Sardzeg
598 3729 741 3807 vocatur,
768 3728 800 3789 et
814 3720 860 3788 ibi
886 3719 1036 3788 similiter
1061 3724 1284 3806 apparuerunt

154 3823 398 3896 destrueeiones
429 3836 597 3914 metarum,
629 3836 661 3895 ot
692 3836 740 3898 est
757 3849 842 3898 noua
859 3834 1091 3912 metuerentur,
1117 3833 1150 3894 et
1165 3825 1284 3894 exinde

152 3934 247 4002 uadit
262 3933 305 4000 ed
320 3937 435 4023 louurn,
453 3936 510 4020 qui
526 3935 713 4004 Lirlreurim
732 3937 858 4024 dieitur,
876 3943 909 4004 et
922 3936 969 4004 ibi
986 3940 1209 4023 apparuerunt
1225 3935 1282 4002 de·

151 4044 353 4112 strneeiones
368 4052 538 4130 metarum,
555 4053 586 4114 et
602 4053 650 4114 est
665 4067 751 4116 noue
774 4052 860 4114 mete
876 4053 1003 4130 ereelu;
1027 4041 1144 4114 deinde
1174 4042 1283 4114 tendit

151 4151 197 4220 ad
211 4153 318 4220 loeum
335 4153 390 4235 qni
406 4153 628 4222 Homulrailuk
644 4153 771 4240 dieitur,
789 4155 835 4220 ibi
852 4160 1074 4240 apparuerunt
1089 4151 1281 4221 destructio

151 4279 209 4327 nes
226 4266 396 4350 metarum,
414 4267 446 4327 et
462 4267 511 4328 est
527 4261 571 4328 ibi
589 4269 697 4330 erecta
713 4282 800 4329 noue
817 4269 922 4348 meta,
940 4261 1060 4329 deinde
1075 4259 1281 4349 progreditur

151 4373 183 4433 et
197 4367 291 4434 uadit
308 4368 351 4434 ud
369 4370 485 4456 locum,
511 4370 566 4454 qui
583 4371 697 4438 Fenek
715 4377 861 4459 uocatur,
889 4378 921 4437 et
936 4371 1088 4438 similiter
1103 4369 1149 4436 ibi
1180 4388 1280 4456 uppe-

154 4482 290 4544 ruerunt
307 4477 547 4548 destrueeiones
559 4485 723 4568 metarum,
740 4487 772 4546 et
782 4480 828 4548 ibi
838 4485 887 4547 est
901 4485 1010 4546 ereetu
1025 4499 1112 4547 nonu
1127 4483 1232 4562 meta3
1249 4482 1283 4544 et

153 4581 271 4651 deinde
288 4587 393 4654 tendit
408 4588 451 4654 ad
463 4587 602 4656 insulam
618 4609 783 4675 equorum,
807 4587 898 4656 stibi
914 4588 949 4654 in
965 4589 1035 4656 loeo
1052 4589 1201 4659 similiter
1225 4586 1283 4652 de·

152 4697 348 4764 structurum
363 4709 522 4766 metarum
540 4715 626 4764 nonu
643 4703 732 4766 metu
748 4703 798 4768 est
814 4705 943 4786 ereete;
970 4705 1001 4768 et
1017 4699 1135 4770 exinde
1166 4697 1284 4770 trunsit
