3120 5148
788 205 949 306 ‘nso

296 398 352 466 uis
367 393 500 466 Ordinis
516 397 723 486 llonasterla,
741 419 804 484 que
821 399 896 468 olim
913 403 997 468 bone
1029 401 1183 468 memorie
1199 401 1304 468 saneti
1321 408 1436 487 patres

306 505 408 572 nostri
431 505 537 590 Reges
561 505 728 591 Hungario
743 516 1010 595 oonstruxerunt,
1040 509 1231 595 specialiter
1247 507 1434 594 diligamus,

305 633 345 681 eo
362 611 448 698 quod
463 621 496 681 et
510 612 582 681 Deo
597 612 719 681 firmius
743 613 904 700 inherere,
915 621 1026 682 ettam
1036 613 1178 682 assiduis
1192 635 1290 700 quam
1305 615 1434 684 devotis

304 721 493 789 oraoionum
509 721 682 807 gemitibus
692 723 777 790 relos
793 723 936 808 pulsare,
947 729 981 789 et
991 723 1097 808 ipsum
1112 719 1254 791 celorum
1269 723 1437 792 dominum

307 827 492 912 frequenter
507 848 566 914 pro
591 829 711 895 nostris
727 829 915 897 excessibus
932 849 1068 897 exorare
1084 829 1304 898 orenduntur:
1319 832 1434 898 liona-

305 935 406 1002 sterio
429 940 539 1002 tamen
554 933 595 1002 de
610 934 757 1020 Toplioa,
774 935 861 1021 quod
876 937 918 1003 de
944 938 1076 1024 proprio
1092 936 1311 1022 fundavimus,
1327 937 1435 1022 Regni

309 1040 411 1108 nostri
426 1060 512 1110 anno
528 1041 642 1130 primo,
665 1042 819 1128 ampliori
844 1042 1031 1111 dilectionis
1054 1041 1264 1129 prerogativa
1278 1051 1437 1128 tenemur,

310 1166 350 1215 eo
388 1150 476 1234 quod
515 1148 646 1217 habes
671 1145 932 1218 clarevallensis
973 1151 1107 1218 Oenobii
1145 1151 1190 1218 ad
1228 1157 1436 1218 saerosanote

305 1253 477 1338 religionis
487 1263 697 1342 augmentum
707 1255 788 1323 inibi
798 1259 1057 1342 eonroeavimus,
1073 1259 1129 1342 qui
1139 1265 1172 1324 et
1187 1257 1259 1324 Deo
1268 1257 1435 1325 indefesse

304 1360 462 1446 eerviant,
480 1367 513 1429 et
529 1361 564 1428 in
588 1361 735 1430 distrioto
760 1365 911 1431 examine
935 1363 1028 1433 nobis
1053 1365 1157 1450 ipsius
1183 1364 1437 1433 misericordiam

307 1468 442 1536 valeant
458 1467 638 1555 impetrare.
649 1469 693 1536 Ut
702 1469 802 1554 igitur
818 1470 1050 1560 temporalibus
1064 1472 1219 1540 subsidiis
1235 1470 1439 1540 sufficienter

310 1575 417 1644 adiuti
433 1575 564 1643 liberius
587 1576 659 1642 Deo
674 1585 802 1665 renent,
830 1578 898 1646 illis
915 1598 974 1664 pro
989 1577 1098 1646 anime
1121 1585 1231 1648 nostre
1245 1585 1277 1646 et
1291 1587 1439 1646 antooes·

306 1700 420 1754 sorum
436 1687 616 1750 nemorum
631 1681 774 1751 remedio
791 1680 1152 1774 dedimustlomitatum
1168 1683 1210 1751 de
1226 1685 1340 1768 Gerra,
1356 1684 1439 1752 sieut

311 1789 403 1856 illum
418 1785 621 1875 possedimus
637 1808 709 1856 eum
720 1788 796 1857 Dux
810 1789 930 1860 tuimur
940 1793 1026 1858 ultra
1042 1791 1209 1878 Drawam,
1225 1810 1299 1859 oum
1308 1791 1434 1876 prediis

307 1903 345 1963 et
361 1895 455 1964 metis
470 1915 591 1982 eorum,
608 1915 680 1964 oum
705 1897 798 1982 aquis
825 1907 856 1966 et
888 1898 1141 1985 pisoaeionibus,
1171 1919 1246 1966 eum
1277 1900 1374 1966 terris
1407 1909 1438 1966 et

313 2003 428 2091 pratis,
444 2021 520 2071 eun
533 2001 722 2071 nemoribus
746 2011 778 2071 et
794 2003 889 2073 silvis
906 2013 938 2073 et
952 2005 1196 2088 venaoionibus,
1219 2021 1292 2071 anns
1306 2005 1441 2072 redditi·
1542 2033 1543 2038 ,

313 2112 383 2192 bus,
420 2108 579 2191 servioiis,
612 2109 902 2180 oonvotudlnibus
927 2119 959 2180 et
994 2111 1121 2179 eunetis
1147 2109 1353 2196 utilitatibus,
1380 2133 1440 2197 que
1542 2149 1543 2178 r

310 2217 424 2286 omnia
440 2217 488 2286 ita
503 2218 605 2286 libero
620 2222 754 2286 teneam
778 2224 810 2286 et
836 2218 870 2284 in
896 2225 1066 2306 perpetum
1082 2217 1283 2305 possideant,
1299 2220 1388 2286 siout
1402 2238 1441 2287 ea
1542 2245 1543 2272 l

315 2323 532 2410 possedimus,
547 2343 621 2390 oum
635 2324 711 2392 Dux
721 2323 842 2392 luimus
857 2326 943 2394 ultra
967 2325 1123 2412 Draram,
1143 2333 1253 2410 proter
1267 2345 1329 2392 sex
1344 2345 1439 2410 gene·
1542 2347 1543 2350 ¹

317 2433 474 2500 rationes.
486 2429 646 2498 Addimus
662 2432 766 2499 eniam
782 2432 858 2501 huie
884 2431 1060 2500 donaeioni
1075 2439 1185 2500 nostre
1201 2438 1327 2499 tantam
1344 2433 1437 2501 liber·
1542 2445 1543 2520 3

316 2533 398 2605 telis
410 2537 663 2635 prerogativam,
691 2538 780 2622 quod
796 2539 908 2607 nullus
924 2541 1045 2627 Banus,
1064 2540 1176 2606 nullus
1193 2539 1300 2608 ludex
1313 2540 1366 2608 vel
1383 2541 1441 2608 ali-

311 2644 388 2729 quis
413 2643 500 2714 alius
524 2663 624 2730 supra
651 2645 772 2713 dietum
797 2647 1031 2715 llonssterium
1057 2645 1245 2733 deseendat,
1271 2647 1326 2714 vel
1342 2665 1440 2732 super
1542 2675 1543 2718 l

316 2750 475 2838 populum
490 2753 560 2819 eius
576 2759 682 2837 preter
705 2754 825 2821 bonam
850 2753 1051 2822 voluntatem
1068 2753 1218 2836 Abbatis,
1233 2751 1287 2819 vel
1303 2753 1442 2822 eundem

317 2857 471 2945 populum
486 2857 605 2927 audeat
628 2857 774 2927 iudicare
799 2861 851 2928 vel
866 2860 899 2927 in
926 2859 1081 2928 iudioium
1097 2858 1226 2928 trahere
1242 2869 1320 2927 ante
1335 2859 1441 2928 ouius·
1542 2861 1543 2902 l

316 2965 397 3032 libet
411 2985 584 3051 porsonam
600 2973 707 3052 preter
722 2987 896 3052 personam
908 2967 1018 3052 Regis.
1030 2967 1211 3034 statuimus
1226 2966 1341 3052 seiam,
1360 2965 1446 3052 quod
1542 3003 1543 3024 ι

316 3074 433 3142 (lomes
450 3073 601 3158 Cerialis,
618 3091 714 3157 quem
730 3074 843 3140 Abbae
860 3073 1076 3159 constituerit,
1094 3071 1234 3142 eandem
1252 3079 1446 3159 potestatem
1542 3089 1543 3134 l

315 3181 438 3248 habeat
453 3181 487 3247 in
503 3179 691 3248 exeroendis
706 3177 846 3266 indioiis,
866 3201 962 3265 quam
972 3179 1086 3249 habuit
1096 3179 1212 3247 (lomes
1222 3184 1342 3262 noster,
1364 3177 1441 3247 dum
1542 3185 1543 3218 l

317 3287 467 3358 eumdem
482 3287 641 3354 tenuimus
666 3286 873 3355 Comitatunu
898 3286 1054 3371 Hospites
1079 3291 1188 3354 autom
1214 3293 1246 3352 et
1261 3293 1446 3354 castrenses
1542 3297 1543 3354 l

318 3393 466 3463 eiusdem
501 3392 682 3461 Comitatus
708 3391 841 3460 solvant
866 3393 1065 3461 Monasterio
1090 3393 1224 3478 'l'oplioe
1248 3393 1371 3476 singuli
1408 3392 1447 3458 de

318 3498 461 3584 singulis
476 3497 702 3568 mansionibus
718 3501 888 3567 annuatim
915 3498 1110 3565 marturinae
1135 3499 1219 3565 sient
1233 3498 1329 3566 nobis
1346 3499 1449 3568 solve·
1542 3481 1543 3540 l

321 3608 410 3687 bant,
420 3613 453 3674 et
462 3608 613 3673 eubulum
625 3627 723 3675 unum
733 3605 896 3692 frumenti,
908 3611 940 3673 et
951 3605 1051 3672 alium
1067 3624 1182 3691 avene,
1192 3605 1286 3672 ouius
1296 3623 1450 3673 mensura

320 3711 381 3778 erit
406 3718 541 3794 quatuor
566 3730 797 3798 pugnorum,a
822 3710 905 3780 festo
930 3709 1110 3796 Myohaelis
1137 3730 1242 3794 usqne
1257 3709 1301 3776 ad
1326 3709 1449 3778 festum

322 3815 476 3884 Omnium
502 3813 711 3902 Sanotorum3
729 3825 761 3884 et
778 3818 892 3886 eodem
909 3826 1055 3903 tempore
1070 3816 1248 3884 marturine
1273 3815 1451 3884 solvantur.

322 3924 438 3991 (letare
454 3943 567 3992 omnes
594 3932 718 3992 eeteras
735 3923 985 3993 eonsuetudines
1002 3930 1253 4009 prosequuntur.
1270 3923 1406 4008 bostue,
1421 3930 1452 3988 et

323 4030 420 4098 Petro
445 4031 511 4100 tilio
536 4031 671 4116 llurthe,
693 4031 843 4116 quoniam
872 4031 993 4098 Abbati
1019 4028 1208 4098 'l'heobaldo
1234 4035 1267 4095 et
1282 4029 1453 4114 predeces-

322 4137 450 4206 soribus
460 4139 529 4207 suis
540 4145 572 4206 et
582 4138 749 4208 Eeoelesie
764 4138 904 4208 fideliter
919 4135 1111 4223 servierunt,
1127 4134 1170 4202 ad
1185 4153 1297 4221 preses
1312 4135 1453 4202 Abbatis

324 4245 405 4331 ipsis
421 4253 454 4315 et
470 4245 643 4315 heredibus
670 4264 782 4312 eorum
799 4245 1019 4314 eoneessimus
1044 4243 1086 4311 de
1102 4242 1296 4330 hominibus,
1315 4263 1397 4328 quos
1413 4241 1455 4309 ad

321 4353 439 4442 predia
455 4373 518 4442 oue
543 4373 630 4424 nuno
645 4360 759 4424 tenent
784 4356 988 4437 attraxerint,
1017 4351 1153 4421 tenuium
1168 4357 1295 4436 portem
1307 4349 1455 4418 marturi-

322 4481 439 4530 earnm
454 4459 586 4531 habere.
610 4462 715 4548 Super
729 4461 792 4529 hae
809 4467 915 4530 antem
935 4456 1115 4529 donaoione
1131 4464 1245 4528 nostra
1260 4456 1322 4526 luit
1338 4455 1455 4538 Herod,
