3208 5158
820 857 894 927 385.

291 1059 420 1146 Jopyzui
435 1059 581 1146 oltrudem,
596 1061 675 1144 moly
690 1060 811 1124 namot
828 1056 995 1121 Trou-bau
1011 1081 1051 1122 aa
1077 1058 1177 1122 ottoni
1194 1054 1422 1143 ferencarcndi

292 1177 446 1232 monostor
484 1171 633 1233 rzdmdro
670 1170 955 1253 bopyomdoyozott
992 1163 1088 1231 celtes
1119 1167 1150 1231 tr
1179 1161 1272 1251 appot
1303 1161 1422 1250 dotpok

711 1273 887 1340 eladuttuk.
911 1272 1009 1340 1264.

399 1471 438 1536 ln
452 1470 514 1537 Dei
532 1470 660 1536 nomine
677 1471 792 1536 Amen.
831 1471 925 1535 Anno
941 1467 1086 1535 eiusdem
1101 1488 1123 1535 a
1137 1467 1321 1535 Natiuitato
1354 1467 1423 1533 mit·

291 1580 407 1646 lesimo
425 1579 644 1644 dueentesimo
660 1576 866 1660 sexagesimo
891 1583 1018 1660 quarto,
1050 1575 1227 1642 indictione
1258 1573 1331 1641 VII.
1367 1573 1423 1640 die

290 1684 442 1752 Mercurii
462 1685 558 1752 tertia
575 1691 713 1754 exeunte
728 1704 841 1751 meuse
857 1684 1014 1751 Octobris.
1039 1683 1201 1770 Tempore
1217 1683 1344 1750 domini
1362 1683 1430 1749 Oo·'

292 1791 437 1858 lumbari
453 1791 649 1860 venerabilis
665 1793 894 1875 Traguriensis
909 1791 1083 1877 Episcopi;
1100 1789 1203 1858 incliti
1220 1789 1281 1858 viri
1296 1789 1421 1857 domini

290 1899 430 1968 Rolandi
447 1899 582 1968 Oomitis
597 1909 629 1968 et
643 1899 742 1970 totius
759 1901 937 1969 Solanonie
951 1899 1056 1986 Bani3
1080 1905 1112 1966 et
1145 1898 1268 1966 domini
1299 1899 1422 1966 Valen-

291 2008 351 2076 tini
367 2007 408 2077 de
423 2009 562 2076 Kasariz
579 2016 611 2075 et
636 2010 723 2077 Luce
755 2010 843 2076 Petri
874 2007 1023 2076 Judieum
1056 2005 1220 2092 Tragurij.
1254 2007 1422 2075 Premiseo

291 2118 441 2205 primitus
459 2125 491 2185 et
505 2118 655 2205 apposito
671 2123 786 2186 tenore
803 2118 985 2185 litterarum
1000 2117 1206 2184 sanctissimi
1221 2115 1330 2184 Patris
1363 2115 1421 2182 do-

292 2225 371 2290 mini
388 2223 512 2290 Urbani
528 2224 650 2291 Summi
666 2223 841 2290 Pontifious
857 2241 956 2307 super
972 2223 1033 2289 bae
1057 2223 1243 2290 venditione
1268 2221 1423 2290 facienda

292 2331 468 2399 seeundum
485 2337 630 2399 tenorem
645 2331 790 2414 ipsarum
806 2329 990 2398 litterarum
1006 2352 1027 2398 a
1042 2331 1146 2399 Nobis
1162 2330 1263 2398 fratre
1289 2325 1424 2397 Oolum·

291 2439 376 2505 bano
392 2439 554 2526 Episcopo
571 2439 785 2524 {traguriensi
801 2438 842 2506 de
858 2440 953 2506 rebus
969 2447 1001 2506 et
1031 2439 1138 2506 vineis
1169 2460 1209 2506 ac
1240 2438 1423 2525 possessio·

291 2544 388 2614 nibus
404 2547 620 2633 infrascriptis
652 2548 805 2615 bonorum
837 2547 1000 2631 quondam
1032 2545 1121 2615 Dese
1150 2548 1257 2636 Luce;
1279 2567 1421 2633 quarum

291 2653 471 2721 litterarum
487 2664 581 2723 tenor
597 2655 624 2722 is
640 2661 708 2721 est:

399 2763 550 2830 Urbanus
567 2761 746 2850 Episcopus
763 2781 876 2829 seruus
892 2782 1059 2830 seruorum
1076 2763 1138 2830 Dei
1155 2764 1336 2830 venerabili
1353 2761 1421 2830 fra-

290 2869 332 2938 tri
349 2921 356 2936 .
375 2920 382 2933 .
401 2919 408 2934 .
426 2871 588 2957 Episcopo
605 2871 818 2955 Traguriensi
835 2871 974 2938 salutem
991 2877 1023 2937 et
1038 2870 1263 2956 Apostolioam
1290 2869 1422 2938 benedi-

291 2979 440 3045 ctionem.
465 2979 533 3044 Sua
548 2976 642 3044 nobis
659 2975 771 3042 dilecti
787 2977 847 3061 filij
865 2975 1074 3046 Guardianus
1091 2983 1123 3044 et
1139 2976 1256 3045 iratres
1288 2978 1330 3045 de
1362 2977 1424 3044 Or-

291 3085 366 3151 dine
389 3083 549 3150 Minorum
574 3083 810 3168 Traguriensss
837 3084 993 3169 petitione
1024 3090 1299 3172 monstrauerunt,
1333 3087 1423 3169 quod

291 3191 448 3276 quondam
468 3192 557 3257 Desa
573 3191 660 3258 Luoe
677 3190 760 3257 uiuis
776 3191 1019 3276 Traguriensis‚
1053 3199 1185 3258 terrena
1201 3214 1260 3279 pro
1293 3193 1422 3261 celesti-

291 3300 350 3365 bus
367 3297 499 3383 cupiens
515 3295 653 3364 feliciter
669 3303 878 3384 commutare,
897 3297 994 3366 dictis
1006 3299 1197 3366 Guardiano
1208 3303 1424 3388 etfratribus,

291 3425 370 3490 quos
386 3407 420 3471 iu
438 3405 635 3490 necessarijs
651 3424 805 3488 magnum
822 3393 1044 3474 considerauit
1058 3411 1220 3475 sustinere
1246 3409 1424 3500 deiectum,

187 3507 190 3514 “
292 3523 404 3593 terrae,
419 3512 645 3594 possessiones
663 3517 694 3576 et
710 3511 820 3576 omnia
835 3513 922 3578 boua
949 3533 1009 3580 sua
1040 3517 1073 3580 in
1104 3515 1222 3583 ultima
1252 3519 1426 3586 voluntate

291 3619 434 3702 legauit3
459 3624 491 3684 et
506 3619 585 3700 quia
600 3618 717 3686 iratres
732 3619 837 3704 ipsius
854 3619 985 3686 Ordinis
1012 3622 1054 3688 de
1085 3625 1348 3708 possessionibus
1385 3647 1424 3694 se

291 3726 475 3791 nullatenus
491 3723 716 3811 intromittunt,
733 3747 793 3794 neo
809 3729 857 3824 eis
874 3727 951 3794 licet
959 3730 1182 3814 possessiones
1193 3731 1325 3821 habere,
1342 3753 1425 3817 qua-

292 3833 362 3894 tuor
378 3839 605 3915 procuratores
621 3833 797 3921 constituit,
826 3837 881 3918 qui
899 3844 1002 3904 terras
1019 3845 1052 3904 et
1069 3839 1296 3923 possessiones
1312 3841 1426 3910 buius·

292 3935 378 4000 modi
395 3948 616 4025 procurarent,
631 3946 663 4006 et
678 3939 823 4008 redditus
840 3949 873 4007 et
887 3951 1064 4028 prouentus
1081 3967 1194 4014 eorum
1220 3951 1254 4015 in
1282 3953 1427 4018 necessi-

291 4045 375 4107 tates
392 4041 569 4111 Ouardiani
587 4053 618 4112 et
634 4047 769 4114 fratrum
786 4057 1015 4118 conuerterent
1042 4054 1237 4136 eorundem
1260 4057 1310 4124 ita
1335 4059 1427 4142 quod

291 4144 473 4214 reddituum
490 4159 522 4217 et
536 4161 748 4237 prouentuum
766 4157 987 4240 predictorum
1000 4159 1179 4247 residuum,
1195 4163 1223 4229 si
1235 4163 1316 4248 quid
1327 4177 1426 4256 esset,

292 4253 382 4316 iuxta
398 4257 567 4322 consitium
583 4261 799 4332 Prouincialis
815 4265 957 4335 Ministri
973 4277 1005 4335 et
1021 4271 1160 4338 aliorum
1171 4269 1310 4338 fratrum
1319 4273 1427 4359 ipsius

293 4355 424 4423 Ordinis
441 4361 481 4426 de
499 4365 645 4446 partibus
676 4369 743 4438 illis
775 4373 946 4442 studerent
978 4378 1056 4462 alijs
1088 4378 1244 4447 fratribus
1279 4383 1425 4450 eiusdem

296 4457 425 4528 Ordinis
442 4465 520 4533 alibi
536 4478 808 4548 commorantibus
825 4482 992 4568 impertiri.
1009 4483 1120 4562 Quare
1137 4509 1196 4574 pro
1213 4497 1308 4574 parte
1323 4491 1427 4561 dioto·
