3150 5162
324 912 439 974 Islvo'u
454 909 628 975 sclavonici
643 909 774 972 bannale
789 908 938 992 bizoayos
947 904 1164 990 foldbirtokot
1181 920 1336 1001 tu'rqyozo'
1357 920 1450 986 ilc'lele·

372 1041 394 1080 a
410 1015 649 1100 leosplomvreod
666 1020 697 1079 e'a
714 1013 781 1080 lo'bb
797 1019 896 1103 Kupo
914 1017 1041 1080 mellctti
1055 1019 1196 1086 ba'ctokos
1211 1023 1292 1088 coza.
1315 1024 1405 1092 1253.

435 1211 503 1277 Nos
518 1208 704 1295 Stephanus
720 1211 831 1276 Banus
856 1211 960 1277 tocius
986 1211 1163 1280 Solanonie
1195 1223 1227 1282 et
1260 1217 1443 1304 Capitonem

331 1316 431 1385 Stiria
446 1317 664 1402 significamus
680 1324 792 1384 tenore
808 1317 1010 1400 presencium
1036 1319 1210 1407 vnireersis,
1244 1327 1331 1408 quod
1355 1347 1441 1411 quum

328 1425 414 1492 inter
429 1426 565 1492 fratrem
582 1423 766 1490 Yordanem
782 1423 954 1491 Domorum
971 1424 1091 1491 Milicie
1108 1427 1238 1512 Templi
1263 1452 1321 1515 per
1345 1435 1441 1520 Vnga·

326 1531 411 1598 riam
428 1537 461 1598 et
477 1531 685 1597 Solanoniam
702 1530 894 1614 Magistrum
911 1551 950 1596 ex
966 1551 1031 1597 una
1063 1539 1176 1617 parte;
1202 1543 1234 1602 et
1259 1538 1363 1622 Wolk,
1385 1543 1441 1609 Ko-

325 1658 394 1724 yan
411 1639 494 1705 lilios
510 1637 655 1720 Zibislai‚
675 1636 878 1723 Gregorium,
894 1637 1040 1722 Abranls,
1074 1641 1210 1706 Mortem
1228 1643 1312 1710 lilios
1329 1648 1438 1713 Weleu·

323 1745 381 1832 lai,
397 1753 429 1812 et
444 1745 542 1811 Wolk
558 1746 657 1810 lilium
671 1745 845 1828 Budnrum,
863 1745 1005 1826 Saulem,
1022 1745 1221 1814 Vollmerum
1233 1752 1438 1821 etVolkatam
1554 1741 1555 1832 l

323 1853 409 1920 lilios
427 1851 608 1918 Chudnzlai
624 1872 663 1918 ex
680 1851 802 1934 allera;
828 1871 923 1936 super
938 1858 1028 1918 terra
1044 1873 1106 1937 qne
1132 1855 1217 1922 iacet
1249 1859 1334 1925 vltra
1363 1861 1436 1947 Orp-

321 1980 412 2048 pam,
429 1969 461 2028 et
477 1960 579 2026 eciam
596 1967 689 2026 extra
703 1961 809 2044 ipsam
825 1978 944 2042 aquam
960 1958 1049 2044 (lupe
1065 1968 1192 2045 aperte
1204 1963 1373 2050 Zagrabie,
1384 1972 1438 2036 snb

323 2070 392 2136 illis
408 2069 502 2135 metis
519 2075 551 2134 et
576 2067 701 2150 diuisis,
733 2087 794 2150 qne
819 2067 853 2131 in
884 2067 1001 2133 litteris
1033 2067 1174 2152 Capituli
1208 2069 1438 2162 Zagrabiensis‚

327 2178 438 2261 sigillo
453 2175 555 2261 ipsius
572 2174 711 2260 Capituli
727 2181 759 2239 et
774 2173 879 2257 sigillo
896 2173 1057 2240 Gnidonis
1072 2173 1212 2243 Abbatis
1228 2181 1387 2260 quondam
1401 2180 1440 2248 de

319 2285 467 2370 Toplica,
484 2303 544 2350 nec
561 2301 624 2347 non
641 2289 672 2346 et
688 2281 797 2364 sigillo
813 2281 942 2346 Nemori
969 2280 1102 2346 Comitis
1133 2283 1296 2366 quondam
1327 2290 1440 2373 Zagru-

319 2391 443 2458 biensis
459 2389 625 2475 sigillatis,
640 2387 816 2454 seeundum
829 2387 918 2470 ¹quod
935 2395 1045 2472 partes
1062 2391 1210 2456 concordi
1228 2413 1306 2460 voue
1331 2396 1439 2463 retule-

321 2505 408 2582 runt,
425 2497 555 2584 plenius
571 2495 787 2581 continentur,
805 2501 837 2560 et
853 2494 955 2560 eciam
971 2513 1068 2580 super
1100 2501 1186 2563 terra
1218 2519 1280 2581 que
1312 2511 1441 2570 vocator

321 2605 430 2690 Noalr,
447 2603 574 2688 questio
592 2601 708 2669 fuisset
722 2601 849 2668 diucius
864 2601 1034 2670 ventillata
1050 2627 1058 2668 :
1077 2603 1208 2671 tandem
1227 2607 1325 2674 Wolk
1342 2621 1372 2678 et
1394 2630 1441 2678 ee-

320 2711 383 2776 teri
400 2707 512 2777 om'nes
528 2711 699 2798 prenotati,
717 2717 985 2792 recognoscentes
1002 2727 1037 2776 se
1054 2719 1166 2778 contra
1193 2712 1382 2798 Magistrum
1411 2727 1441 2785 et

320 2821 461 2886 Domum
477 2818 606 2903 Templi
621 2817 774 2883 iniustam
790 2819 934 2884 monisse
950 2819 1177 2906 suspicionem,
1204 2821 1308 2888 dictas
1339 2831 1439 2894 terras

320 2926 382 2994 sub
399 2927 493 2994 melis
509 2935 540 2993 et
557 2926 672 2992 diuisis
690 2925 844 3010 preteetis
862 2925 979 2991 Domui
995 2925 1121 3010 Templi
1146 2927 1347 3012 reliquerunt
1376 2935 1440 3004 inre
1553 3001 1554 3006 ,

317 3039 471 3119 perpetuo
488 3031 622 3116 pacilioe
638 3031 863 3116 possidendas.
902 3031 953 3097 Ila
969 3032 1056 3113 quod
1073 3053 1133 3098 neo
1150 3032 1223 3120 ipsi,
1255 3057 1316 3105 neo
1332 3059 1440 3108 eorum
1553 3067 1554 3074 κ

320 3139 459 3207 lrercdcs
476 3138 694 3222 heredumque
710 3157 912 3206 successores
937 3138 1106 3220 repetendi
1140 3147 1243 3208 terras
1276 3147 1449 3227 predictas-
1553 3229 1554 3242 χ

318 3249 372 3314 vel
388 3247 530 3331 aliquam
548 3253 674 3332 partem
691 3245 733 3313 de
749 3246 870 3312 eisdem
887 3245 1045 3310 haberent
1060 3245 1102 3310 de
1117 3254 1224 3314 eetero
1236 3250 1441 3344 tenultatem
1553 3261 1554 3328 l

313 3356 467 3422 omnibus
484 3355 585 3422 eciam
603 3355 679 3439 aliJs
696 3353 919 3436 questionibus
935 3373 993 3419 seu
1018 3352 1128 3420 litibus
1160 3353 1316 3426 hactenns
1348 3367 1440 3432 motis
1553 3381 1554 3440 l

320 3472 379 3530 aut
395 3465 561 3532 suscitatis
579 3471 689 3530 contra
705 3464 894 3547 Magistrum
912 3461 1038 3547 Templi
1054 3481 1111 3545 per
1138 3464 1268 3531 eosdem
1301 3487 1441 3550 quacun-

316 3559 380 3655 que
397 3571 437 3635 de
454 3591 555 3638 eausa
570 3571 665 3637 finem
683 3578 871 3656 perpetuum
889 3577 921 3634 et
952 3569 1121 3636 silencium
1152 3579 1295 3639 eternum
1328 3598 1442 3661 posue-

315 3691 400 3744 runt.
441 3678 483 3744 Vt
500 3679 596 3762 igilur
611 3679 657 3743 rei
674 3679 769 3744 huius
785 3675 886 3743 series
904 3677 1000 3742 robur
1015 3677 1161 3743 obtineat
1176 3689 1332 3764 perpetue
1348 3685 1441 3753 firmi-

313 3787 401 3874 tatis,
419 3793 450 3852 et
465 3787 553 3852 nullo
570 3805 709 3870 unquam
726 3793 871 3870 tempore
887 3785 989 3868 possit
1014 3784 1067 3850 vel
1094 3784 1210 3852 debeat
1242 3807 1299 3874 per
1332 3811 1442 3872 quem·

315 3893 405 3979 piam
421 3894 453 3957 in
471 3894 593 3959 irritum
610 3891 777 3976 reuoea1·i;
803 3890 845 3958 ad
861 3889 1054 3958 instanciam
1073 3891 1182 3976 Wolk,
1216 3894 1377 3986 Gregorij‚
1409 3909 1442 3968 et

312 4004 459 4069 omnium
475 4008 690 4088 prelaclorum
707 4001 826 4065 Domui
842 3997 970 4083 Templi
987 3997 1120 4083 predicti
1137 4001 1329 4069 contulimus
1358 4005 1442 4074 litte-

311 4129 368 4178 ras
386 4108 612 4194 priuilegiales
629 4107 732 4191 sigilli
759 4108 862 4172 nostri
893 4103 1070 4172 munimine
1100 4108 1276 4174 roboratas.
1318 4109 1443 4180 Datum

314 4215 476 4300 Zagrabie
492 4235 577 4283 anno
594 4215 636 4280 ab
652 4215 881 4280 Inoarnacione
897 4213 1028 4280 Domini
1044 4213 1206 4280 M⁰CO⁰L⁰
1222 4221 1347 4284 octauo.

309 4365 453 4428 (Eredstie
470 4363 652 4427 berhartyan,
672 4377 689 4412 a
708 4363 795 4427 fliggtl
814 4361 909 4424 pecset
928 4363 1080 4425 elveszett;
1100 4376 1116 4412 a
1133 4361 1219 4412 budai
1237 4361 1291 4412 kir.
1311 4363 1446 4418 kamarai

308 4453 497 4506 levoltaroan.
526 4453 582 4503 Sok
601 4451 716 4502 hibevsl
736 4452 839 4501 kiadva
857 4452 986 4516 Pejerne'l
1007 4453 1073 4503 eod.
1093 4452 1165 4515 Dipl.
1186 4453 1233 4503 IV.
1254 4453 1314 4504 not.
1336 4460 1361 4506 2.
1382 4458 1447 4508 νόει

795 4545 855 4590 llo.
875 4543 942 4605 lap.)

742 4703 1007 4712 --——.-———
