<?xml version="1.0" encoding="UTF-8"?>
<!DOCTYPE html PUBLIC "-//W3C//DTD XHTML 1.0 Transitional//EN"
    "http://www.w3.org/TR/xhtml1/DTD/xhtml1-transitional.dtd">
<html xmlns="http://www.w3.org/1999/xhtml" xml:lang="en" lang="en">
 <head>
  <title>
</title>
<meta http-equiv="Content-Type" content="text/html;charset=utf-8" />
  <meta name='ocr-system' content='tesseract 3.04.00' />
  <meta name='ocr-capabilities' content='ocr_page ocr_carea ocr_par ocr_line ocrx_word'/>
</head>
<body>
  <div class='ocr_page' id='page_1' title='image "./codexdiplomatic10wenzgoog_0613.png"; bbox 0 0 3208 5158; ppageno 0'>
   <div class='ocr_carea' id='block_1_1' title="bbox 821 327 982 434">
    <p class='ocr_par' dir='ltr' id='par_1_1' title="bbox 821 327 982 434">
     <span class='ocr_line' id='line_1_1' title="bbox 821 327 982 434; baseline 0 -41"><span class='ocrx_word' id='word_1_1' title='bbox 821 327 982 434; x_wconf 49' lang='lat' dir='ltr'>Q</span> 
     </span>
    </p>
   </div>
   <div class='ocr_carea' id='block_1_2' title="bbox 339 523 1473 724">
    <p class='ocr_par' dir='ltr' id='par_1_2' title="bbox 339 523 1473 724">
     <span class='ocr_line' id='line_1_2' title="bbox 339 523 1473 613; baseline 0.004 -21"><span class='ocrx_word' id='word_1_2' title='bbox 339 525 487 613; x_wconf 83' lang='lat' dir='ltr'><strong>proximu</strong></span> <span class='ocrx_word' id='word_1_3' title='bbox 502 525 890 596; x_wconf 83' lang='lat' dir='ltr'><strong>annoablncarnaoionu</strong></span> <span class='ocrx_word' id='word_1_4' title='bbox 905 523 1038 595; x_wconf 85' lang='lat' dir='ltr'>Domini</span> <span class='ocrx_word' id='word_1_5' title='bbox 1053 525 1228 596; x_wconf 82' lang='lat' dir='ltr'><strong>millesimo</strong></span> <span class='ocrx_word' id='word_1_6' title='bbox 1244 523 1473 597; x_wconf 83' lang='lat' dir='ltr'><strong>ducentesimo</strong></span> 
     </span>
     <span class='ocr_line' id='line_1_3' title="bbox 339 635 705 724; baseline -0.008 -19"><span class='ocrx_word' id='word_1_7' title='bbox 339 635 542 723; x_wconf 80' lang='lat' dir='ltr'><strong>sexagesimo</strong></span> <span class='ocrx_word' id='word_1_8' title='bbox 558 635 705 724; x_wconf 90' lang='lat' dir='ltr'><strong>septimo.</strong></span> 
     </span>
    </p>
   </div>
   <div class='ocr_carea' id='block_1_3' title="bbox 414 831 1386 904">
    <p class='ocr_par' dir='ltr' id='par_1_3' title="bbox 414 831 1386 904">
     <span class='ocr_line' id='line_1_4' title="bbox 414 831 1386 904; baseline 0 -14"><span class='ocrx_word' id='word_1_9' title='bbox 414 835 577 902; x_wconf 74' lang='lat' dir='ltr'><strong>(Thalosics,</strong></span> <span class='ocrx_word' id='word_1_10' title='bbox 595 836 719 892; x_wconf 77' lang='lat' dir='ltr'><strong>Monam.</strong></span> <span class='ocrx_word' id='word_1_11' title='bbox 739 831 806 887; x_wconf 83' lang='lat' dir='ltr'><strong>hist.</strong></span> <span class='ocrx_word' id='word_1_12' title='bbox 824 835 915 902; x_wconf 77' lang='lat' dir='ltr'><strong>Epiro.</strong></span> <span class='ocrx_word' id='word_1_13' title='bbox 936 835 1131 903; x_wconf 76' lang='lat' dir='ltr'><strong>Zagrabicnsis</strong></span> <span class='ocrx_word' id='word_1_14' title='bbox 1150 837 1171 888; x_wconf 92' lang='lat'><strong>1.</strong></span> <span class='ocrx_word' id='word_1_15' title='bbox 1192 837 1251 890; x_wconf 60' lang='lat' dir='ltr'><strong>ludit</strong></span> <span class='ocrx_word' id='word_1_16' title='bbox 1274 841 1335 890; x_wconf 78' lang='grc'><strong>136.</strong></span> <span class='ocrx_word' id='word_1_17' title='bbox 1354 837 1386 904; x_wconf 87' lang='lat' dir='ltr'><strong>l.)</strong></span> 
     </span>
    </p>
   </div>
   <div class='ocr_carea' id='block_1_4' title="bbox 772 1123 1039 1142">
    <p class='ocr_par' dir='ltr' id='par_1_4' title="bbox 772 1123 1039 1142">
     <span class='ocr_line' id='line_1_5' title="bbox 772 1123 1039 1142; baseline -0.007 0"><span class='ocrx_word' id='word_1_18' title='bbox 772 1123 1039 1142; x_wconf 63' lang='lat' dir='ltr'><strong>u-n-a-——n-u--n-</strong></span> 
     </span>
    </p>
   </div>
   <div class='ocr_carea' id='block_1_5' title="bbox 870 1675 946 1745">
    <p class='ocr_par' dir='ltr' id='par_1_5' title="bbox 870 1675 946 1745">
     <span class='ocr_line' id='line_1_6' title="bbox 870 1675 946 1745; baseline -0.013 0"><span class='ocrx_word' id='word_1_19' title='bbox 870 1675 946 1745; x_wconf 85' lang='lat'>410.</span> 
     </span>
    </p>
   </div>
   <div class='ocr_carea' id='block_1_6' title="bbox 342 1871 1476 2075">
    <p class='ocr_par' dir='ltr' id='par_1_6' title="bbox 342 1871 1476 2075">
     <span class='ocr_line' id='line_1_7' title="bbox 342 1871 1476 1964; baseline 0.004 -28"><span class='ocrx_word' id='word_1_20' title='bbox 342 1871 396 1938; x_wconf 86' lang='lat' dir='ltr'><strong>IV.</strong></span> <span class='ocrx_word' id='word_1_21' title='bbox 413 1873 496 1939; x_wconf 79' lang='lat' dir='ltr'><strong>Bdlo</strong></span> <span class='ocrx_word' id='word_1_22' title='bbox 513 1873 693 1962; x_wconf 80' lang='lat' dir='ltr'><strong>kir·dlyaalc</strong></span> <span class='ocrx_word' id='word_1_23' title='bbox 708 1899 730 1940; x_wconf 87' lang='lat' dir='ltr'><strong>a</strong></span> <span class='ocrx_word' id='word_1_24' title='bbox 746 1877 952 1964; x_wconf 77' lang='lat' dir='ltr'><strong>saolpopydr·i</strong></span> <span class='ocrx_word' id='word_1_25' title='bbox 967 1877 1087 1942; x_wconf 76' lang='lat' dir='ltr'><strong>vdrlsoz</strong></span> <span class='ocrx_word' id='word_1_26' title='bbox 1111 1875 1236 1941; x_wconf 80' lang='lat' dir='ltr'><strong>tarload</strong></span> <span class='ocrx_word' id='word_1_27' title='bbox 1262 1875 1364 1940; x_wconf 78' lang='lat' dir='ltr'><strong>Roda</strong></span> <span class='ocrx_word' id='word_1_28' title='bbox 1387 1883 1476 1941; x_wconf 75' lang='lat' dir='ltr'><strong>necti</strong></span> 
     </span>
     <span class='ocr_line' id='line_1_8' title="bbox 379 1980 1426 2075; baseline 0 -28"><span class='ocrx_word' id='word_1_29' title='bbox 379 1980 491 2069; x_wconf 79' lang='lat' dir='ltr'><strong>fo&#39;lolet</strong></span> <span class='ocrx_word' id='word_1_30' title='bbox 507 1987 663 2075; x_wconf 76' lang='lat' dir='ltr'><strong>tcirpyoad</strong></span> <span class='ocrx_word' id='word_1_31' title='bbox 677 1985 865 2073; x_wconf 78' lang='lat' dir='ltr'><strong>adomoupa</strong></span> <span class='ocrx_word' id='word_1_32' title='bbox 881 1985 1053 2054; x_wconf 60' lang='lat' dir='ltr'><strong>marcono</strong></span> <span class='ocrx_word' id='word_1_33' title='bbox 1062 1985 1129 2072; x_wconf 81' lang='lat' dir='ltr'><strong>fiai</strong></span> <span class='ocrx_word' id='word_1_34' title='bbox 1143 1988 1302 2052; x_wconf 76' lang='lat' dir='ltr'><strong>sacimdra.</strong></span> <span class='ocrx_word' id='word_1_35' title='bbox 1327 1983 1426 2050; x_wconf 88' lang='grc'><em>1268.</em></span> 
     </span>
    </p>
   </div>
   <div class='ocr_carea' id='block_1_7' title="bbox 454 2177 1600 2274">
    <p class='ocr_par' dir='ltr' id='par_1_7' title="bbox 454 2177 1600 2274">
     <span class='ocr_line' id='line_1_9' title="bbox 454 2177 1600 2274; baseline 0.003 -28"><span class='ocrx_word' id='word_1_36' title='bbox 454 2177 565 2269; x_wconf 75' lang='lat' dir='ltr'><strong>(B)ela</strong></span> <span class='ocrx_word' id='word_1_37' title='bbox 579 2182 641 2250; x_wconf 91' lang='lat' dir='ltr'><strong>Dei</strong></span> <span class='ocrx_word' id='word_1_38' title='bbox 658 2181 770 2267; x_wconf 83' lang='lat' dir='ltr'><strong>grauia</strong></span> <span class='ocrx_word' id='word_1_39' title='bbox 785 2181 965 2267; x_wconf 84' lang='lat' dir='ltr'><strong>Hnugarie,</strong></span> <span class='ocrx_word' id='word_1_40' title='bbox 982 2181 1161 2266; x_wconf 87' lang='lat' dir='ltr'><strong>Dalmacic,</strong></span> <span class='ocrx_word' id='word_1_41' title='bbox 1179 2181 1325 2270; x_wconf 83' lang='lat' dir='ltr'><strong>Groaoia,</strong></span> <span class='ocrx_word' id='word_1_42' title='bbox 1357 2183 1475 2265; x_wconf 59' lang='lat' dir='ltr'><strong>Rama</strong></span> <span class='ocrx_word' id='word_1_43' title='bbox 1599 2235 1600 2274; x_wconf 35' lang='lat' dir='ltr'><strong>p</strong></span> 
     </span>
    </p>
   </div>
   <div class='ocr_carea' id='block_1_8' title="bbox 344 2287 1472 2699">
    <p class='ocr_par' dir='ltr' id='par_1_8' title="bbox 344 2287 1472 2699">
     <span class='ocr_line' id='line_1_10' title="bbox 344 2287 1471 2378; baseline 0 -24"><span class='ocrx_word' id='word_1_44' title='bbox 344 2287 469 2378; x_wconf 83' lang='lat' dir='ltr'><strong>Seruio,</strong></span> <span class='ocrx_word' id='word_1_45' title='bbox 487 2287 636 2375; x_wconf 82' lang='lat' dir='ltr'><strong>Gallicie,</strong></span> <span class='ocrx_word' id='word_1_46' title='bbox 652 2288 842 2356; x_wconf 87' lang='lat' dir='ltr'><strong>Lodomerie</strong></span> <span class='ocrx_word' id='word_1_47' title='bbox 873 2288 1093 2372; x_wconf 66' lang='lat' dir='ltr'><strong>(inmaniaque</strong></span> <span class='ocrx_word' id='word_1_48' title='bbox 1122 2289 1193 2356; x_wconf 83' lang='lat' dir='ltr'><strong>Rex</strong></span> <span class='ocrx_word' id='word_1_49' title='bbox 1222 2288 1372 2356; x_wconf 88' lang='lat' dir='ltr'><strong>omuibus</strong></span> <span class='ocrx_word' id='word_1_50' title='bbox 1402 2295 1471 2356; x_wconf 89' lang='lat' dir='ltr'><strong>tam</strong></span> 
     </span>
     <span class='ocr_line' id='line_1_11' title="bbox 345 2395 1472 2482; baseline 0.002 -20"><span class='ocrx_word' id='word_1_51' title='bbox 345 2395 548 2482; x_wconf 78' lang='lat' dir='ltr'>presentibus</span> <span class='ocrx_word' id='word_1_52' title='bbox 565 2416 664 2482; x_wconf 87' lang='lat' dir='ltr'><strong>quam</strong></span> <span class='ocrx_word' id='word_1_53' title='bbox 678 2396 794 2464; x_wconf 87' lang='lat' dir='ltr'><strong>suturis</strong></span> <span class='ocrx_word' id='word_1_54' title='bbox 809 2395 947 2465; x_wconf 84' lang='lat' dir='ltr'><strong>salutem</strong></span> <span class='ocrx_word' id='word_1_55' title='bbox 963 2397 998 2464; x_wconf 90' lang='lat' dir='ltr'><strong>in</strong></span> <span class='ocrx_word' id='word_1_56' title='bbox 1013 2396 1162 2465; x_wconf 88' lang='lat' dir='ltr'><strong>Domino.</strong></span> <span class='ocrx_word' id='word_1_57' title='bbox 1179 2395 1231 2463; x_wconf 86' lang='lat' dir='ltr'><strong>Ad</strong></span> <span class='ocrx_word' id='word_1_58' title='bbox 1245 2398 1472 2466; x_wconf 83' lang='lat' dir='ltr'><strong>uniuersorum</strong></span> 
     </span>
     <span class='ocr_line' id='line_1_12' title="bbox 345 2503 1472 2592; baseline 0.004 -22"><span class='ocrx_word' id='word_1_59' title='bbox 345 2503 498 2572; x_wconf 83' lang='lat' dir='ltr'><strong>noticiam</strong></span> <span class='ocrx_word' id='word_1_60' title='bbox 513 2511 623 2573; x_wconf 85' lang='lat' dir='ltr'><strong>tenore</strong></span> <span class='ocrx_word' id='word_1_61' title='bbox 638 2505 841 2592; x_wconf 86' lang='lat' dir='ltr'><strong>presencium</strong></span> <span class='ocrx_word' id='word_1_62' title='bbox 856 2507 1003 2574; x_wconf 83' lang='lat' dir='ltr'><strong>uolumus</strong></span> <span class='ocrx_word' id='word_1_63' title='bbox 1019 2503 1202 2591; x_wconf 91' lang='lat' dir='ltr'><strong>peruenire,</strong></span> <span class='ocrx_word' id='word_1_64' title='bbox 1235 2505 1323 2590; x_wconf 89' lang='lat' dir='ltr'><strong>quod</strong></span> <span class='ocrx_word' id='word_1_65' title='bbox 1353 2504 1472 2575; x_wconf 83' lang='lat' dir='ltr'><strong>Gordos</strong></span> 
     </span>
     <span class='ocr_line' id='line_1_13' title="bbox 345 2610 1471 2699; baseline 0.002 -21"><span class='ocrx_word' id='word_1_66' title='bbox 345 2610 486 2699; x_wconf 84' lang='lat' dir='ltr'><strong>Zochyd,</strong></span> <span class='ocrx_word' id='word_1_67' title='bbox 503 2611 629 2682; x_wconf 86' lang='lat' dir='ltr'><strong>Serelel</strong></span> <span class='ocrx_word' id='word_1_68' title='bbox 647 2619 680 2682; x_wconf 88' lang='lat' dir='ltr'><strong>et</strong></span> <span class='ocrx_word' id='word_1_69' title='bbox 694 2613 879 2697; x_wconf 81' lang='lat' dir='ltr'><strong>Ladirlaus,</strong></span> <span class='ocrx_word' id='word_1_70' title='bbox 895 2633 933 2678; x_wconf 90' lang='lat' dir='ltr'><strong>ac</strong></span> <span class='ocrx_word' id='word_1_71' title='bbox 949 2611 1147 2699; x_wconf 84' lang='lat' dir='ltr'><strong>Desiderius,</strong></span> <span class='ocrx_word' id='word_1_72' title='bbox 1159 2611 1270 2682; x_wconf 87' lang='lat' dir='ltr'><strong>fideles</strong></span> <span class='ocrx_word' id='word_1_73' title='bbox 1284 2613 1397 2698; x_wconf 86' lang='lat' dir='ltr'><strong>nostri,</strong></span> <span class='ocrx_word' id='word_1_74' title='bbox 1411 2612 1471 2699; x_wconf 87' lang='lat' dir='ltr'><strong>filij</strong></span> 
     </span>
    </p>
   </div>
   <div class='ocr_carea' id='block_1_9' title="bbox 346 2719 1599 2807">
    <p class='ocr_par' dir='ltr' id='par_1_9' title="bbox 346 2719 1599 2807">
     <span class='ocr_line' id='line_1_14' title="bbox 346 2719 1599 2807; baseline 0 -20"><span class='ocrx_word' id='word_1_75' title='bbox 346 2719 454 2787; x_wconf 83' lang='lat' dir='ltr'><strong>Gunta</strong></span> <span class='ocrx_word' id='word_1_76' title='bbox 477 2719 521 2788; x_wconf 84' lang='lat' dir='ltr'><strong>ad</strong></span> <span class='ocrx_word' id='word_1_77' title='bbox 546 2727 687 2790; x_wconf 89' lang='lat' dir='ltr'><strong>nostram</strong></span> <span class='ocrx_word' id='word_1_78' title='bbox 719 2719 912 2790; x_wconf 84' lang='lat' dir='ltr'><strong>accedentes</strong></span> <span class='ocrx_word' id='word_1_79' title='bbox 944 2721 1150 2807; x_wconf 77' lang='lat' dir='ltr'><strong>presenciam</strong></span> <span class='ocrx_word' id='word_1_80' title='bbox 1181 2721 1276 2788; x_wconf 88' lang='lat' dir='ltr'><strong>uobis</strong></span> <span class='ocrx_word' id='word_1_81' title='bbox 1307 2720 1475 2790; x_wconf 89' lang='lat' dir='ltr'><strong>humiliter</strong></span> <span class='ocrx_word' id='word_1_82' title='bbox 1598 2745 1599 2760; x_wconf 37' lang='lat' dir='ltr'><strong>l</strong></span> 
     </span>
    </p>
   </div>
   <div class='ocr_carea' id='block_1_10' title="bbox 346 2827 1475 3131">
    <p class='ocr_par' dir='ltr' id='par_1_10' title="bbox 346 2827 1475 3131">
     <span class='ocr_line' id='line_1_15' title="bbox 347 2827 1474 2917; baseline 0.002 -22"><span class='ocrx_word' id='word_1_83' title='bbox 347 2829 583 2917; x_wconf 83' lang='lat' dir='ltr'><strong>supplicarunt,</strong></span> <span class='ocrx_word' id='word_1_84' title='bbox 599 2837 631 2897; x_wconf 90' lang='lat' dir='ltr'><strong>et</strong></span> <span class='ocrx_word' id='word_1_85' title='bbox 646 2831 882 2899; x_wconf 77' lang='lat' dir='ltr'><strong>instantissime</strong></span> <span class='ocrx_word' id='word_1_86' title='bbox 898 2851 919 2898; x_wconf 85' lang='lat' dir='ltr'><strong>a</strong></span> <span class='ocrx_word' id='word_1_87' title='bbox 934 2831 1030 2898; x_wconf 89' lang='lat' dir='ltr'><strong>nobis</strong></span> <span class='ocrx_word' id='word_1_88' title='bbox 1046 2829 1221 2915; x_wconf 84' lang='lat' dir='ltr'><strong>pecierunt,</strong></span> <span class='ocrx_word' id='word_1_89' title='bbox 1245 2836 1282 2896; x_wconf 91' lang='lat' dir='ltr'><strong>ut</strong></span> <span class='ocrx_word' id='word_1_90' title='bbox 1298 2827 1420 2896; x_wconf 88' lang='lat' dir='ltr'><strong>eisdem</strong></span> <span class='ocrx_word' id='word_1_91' title='bbox 1437 2831 1474 2897; x_wconf 88' lang='lat' dir='ltr'><strong>in</strong></span> 
     </span>
     <span class='ocr_line' id='line_1_16' title="bbox 347 2935 1475 3024; baseline 0 -20"><span class='ocrx_word' id='word_1_92' title='bbox 347 2935 488 3022; x_wconf 90' lang='lat' dir='ltr'><strong>quadam</strong></span> <span class='ocrx_word' id='word_1_93' title='bbox 503 2943 591 3008; x_wconf 82' lang='lat' dir='ltr'><strong>terra</strong></span> <span class='ocrx_word' id='word_1_94' title='bbox 607 2939 714 3007; x_wconf 85' lang='lat' dir='ltr'><strong>Castri</strong></span> <span class='ocrx_word' id='word_1_95' title='bbox 729 2937 1008 3024; x_wconf 83' lang='lat' dir='ltr'><strong>angajaurieusis</strong></span> <span class='ocrx_word' id='word_1_96' title='bbox 1035 2935 1125 3004; x_wconf 87' lang='lat' dir='ltr'><strong>Buda</strong></span> <span class='ocrx_word' id='word_1_97' title='bbox 1155 2944 1280 3023; x_wconf 65' lang='lat' dir='ltr'><strong>uocata</strong></span> <span class='ocrx_word' id='word_1_98' title='bbox 1311 2957 1373 3023; x_wconf 83' lang='lat' dir='ltr'><strong>quc</strong></span> <span class='ocrx_word' id='word_1_99' title='bbox 1403 2944 1475 3009; x_wconf 88' lang='lat' dir='ltr'><strong>erat</strong></span> 
     </span>
     <span class='ocr_line' id='line_1_17' title="bbox 346 3044 1474 3131; baseline -0.003 -17"><span class='ocrx_word' id='word_1_100' title='bbox 346 3054 433 3115; x_wconf 85' lang='lat' dir='ltr'><strong>terra</strong></span> <span class='ocrx_word' id='word_1_101' title='bbox 464 3046 554 3116; x_wconf 89' lang='lat' dir='ltr'><strong>Bude</strong></span> <span class='ocrx_word' id='word_1_102' title='bbox 586 3047 760 3117; x_wconf 84' lang='lat' dir='ltr'><strong>castrensis</strong></span> <span class='ocrx_word' id='word_1_103' title='bbox 793 3046 873 3114; x_wconf 91' lang='lat' dir='ltr'><strong>dicti</strong></span> <span class='ocrx_word' id='word_1_104' title='bbox 905 3044 1009 3114; x_wconf 82' lang='lat' dir='ltr'><strong>Gustri</strong></span> <span class='ocrx_word' id='word_1_105' title='bbox 1041 3045 1333 3131; x_wconf 81' lang='lat' dir='ltr'><strong>Zulgajauriensis,</strong></span> <span class='ocrx_word' id='word_1_106' title='bbox 1364 3065 1474 3114; x_wconf 88' lang='lat' dir='ltr'><strong>uacua</strong></span> 
     </span>
    </p>
   </div>
   <div class='ocr_carea' id='block_1_11' title="bbox 348 3153 1598 3244">
    <p class='ocr_par' dir='ltr' id='par_1_11' title="bbox 348 3153 1598 3244">
     <span class='ocr_line' id='line_1_18' title="bbox 348 3153 1598 3244; baseline -0.004 -18"><span class='ocrx_word' id='word_1_107' title='bbox 348 3163 380 3226; x_wconf 88' lang='lat' dir='ltr'><strong>ct</strong></span> <span class='ocrx_word' id='word_1_108' title='bbox 395 3155 631 3224; x_wconf 86' lang='lat' dir='ltr'><strong>habitatoribus</strong></span> <span class='ocrx_word' id='word_1_109' title='bbox 648 3155 809 3242; x_wconf 79' lang='lat' dir='ltr'><strong>destituta,</strong></span> <span class='ocrx_word' id='word_1_110' title='bbox 825 3155 890 3224; x_wconf 89' lang='lat' dir='ltr'><strong>sita</strong></span> <span class='ocrx_word' id='word_1_111' title='bbox 904 3155 939 3221; x_wconf 92' lang='lat' dir='ltr'><strong>iu</strong></span> <span class='ocrx_word' id='word_1_112' title='bbox 956 3153 1117 3223; x_wconf 79' lang='lat' dir='ltr'><strong>Comitatus</strong></span> <span class='ocrx_word' id='word_1_113' title='bbox 1143 3154 1251 3222; x_wconf 80' lang='lat' dir='ltr'><strong>(lustri</strong></span> <span class='ocrx_word' id='word_1_114' title='bbox 1276 3153 1474 3242; x_wconf 85' lang='lat' dir='ltr'><strong>Nytrieusis,</strong></span> <span class='ocrx_word' id='word_1_115' title='bbox 1597 3239 1598 3244; x_wconf 5' lang='grc' dir='ltr'>ἵ</span> 
     </span>
    </p>
   </div>
   <div class='ocr_carea' id='block_1_12' title="bbox 346 3261 1598 3351">
    <p class='ocr_par' dir='ltr' id='par_1_12' title="bbox 346 3261 1598 3351">
     <span class='ocr_line' id='line_1_19' title="bbox 346 3261 1598 3351; baseline -0.002 -19"><span class='ocrx_word' id='word_1_116' title='bbox 346 3265 572 3332; x_wconf 86' lang='lat' dir='ltr'><strong>iuxtaterram</strong></span> <span class='ocrx_word' id='word_1_117' title='bbox 589 3265 732 3351; x_wconf 87' lang='lat' dir='ltr'><strong>ipsorum</strong></span> <span class='ocrx_word' id='word_1_118' title='bbox 749 3264 884 3332; x_wconf 75' lang='lat' dir='ltr'><strong>Comitis</strong></span> <span class='ocrx_word' id='word_1_119' title='bbox 900 3264 1044 3351; x_wconf 84' lang='lat' dir='ltr'><strong>Zochyd,</strong></span> <span class='ocrx_word' id='word_1_120' title='bbox 1076 3262 1214 3349; x_wconf 87' lang='lat' dir='ltr'><strong>Serelel,</strong></span> <span class='ocrx_word' id='word_1_121' title='bbox 1246 3270 1280 3331; x_wconf 85' lang='lat' dir='ltr'><strong>et</strong></span> <span class='ocrx_word' id='word_1_122' title='bbox 1295 3261 1473 3330; x_wconf 90' lang='lat' dir='ltr'><strong>eorundem</strong></span> <span class='ocrx_word' id='word_1_123' title='bbox 1597 3265 1598 3342; x_wconf 72' lang='lat' dir='ltr'><strong>l</strong></span> 
     </span>
    </p>
   </div>
   <div class='ocr_carea' id='block_1_13' title="bbox 346 3371 1476 3788">
    <p class='ocr_par' dir='ltr' id='par_1_13' title="bbox 346 3371 1476 3788">
     <span class='ocr_line' id='line_1_20' title="bbox 346 3371 1476 3460; baseline -0.004 -20"><span class='ocrx_word' id='word_1_124' title='bbox 346 3372 484 3441; x_wconf 80' lang='lat' dir='ltr'><strong>fratrum</strong></span> <span class='ocrx_word' id='word_1_125' title='bbox 500 3373 592 3441; x_wconf 89' lang='lat' dir='ltr'><strong>Buda</strong></span> <span class='ocrx_word' id='word_1_126' title='bbox 607 3379 766 3460; x_wconf 87' lang='lat' dir='ltr'><strong>uocatum,</strong></span> <span class='ocrx_word' id='word_1_127' title='bbox 790 3378 822 3438; x_wconf 90' lang='lat' dir='ltr'><strong>ct</strong></span> <span class='ocrx_word' id='word_1_128' title='bbox 836 3379 957 3442; x_wconf 88' lang='lat' dir='ltr'><strong>terram</strong></span> <span class='ocrx_word' id='word_1_129' title='bbox 974 3371 1212 3440; x_wconf 79' lang='lat' dir='ltr'><strong>cruciferorum</strong></span> <span class='ocrx_word' id='word_1_130' title='bbox 1228 3371 1269 3438; x_wconf 88' lang='lat' dir='ltr'><strong>de</strong></span> <span class='ocrx_word' id='word_1_131' title='bbox 1285 3371 1408 3456; x_wconf 82' lang='lat' dir='ltr'><strong>Mauga</strong></span> <span class='ocrx_word' id='word_1_132' title='bbox 1432 3391 1476 3440; x_wconf 86' lang='lat' dir='ltr'><strong>ex</strong></span> 
     </span>
     <span class='ocr_line' id='line_1_21' title="bbox 346 3481 1475 3570; baseline -0.002 -21"><span class='ocrx_word' id='word_1_133' title='bbox 346 3483 460 3570; x_wconf 89' lang='lat' dir='ltr'><strong>altera,</strong></span> <span class='ocrx_word' id='word_1_134' title='bbox 477 3483 651 3570; x_wconf 88' lang='lat' dir='ltr'><strong>prouidere</strong></span> <span class='ocrx_word' id='word_1_135' title='bbox 666 3482 883 3568; x_wconf 86' lang='lat' dir='ltr'><strong>dignaremur.</strong></span> <span class='ocrx_word' id='word_1_136' title='bbox 920 3483 1041 3548; x_wconf 86' lang='lat' dir='ltr'><strong>Verum</strong></span> <span class='ocrx_word' id='word_1_137' title='bbox 1056 3481 1132 3567; x_wconf 88' lang='lat' dir='ltr'><strong>quia</strong></span> <span class='ocrx_word' id='word_1_138' title='bbox 1148 3501 1214 3548; x_wconf 90' lang='lat' dir='ltr'><strong>uon</strong></span> <span class='ocrx_word' id='word_1_139' title='bbox 1230 3481 1402 3549; x_wconf 85' lang='lat' dir='ltr'><strong>constabat</strong></span> <span class='ocrx_word' id='word_1_140' title='bbox 1418 3501 1475 3547; x_wconf 90' lang='lat' dir='ltr'><strong>no·</strong></span> 
     </span>
     <span class='ocr_line' id='line_1_22' title="bbox 347 3586 1474 3676; baseline -0.001 -21"><span class='ocrx_word' id='word_1_141' title='bbox 347 3590 397 3658; x_wconf 91' lang='lat' dir='ltr'><strong>bis</strong></span> <span class='ocrx_word' id='word_1_142' title='bbox 413 3592 453 3659; x_wconf 92' lang='lat' dir='ltr'><strong>de</strong></span> <span class='ocrx_word' id='word_1_143' title='bbox 468 3592 629 3676; x_wconf 84' lang='lat' dir='ltr'><strong>qualitate</strong></span> <span class='ocrx_word' id='word_1_144' title='bbox 645 3599 677 3658; x_wconf 88' lang='lat' dir='ltr'><strong>et</strong></span> <span class='ocrx_word' id='word_1_145' title='bbox 694 3592 877 3676; x_wconf 85' lang='lat' dir='ltr'><strong>quantitate</strong></span> <span class='ocrx_word' id='word_1_146' title='bbox 893 3589 980 3658; x_wconf 90' lang='lat' dir='ltr'><strong>dicte</strong></span> <span class='ocrx_word' id='word_1_147' title='bbox 996 3597 1090 3673; x_wconf 87' lang='lat' dir='ltr'><strong>terre,</strong></span> <span class='ocrx_word' id='word_1_148' title='bbox 1107 3589 1246 3655; x_wconf 86' lang='lat' dir='ltr'><strong>eandem</strong></span> <span class='ocrx_word' id='word_1_149' title='bbox 1262 3586 1474 3673; x_wconf 89' lang='lat' dir='ltr'><strong>inquisicioni</strong></span> 
     </span>
     <span class='ocr_line' id='line_1_23' title="bbox 347 3695 1476 3788; baseline -0.007 -20"><span class='ocrx_word' id='word_1_150' title='bbox 347 3699 438 3768; x_wconf 86' lang='lat' dir='ltr'><strong>llarc</strong></span> <span class='ocrx_word' id='word_1_151' title='bbox 454 3699 587 3768; x_wconf 84' lang='lat' dir='ltr'><strong>Comitis</strong></span> <span class='ocrx_word' id='word_1_152' title='bbox 605 3699 881 3788; x_wconf 82' lang='lat' dir='ltr'><strong>Zulgajauriensis</strong></span> <span class='ocrx_word' id='word_1_153' title='bbox 898 3707 931 3766; x_wconf 92' lang='lat' dir='ltr'><strong>et</strong></span> <span class='ocrx_word' id='word_1_154' title='bbox 941 3698 1083 3786; x_wconf 77' lang='lat' dir='ltr'><strong>Capituli</strong></span> <span class='ocrx_word' id='word_1_155' title='bbox 1093 3695 1270 3764; x_wconf 86' lang='lat' dir='ltr'><strong>Nitricusis</strong></span> <span class='ocrx_word' id='word_1_156' title='bbox 1281 3696 1476 3764; x_wconf 84' lang='lat' dir='ltr'><strong>dilectorum</strong></span> 
     </span>
    </p>
   </div>
   <div class='ocr_carea' id='block_1_14' title="bbox 348 3803 1597 3892">
    <p class='ocr_par' dir='ltr' id='par_1_14' title="bbox 348 3803 1597 3892">
     <span class='ocr_line' id='line_1_24' title="bbox 348 3803 1597 3892; baseline -0.002 -18"><span class='ocrx_word' id='word_1_157' title='bbox 348 3815 380 3874; x_wconf 87' lang='lat' dir='ltr'><strong>et</strong></span> <span class='ocrx_word' id='word_1_158' title='bbox 395 3805 538 3875; x_wconf 86' lang='lat' dir='ltr'><strong>fidelium</strong></span> <span class='ocrx_word' id='word_1_159' title='bbox 555 3813 735 3876; x_wconf 89' lang='lat' dir='ltr'><strong>nostrorum</strong></span> <span class='ocrx_word' id='word_1_160' title='bbox 752 3807 982 3878; x_wconf 90' lang='lat' dir='ltr'><strong>commisimus.</strong></span> <span class='ocrx_word' id='word_1_161' title='bbox 1031 3806 1093 3886; x_wconf 81' lang='lat' dir='ltr'><strong>Qui</strong></span> <span class='ocrx_word' id='word_1_162' title='bbox 1110 3805 1204 3873; x_wconf 90' lang='lat' dir='ltr'><strong>uobis</strong></span> <span class='ocrx_word' id='word_1_163' title='bbox 1220 3826 1279 3892; x_wconf 91' lang='lat' dir='ltr'><strong>per</strong></span> <span class='ocrx_word' id='word_1_164' title='bbox 1294 3823 1372 3873; x_wconf 85' lang='lat' dir='ltr'><strong>suas</strong></span> <span class='ocrx_word' id='word_1_165' title='bbox 1389 3803 1476 3872; x_wconf 86' lang='lat' dir='ltr'><strong>litte·</strong></span> <span class='ocrx_word' id='word_1_166' title='bbox 1596 3823 1597 3826; x_wconf 71' lang='grc'>’</span> 
     </span>
    </p>
   </div>
   <div class='ocr_carea' id='block_1_15' title="bbox 343 3909 1595 4763">
    <p class='ocr_par' dir='ltr' id='par_1_15' title="bbox 343 3909 1595 4763">
     <span class='ocr_line' id='line_1_25' title="bbox 348 3909 1478 4005; baseline -0.004 -23"><span class='ocrx_word' id='word_1_167' title='bbox 348 3937 403 3984; x_wconf 88' lang='lat' dir='ltr'><strong>ras</strong></span> <span class='ocrx_word' id='word_1_168' title='bbox 419 3915 672 4005; x_wconf 81' lang='lat' dir='ltr'><strong>rescripserunt3</strong></span> <span class='ocrx_word' id='word_1_169' title='bbox 698 3915 817 3986; x_wconf 89' lang='lat' dir='ltr'><strong>dictam</strong></span> <span class='ocrx_word' id='word_1_170' title='bbox 834 3925 952 3986; x_wconf 88' lang='lat' dir='ltr'><strong>terram</strong></span> <span class='ocrx_word' id='word_1_171' title='bbox 969 3935 1040 3984; x_wconf 88' lang='lat' dir='ltr'><strong>csse</strong></span> <span class='ocrx_word' id='word_1_172' title='bbox 1071 3933 1222 4001; x_wconf 84' lang='lat' dir='ltr'><strong>uacuam,</strong></span> <span class='ocrx_word' id='word_1_173' title='bbox 1252 3920 1286 3980; x_wconf 92' lang='lat' dir='ltr'><strong>et</strong></span> <span class='ocrx_word' id='word_1_174' title='bbox 1314 3909 1478 3982; x_wconf 84' lang='lat' dir='ltr'><strong>sussicien-</strong></span> 
     </span>
     <span class='ocr_line' id='line_1_26' title="bbox 349 4019 1481 4112; baseline -0.003 -21"><span class='ocrx_word' id='word_1_175' title='bbox 349 4033 415 4092; x_wconf 91' lang='lat' dir='ltr'><strong>tem</strong></span> <span class='ocrx_word' id='word_1_176' title='bbox 432 4025 505 4094; x_wconf 89' lang='lat' dir='ltr'><strong>usui</strong></span> <span class='ocrx_word' id='word_1_177' title='bbox 520 4025 617 4094; x_wconf 90' lang='lat' dir='ltr'><strong>unius</strong></span> <span class='ocrx_word' id='word_1_178' title='bbox 633 4027 735 4093; x_wconf 85' lang='lat' dir='ltr'><strong>aratri</strong></span> <span class='ocrx_word' id='word_1_179' title='bbox 753 4033 786 4094; x_wconf 88' lang='lat' dir='ltr'><strong>et</strong></span> <span class='ocrx_word' id='word_1_180' title='bbox 802 4023 941 4112; x_wconf 84' lang='lat' dir='ltr'><strong>dimidij,</strong></span> <span class='ocrx_word' id='word_1_181' title='bbox 959 4028 992 4091; x_wconf 89' lang='lat' dir='ltr'><strong>et</strong></span> <span class='ocrx_word' id='word_1_182' title='bbox 1009 4043 1082 4091; x_wconf 89' lang='lat' dir='ltr'><strong>esse</strong></span> <span class='ocrx_word' id='word_1_183' title='bbox 1098 4029 1218 4090; x_wconf 86' lang='lat' dir='ltr'><strong>terram</strong></span> <span class='ocrx_word' id='word_1_184' title='bbox 1233 4019 1344 4092; x_wconf 71' lang='lat' dir='ltr'><strong>castri</strong></span> <span class='ocrx_word' id='word_1_185' title='bbox 1359 4021 1481 4106; x_wconf 83' lang='lat' dir='ltr'><strong>Zulga·</strong></span> 
     </span>
     <span class='ocr_line' id='line_1_27' title="bbox 343 4127 1480 4222; baseline -0.007 -20"><span class='ocrx_word' id='word_1_186' title='bbox 343 4133 533 4221; x_wconf 85' lang='lat' dir='ltr'><strong>jauriensis,</strong></span> <span class='ocrx_word' id='word_1_187' title='bbox 561 4141 657 4219; x_wconf 91' lang='lat' dir='ltr'><strong>prout</strong></span> <span class='ocrx_word' id='word_1_188' title='bbox 673 4135 714 4201; x_wconf 91' lang='lat' dir='ltr'><strong>de</strong></span> <span class='ocrx_word' id='word_1_189' title='bbox 727 4132 957 4222; x_wconf 80' lang='lat' dir='ltr'><strong>jobagiouibus</strong></span> <span class='ocrx_word' id='word_1_190' title='bbox 972 4130 1116 4200; x_wconf 89' lang='lat' dir='ltr'><strong>ciusdem</strong></span> <span class='ocrx_word' id='word_1_191' title='bbox 1134 4127 1240 4198; x_wconf 80' lang='lat' dir='ltr'><strong>(lustri</strong></span> <span class='ocrx_word' id='word_1_192' title='bbox 1256 4137 1290 4198; x_wconf 89' lang='lat' dir='ltr'><strong>et</strong></span> <span class='ocrx_word' id='word_1_193' title='bbox 1307 4129 1382 4216; x_wconf 89' lang='lat' dir='ltr'><strong>alijs</strong></span> <span class='ocrx_word' id='word_1_194' title='bbox 1399 4128 1480 4197; x_wconf 86' lang='lat' dir='ltr'><strong>vici·</strong></span> 
     </span>
     <span class='ocr_line' id='line_1_28' title="bbox 350 4237 1481 4330; baseline -0.004 -20"><span class='ocrx_word' id='word_1_195' title='bbox 350 4243 401 4310; x_wconf 92' lang='lat' dir='ltr'><strong>nis</strong></span> <span class='ocrx_word' id='word_1_196' title='bbox 418 4243 502 4312; x_wconf 86' lang='lat' dir='ltr'><strong>scire</strong></span> <span class='ocrx_word' id='word_1_197' title='bbox 517 4243 666 4312; x_wconf 87' lang='lat' dir='ltr'><strong>aeracius</strong></span> <span class='ocrx_word' id='word_1_198' title='bbox 682 4248 869 4330; x_wconf 88' lang='lat' dir='ltr'><strong>potuerunt.</strong></span> <span class='ocrx_word' id='word_1_199' title='bbox 893 4239 1000 4319; x_wconf 83' lang='lat' dir='ltr'><strong>Quam</strong></span> <span class='ocrx_word' id='word_1_200' title='bbox 1017 4259 1077 4308; x_wconf 90' lang='lat' dir='ltr'><strong>nos</strong></span> <span class='ocrx_word' id='word_1_201' title='bbox 1109 4260 1168 4327; x_wconf 93' lang='lat' dir='ltr'><strong>pro</strong></span> <span class='ocrx_word' id='word_1_202' title='bbox 1199 4237 1416 4306; x_wconf 85' lang='lat' dir='ltr'><strong>fidelitatibus</strong></span> <span class='ocrx_word' id='word_1_203' title='bbox 1447 4243 1481 4306; x_wconf 87' lang='lat' dir='ltr'><strong>ct</strong></span> 
     </span>
     <span class='ocr_line' id='line_1_29' title="bbox 349 4345 1482 4438; baseline -0.01 -15"><span class='ocrx_word' id='word_1_204' title='bbox 349 4351 499 4438; x_wconf 87' lang='lat' dir='ltr'><strong>seruiciju</strong></span> <span class='ocrx_word' id='word_1_205' title='bbox 515 4350 674 4420; x_wconf 89' lang='lat' dir='ltr'><strong>dictorum</strong></span> <span class='ocrx_word' id='word_1_206' title='bbox 691 4349 826 4420; x_wconf 81' lang='lat' dir='ltr'><strong>Comitis</strong></span> <span class='ocrx_word' id='word_1_207' title='bbox 842 4347 983 4438; x_wconf 86' lang='lat' dir='ltr'><strong>Zochyd‚</strong></span> <span class='ocrx_word' id='word_1_208' title='bbox 999 4347 1136 4437; x_wconf 83' lang='lat' dir='ltr'><strong>Serelel,</strong></span> <span class='ocrx_word' id='word_1_209' title='bbox 1152 4353 1186 4416; x_wconf 85' lang='lat' dir='ltr'><strong>et</strong></span> <span class='ocrx_word' id='word_1_210' title='bbox 1201 4367 1331 4416; x_wconf 89' lang='lat' dir='ltr'><strong>snorum</strong></span> <span class='ocrx_word' id='word_1_211' title='bbox 1341 4345 1482 4415; x_wconf 81' lang='lat' dir='ltr'><strong>fratrum</strong></span> 
     </span>
     <span class='ocr_line' id='line_1_30' title="bbox 351 4455 1483 4546; baseline -0.003 -20"><span class='ocrx_word' id='word_1_212' title='bbox 351 4459 501 4528; x_wconf 84' lang='lat' dir='ltr'><strong>dedimus</strong></span> <span class='ocrx_word' id='word_1_213' title='bbox 517 4459 651 4546; x_wconf 86' lang='lat' dir='ltr'><strong>eisdem,</strong></span> <span class='ocrx_word' id='word_1_214' title='bbox 684 4457 876 4527; x_wconf 82' lang='lat' dir='ltr'><strong>domuimus</strong></span> <span class='ocrx_word' id='word_1_215' title='bbox 892 4463 925 4524; x_wconf 90' lang='lat' dir='ltr'><strong>et</strong></span> <span class='ocrx_word' id='word_1_216' title='bbox 940 4456 1143 4544; x_wconf 87' lang='lat' dir='ltr'><strong>contulimus,</strong></span> <span class='ocrx_word' id='word_1_217' title='bbox 1173 4475 1213 4524; x_wconf 88' lang='lat' dir='ltr'><strong>ac</strong></span> <span class='ocrx_word' id='word_1_218' title='bbox 1228 4455 1372 4542; x_wconf 89' lang='lat' dir='ltr'><strong>ipsorum</strong></span> <span class='ocrx_word' id='word_1_219' title='bbox 1388 4455 1483 4524; x_wconf 90' lang='lat' dir='ltr'><strong>here·</strong></span> 
     </span>
     <span class='ocr_line' id='line_1_31' title="bbox 353 4563 1484 4655; baseline -0.003 -21"><span class='ocrx_word' id='word_1_220' title='bbox 353 4567 449 4634; x_wconf 88' lang='lat' dir='ltr'><strong>dibus</strong></span> <span class='ocrx_word' id='word_1_221' title='bbox 460 4567 534 4652; x_wconf 86' lang='lat' dir='ltr'><strong>jura</strong></span> <span class='ocrx_word' id='word_1_222' title='bbox 549 4573 705 4655; x_wconf 89' lang='lat' dir='ltr'><strong>perpetuo</strong></span> <span class='ocrx_word' id='word_1_223' title='bbox 721 4575 754 4635; x_wconf 91' lang='lat' dir='ltr'><strong>et</strong></span> <span class='ocrx_word' id='word_1_224' title='bbox 769 4565 1030 4636; x_wconf 84' lang='lat' dir='ltr'><strong>irrcuocabillter</strong></span> <span class='ocrx_word' id='word_1_225' title='bbox 1045 4563 1281 4652; x_wconf 74' lang='lat' dir='ltr'><strong>possidendam</strong></span> <span class='ocrx_word' id='word_1_226' title='bbox 1298 4570 1331 4633; x_wconf 92' lang='lat' dir='ltr'><strong>et</strong></span> <span class='ocrx_word' id='word_1_227' title='bbox 1361 4563 1484 4632; x_wconf 88' lang='lat' dir='ltr'><strong>haben·</strong></span> 
     </span>
     <span class='ocr_line' id='line_1_32' title="bbox 355 4671 1595 4763; baseline 0.003 -25"><span class='ocrx_word' id='word_1_228' title='bbox 355 4673 440 4740; x_wconf 90' lang='lat' dir='ltr'><strong>dam.</strong></span> <span class='ocrx_word' id='word_1_229' title='bbox 464 4673 506 4742; x_wconf 81' lang='lat' dir='ltr'><strong>Et</strong></span> <span class='ocrx_word' id='word_1_230' title='bbox 520 4681 605 4746; x_wconf 88' lang='lat' dir='ltr'><strong>meto</strong></span> <span class='ocrx_word' id='word_1_231' title='bbox 620 4674 724 4760; x_wconf 90' lang='lat' dir='ltr'><strong>ipsius</strong></span> <span class='ocrx_word' id='word_1_232' title='bbox 740 4681 835 4762; x_wconf 86' lang='lat' dir='ltr'><strong>terre,</strong></span> <span class='ocrx_word' id='word_1_233' title='bbox 861 4681 957 4760; x_wconf 88' lang='lat' dir='ltr'><strong>prout</strong></span> <span class='ocrx_word' id='word_1_234' title='bbox 972 4671 1158 4762; x_wconf 82' lang='lat' dir='ltr'><strong>capitulum</strong></span> <span class='ocrx_word' id='word_1_235' title='bbox 1174 4672 1351 4763; x_wconf 83' lang='lat' dir='ltr'><strong>Nptriense</strong></span> <span class='ocrx_word' id='word_1_236' title='bbox 1367 4672 1483 4742; x_wconf 85' lang='lat' dir='ltr'><strong>fideles</strong></span> <span class='ocrx_word' id='word_1_237' title='bbox 1594 4737 1595 4748; x_wconf 17' lang='grc' dir='ltr'>ἢ</span> 
     </span>
    </p>
   </div>
   <div class='ocr_carea' id='block_1_16' title="bbox 0 0 1619 5158">
    <p class='ocr_par' dir='ltr' id='par_1_16' title="bbox 0 0 1619 5158">
     <span class='ocr_line' id='line_1_33' title="bbox 0 0 1619 5158; baseline 0 0"><span class='ocrx_word' id='word_1_238' title='bbox 0 0 1619 5158; x_wconf 95' lang='lat' dir='ltr'><strong> </strong></span> 
     </span>
    </p>
   </div>
  </div>
 </body>
</html>
