3078 5128
572 349 734 448 -aos-

88 563 116 606 c.
136 538 254 608 fni-iem
270 547 347 608 sunt
363 548 447 609 mete
474 545 690 610 castrensium
720 543 763 610 de
793 543 871 614 viiia
902 543 1044 614 Sumuri:
1070 551 1102 612 et
1133 551 1220 614 mete

88 647 227 734 predicti
242 649 275 715 S.
293 647 479 734 diriguntur
509 669 625 717 versus
656 651 830 716 ecclesiam
861 651 976 719 Sancti
1008 651 1138 738 Georgij
1173 652 1216 722 de

90 756 269 840 Dohorgm,
287 757 334 823 ita
348 763 459 822 tamen
477 755 564 840 quod
580 756 692 842 populi
702 756 962 844 Archyepiscopi
973 758 1217 845 Strigoniensis,

90 869 119 929 et
132 863 211 930 villa
225 861 418 930 Thimothsi
434 865 578 930 existunt
594 863 682 930 infra
697 870 816 930 terram
833 863 866 930 S.
885 869 919 930 et
935 866 1148 934 castrensium
1175 865 1217 934 de

90 969 227 1056 Samud;
275 979 368 1038 meta
405 989 482 1038 vero
521 970 554 1037 S.
594 978 627 1037 et
658 972 869 1038 castrensium
901 971 943 1038 de
974 973 1146 1057 Dobrogoc
1178 993 1219 1039 ex

90 1082 179 1161 perte
210 1077 374 1162 superiori
405 1083 480 1144 sunt
509 1095 620 1145 uersus
652 1077 821 1144 ecelesiam
855 1079 968 1146 Sancti
1000 1079 1130 1164 Georgij
1149 1087 1216 1146 tam

90 1202 196 1270 prope,
214 1185 299 1268 quod
315 1184 402 1250 inira
417 1192 521 1250 metas
538 1193 570 1252 et
586 1183 758 1250 eeclesiam
776 1191 827 1251 est
842 1189 929 1276 terra
946 1186 980 1250 in
1011 1185 1218 1271 longitudine

91 1291 182 1356 trium
199 1290 367 1376 ingerum3
390 1298 422 1356 ct
437 1291 514 1357 iude
531 1290 717 1376 diriguntur
732 1299 819 1359 mete
836 1291 880 1357 ad
895 1313 1012 1376 aquam
1030 1312 1093 1375 que
1117 1312 1212 1360 voca-

91 1397 263 1480 turchi123
288 1404 403 1486 postea
419 1407 528 1466 autem
545 1398 660 1467 eadem
693 1419 779 1484 aqua
809 1405 943 1485 separat
973 1406 1092 1466 terram
1125 1399 1161 1466 S.
1193 1421 1214 1464 a

93 1514 173 1572 terra
188 1507 405 1573 castrensium
421 1506 462 1572 de
477 1509 660 1594 Dobrogoz,
679 1514 789 1574 tamen
806 1515 892 1574 mete
919 1509 951 1575 S.
984 1512 1016 1573 et
1044 1514 1130 1574 mete
1162 1527 1213 1573 cu·

92 1615 258 1680 strensinm
275 1613 317 1680 de
332 1616 504 1700 Dobrogoz
522 1613 708 1699 diriguntur
723 1615 817 1682 iuxta
833 1614 970 1681 eandem
986 1633 1105 1698 aquam
1117 1633 1218 1698 nsque

94 1721 238 1788 edilium
255 1723 374 1810 locum,
392 1722 446 1787 vbi
462 1723 553 1809 prius
569 1721 631 1789 fnit
646 1721 728 1788 villa
743 1722 776 1788 S.
796 1728 829 1789 et
846 1723 987 1788 suanum
1015 1741 1164 1804 suorum3
1187 1726 1220 1788 et

94 1825 216 1896 deloco
231 1829 290 1896 ilio
307 1837 392 1896 mete
407 1829 441 1895 S.
458 1829 641 1910 diriguntur
658 1849 760 1914 vsque
776 1828 961 1897 Danubium
993 1828 1049 1912 qui
1082 1835 1218 1896 vocatur

93 1935 271 2003 Pranduna.
295 1939 348 2004 De
363 1937 472 2004 insula
488 1941 597 2002 autem
613 1937 709 2004 ambe
723 1943 834 2022 partes
851 1935 999 2003 confesse
1016 1943 1092 2000 sunt
1118 1933 1218 2018 justi·

95 2041 171 2109 eiam
187 2064 224 2110 se
241 2045 363 2111 habere
380 2043 557 2111 seeundum
575 2039 661 2126 quod
675 2042 859 2110 continetur
875 2041 909 2108 iu
926 2041 1044 2107 litteris
1070 2039 1216 2124 Capituli

94 2149 277 2218 Jouriensis.

96 2347 148 2403 (Π.
165 2348 235 2399 Bala
253 2347 407 2412 kirrilynck
426 2362 593 2414 ugyanazon
613 2348 657 2398 evi
676 2346 842 2412 megerttssttt
862 2343 1060 2410 okmanyabbl,
1074 2343 1148 2394 mint
1156 2343 1219 2395 fen·

518 2440 584 2489 tebb
605 2442 666 2489 210.
685 2452 723 2488 sa.
750 2441 785 2500 a.)

518 2721 784 2732 ψ

616 3145 693 3215 214.

100 3339 142 3408 Aa
155 3345 344 3412 ulmisaaiak
367 3345 534 3412 eskitszoelc
549 3343 725 3430 belseaadpet
743 3343 883 3427 Rapum
909 3341 1082 3409 cuiroatalt.
1114 3343 1215 3408 1238.

196 3542 290 3608 Anno
307 3537 549 3605 incarnacionis
566 3536 695 3604 Domini
714 3536 887 3605 millesimo
913 3536 1134 3606 ducentesimo
1158 3537 1216 3604 tri-

101 3645 224 3714 cessimo
240 3654 365 3728 oetam,
383 3646 503 3713 mensis
519 3643 714 3712 Novembris
731 3642 903 3712 vicensimo
919 3643 1063 3713 secundo
1091 3643 1144 3711 die
1168 3645 1218 3710 irr-

102 3759 206 3820 trante.
228 3753 368 3839 Ragnsii
383 3751 417 3818 in
433 3773 552 3838 magno
569 3749 715 3820 Consilio
747 3750 913 3836 Ragusine
944 3749 1099 3822 Civitatis
1128 3769 1218 3818 more

28 3847 29 3886 r
101 3859 188 3928 solito
204 3881 260 3946 per
277 3881 471 3948 campanam
488 3865 695 3944 congregato.
720 3857 759 3925 In
774 3859 941 3946 presentia
957 3859 1082 3928 domini
1109 3858 1218 3947 Nyco-

102 3963 149 4051 lay
165 3970 305 4057 Turium,
335 3969 472 4037 Comitis
502 3968 646 4052 Ragusii.
679 3967 738 4035 Isti
764 3965 874 4035 nuncii
906 3966 1041 4036 (inmitis
1065 3965 1215 4053 Nyeolay

103 4071 239 4144 Delmisii
256 4085 289 4146 et
306 4078 443 4144 aliorum
475 4076 637 4144 Comitum
663 4083 695 4143 et
720 4073 906 4142 communis
939 4075 1107 4159 Daimisii‚
1124 4074 1215 4141 vide·

104 4178 167 4249 lieet
180 4183 284 4252 Judex
298 4185 453 4269 Periuna,
470 4184 660 4252 Beletinuns
676 4182 863 4251 Veleannus
880 4181 1072 4270 (thuaneum,
1088 4180 1144 4267 qui
1160 4200 1219 4266 pro

105 4303 134 4354 se
147 4297 176 4356 et
190 4311 245 4376 pro
261 4293 419 4380 predictis
435 4290 614 4359 (inmitibus
632 4289 798 4374 Dalmisii‚
815 4298 848 4358 et
874 4290 1033 4357 nobilium
1065 4296 1098 4356 et
1129 4287 1219 4355 (iom-

106 4398 197 4464 munis
210 4399 372 4486 Daimisii‚
389 4399 578 4466 iuraverunt
594 4399 726 4466 domino
743 4396 861 4465 comiti
892 4397 1027 4482 Ragnsii
1059 4403 1092 4464 et
1122 4395 1214 4462 Com·

108 4505 181 4571 nuni
196 4508 586 4594 Ragusinemanuteuere
602 4528 718 4593 pacem
743 4515 777 4575 et
803 4505 1010 4575 concordiam
1035 4503 1217 4590 antiquam,

107 4625 189 4689 quam
204 4615 281 4682 olim
298 4615 481 4700 habuimus,
499 4615 728 4682 iuviolabiliter
743 4615 912 4682 reservari.
948 4615 988 4680 Et
1004 4612 1059 4697 qni
1075 4609 1219 4678 (inmites

199 4751 299 4788 ucnuu.
317 4751 400 4789 nuuc.
418 4751 488 4788 urse,
510 4759 546 4770 -
567 4750 638 4787 oren.
656 4749 700 4786 xx.
884 4791 887 4796 ,
1063 4723 1107 4787 20
