3120 5148
574 387 735 485 ...ffl-

102 575 253 642 willelmo
269 575 551 662 Transiluanensi,
583 573 750 644 (lethardo
767 577 993 662 Zagrabiausi
1027 581 1121 649 Petro
1135 583 1223 650 Gen

101 681 197 766 nansi,
214 682 358 748 Roberto
373 681 608 768 Benprimiensi
624 684 789 752 Ecclesiae
806 683 943 754 feliciter
950 687 1226 771 gubernantibus

100 787 167 855 Potlr
184 789 339 854 Palatino
355 795 389 856 et
404 788 625 858 Mussuniensi
641 789 774 878 comite,
802 800 834 860 et
856 791 1026 878 Myehaele
1057 793 1220 866 Waiuoue

102 893 314 980 existentibus,
346 895 442 964 Petro
467 895 650 980 Baehrens,
682 897 761 968 Jula
785 897 1006 986 Budrigiensi,
1038 900 1218 971 Banehone

101 1000 302 1088 Bichoriensi,
319 1002 374 1085 qui
391 1009 424 1069 et
442 1002 580 1070 Ourialis
597 1011 647 1072 est
662 1005 777 1074 Comes
793 1005 928 1090 Regino,
946 1007 1216 1076 MarcelloKene·

100 1111 182 1191 yensi
199 1111 255 1193 qui
271 1117 305 1179 ee
321 1109 462 1178 curialis
479 1109 595 1180 Comes
612 1120 672 1198 est,
689 1111 799 1181 Ochus
816 1114 1065 1202 Suppruniensi,
1090 1115 1219 1202 Nycho·

103 1216 145 1280 lao
183 1216 378 1284 Posonieusi
410 1215 590 1285 Comitatus
622 1221 816 1290 tenentibus.
864 1221 969 1306 Regni
1000 1221 1100 1291 nostri
1132 1241 1226 1288 anno

101 1333 190 1390 sexto.

102 1519 260 1580 (Ttelesica,
292 1521 475 1570 Monuments
507 1521 644 1572 historica
662 1521 847 1586 Episcopatus
879 1523 1074 1588 Zagrabiansis
1104 1526 1127 1576 Ι.
1158 1527 1222 1575 lrittt

587 1615 628 1659 25.
648 1611 715 1674 lap.)

624 2422 677 2489 68.

103 2620 218 2706 Ϋίφὶἰία
235 2621 401 2685 oluazlwue'
418 2619 587 2701 ooroeboe,
611 2619 696 2684 Vitta
712 2623 850 2705 roquzue'
860 2622 1050 2708 polqdruak
1060 2641 1216 2710 panacea

217 2729 348 2811 uehduy
366 2724 494 2812 victitat
504 2727 625 2814 polyer
642 2725 722 2790 ollem
738 2725 964 2813 to'rqyoltute'le.
990 2729 1086 2791 1211.

198 2922 234 2986 ln
249 2920 427 3006 Episcopio
444 2919 634 3004 Vigiliensis
659 2919 820 3005 Civitatis,
854 2939 960 2988 eoram
987 2919 1151 3006 Episcopo
1183 2927 1216 2985 et

99 3027 256 3112 imperiali
272 3028 454 3096 Secretario
471 3025 651 3113 comparuit
667 3025 801 3110 quidam
821 3025 912 3094 Vitta
937 3027 1109 3094 nauclerus
1135 3025 1217 3092 civis

93 3133 282 3220 Ragusinus,
298 3134 448 3218 querelas
466 3131 632 3218 deponens
649 3139 760 3199 uonna
776 3133 905 3216 aliquos
937 3133 1026 3199 cives
1057 3132 1218 3216 Vigilien·

92 3259 154 3326 ses,
170 3241 222 3326 qui
238 3243 459 3308 astrinxerunt
475 3261 547 3306 eum
565 3239 694 3307 solvere
711 3241 751 3306 de
768 3239 989 3324 anchoraum),
1006 3238 1212 3307 arboraticho

93 3365 131 3410 ac
148 3347 352 3434 plateaticho,
370 3347 490 3434 dicens,
507 3348 572 3414 iam
590 3365 630 3412 ex
647 3347 781 3430 antiquo
798 3347 886 3413 cives
903 3346 1038 3432 Ragusii
1054 3345 1213 3430 Vigillen·

90 3451 135 3519 sis
150 3457 235 3522 urbis
252 3453 458 3540 applicantes
474 3455 581 3539 litora,
598 3451 678 3520 nihil
694 3453 834 3521 solvisse
851 3475 910 3538 pro
928 3453 1139 3520 anchoratioo
1156 3461 1212 3521 aut

92 3561 270 3629 arboratico
286 3568 343 3627 aut
360 3562 522 3627 mercibus
539 3560 669 3644 Vigiliis
686 3564 801 3646 emptis
818 3567 873 3628 ant
904 3561 1045 3627 venditis
1063 3584 1070 3641 ;
1102 3577 1208 3642 neque

89 3668 145 3732 sub
163 3669 221 3735 tali
238 3669 333 3734 titulo
350 3688 490 3752 unquam
524 3667 650 3751 aliquid
676 3668 813 3735 soluisse
844 3667 1043 3751 Vigilienses
1073 3665 1217 3751 Rugusii

89 3771 150 3837 ianr
166 3794 206 3840 ex
222 3775 367 3857 antiqno.
393 3775 454 3840 Pro
471 3775 719 3841 conservatione
736 3777 891 3840 bonorum
917 3795 1041 3841 morum
1067 3773 1209 3839 introdu-

86 3885 206 3948 ctorum
223 3889 370 3966 tempore
395 3882 494 3966 Regis
525 3881 683 3948 Frieleriei
715 3887 746 3948 et
776 3901 907 3948 suorum
939 3881 1214 3966 predecessorum,

88 4005 183 4068 quum
199 4009 314 4056 revera
330 3988 372 4056 de
388 3989 449 4057 hoe
466 3997 554 4056 extet
569 3995 699 4075 pactum
717 4009 789 4056 cum
820 3987 972 4073 Ragonio,
1006 3989 1190 4056 declaratur·
1206 4011 1214 4052 ε

83 4093 219 4163 liberum
237 4115 310 4164 esse
327 4097 507 4182 predictum
525 4095 631 4163 Vitam
649 4097 847 4184 nauclerum,
865 4103 898 4162 et
922 4115 1140 4181 quoscumque
1172 4093 1212 4160 ci·

83 4217 139 4266 ves
161 4203 304 4289 Rugusii
336 4205 503 4272 venientes
533 4202 687 4289 Vigilias,
719 4203 762 4269 ab
792 4203 965 4270 exactione
998 4200 1208 4283 anchoratioi,

86 4308 257 4378 arboratici
275 4321 308 4378 et
324 4311 504 4397 plateatici.
544 4310 722 4395 Propterea
739 4309 906 4378 ordinatur
925 4309 1128 4377 Bartolomeo
1145 4307 1208 4370 No·

85 4416 169 4483 turio
179 4419 373 4500 Communis,
393 4427 428 4486 ut
443 4417 539 4486 istam
556 4415 784 4484 resolutionem
800 4425 902 4502 ponat
917 4416 1105 4502 inscriptis.
1117 4412 1214 4477 Auno

84 4519 256 4593 millesimo
273 4525 495 4593 ducentesimo
512 4523 697 4605 undecimo,
713 4523 815 4607 Regni
831 4523 954 4590 domini
979 4521 1080 4592 nostri
1103 4518 1215 4585 suue-

88 4627 152 4694 rici
167 4631 373 4700 invictissimi
390 4632 487 4717 Regis
505 4629 625 4714 Sicilie,
642 4631 787 4699 Dueatus
804 4630 922 4714 Apulie
939 4635 999 4698 etc.
1017 4649 1105 4694 anno
1121 4645 1216 4712 quar·

189 4767 390 4828 mlum-limo.
408 4771 478 4805 utun.
501 4777 537 4788 ···
566 4767 640 4802 DIPL.
658 4765 701 4801 Π.
1090 4740 1110 4804 8
