3164 5154
665 329 682 393 7

369 605 412 695 2)
435 607 467 674 A
489 613 586 698 ppb're'
600 611 758 698 kdptclua
773 611 980 698 kiadodnyu:

218 749 287 817 Nos
316 750 464 820 Briocius
496 750 694 839 Prepositus,
728 751 885 820 Nicolaus
918 751 1047 840 Lector,
1079 751 1244 839 Georgius

124 855 238 944 banton
254 865 286 925 et
310 857 475 926 llmerions
507 855 635 942 Custos,
668 859 838 945 totumque
870 857 1059 946 capitulum
1091 861 1245 930 Ecclesia

123 962 291 1032 lauriensis
307 969 368 1034 stb.
386 965 472 1051 (ltsd
487 964 586 1048 Fejer
611 964 720 1035 Codex
744 967 1036 1054 Diplomatious·bt
1062 965 1121 1035 IX.
1146 967 1243 1038 hotot

125 1076 150 1138 1.
163 1091 185 1136 r.
203 1073 275 1141 tet.
291 1071 327 1160 l)
541 1095 545 1103 ·

304 1123 338 1162 't

361 1233 407 1314 ³)
422 1235 454 1304 A
470 1237 596 1322 apteras·
610 1237 771 1322 kdptolcn
787 1237 993 1325 kc'udoduyu:

217 1375 403 1461 Capitulum
417 1376 567 1446 Ecclesie
581 1375 756 1445 Nitriensis
774 1377 923 1446 omnibus
945 1377 1064 1446 Christi
1091 1375 1243 1446 fidelibus
1335 1433 1336 1442 ,
1363 1465 1371 1480 a

123 1501 240 1565 presens
256 1485 413 1570 scriptum
430 1485 625 1571 inspecturis
641 1485 782 1578 salutem
798 1486 833 1551 in
843 1481 986 1554 Domino
998 1485 1243 1572 sempiternam.

121 1590 165 1655 Ad
178 1589 399 1658 uniuersorum
415 1589 571 1659 noticiam
596 1593 660 1658 stb.
687 1589 784 1678 (mint
812 1590 944 1660 lentebb
976 1613 1015 1662 aa
1046 1591 1242 1675 esntergami

122 1693 269 1780 htptclan
285 1696 504 1784 kladranya.)

218 1803 315 1872 »Post
331 1805 455 1872 obitum
471 1803 534 1872 stb.
551 1801 647 1890 (mint
662 1801 796 1874 lentebb
814 1828 844 1874 u.
863 1805 913 1892 o.)

215 1908 282 1979 Nos
300 1910 402 1994 igitur
416 1910 622 1979 attendentes
637 1919 670 1979 et
685 1912 934 1980 considerantes
945 1911 1032 1980 hano
1043 1911 1239 1998 peticionem

120 2012 181 2081 lore
195 2014 312 2087 iustam
331 2024 362 2086 et
372 2016 441 2101 jnri
457 2037 641 2102 consonam,
659 2019 700 2085 de
730 2020 871 2104 legenda
902 2017 1108 2089 sanctissimi
1138 2019 1240 2104 Regis

120 2119 267 2206 Stephani
283 2123 489 2208 pertinencia
514 2123 557 2190 ad
587 2123 771 2192 libertatem
803 2125 1004 2194 decimarum
1036 2125 1238 2212 presentatum

121 2245 189 2312 sepe
206 2227 284 2295 dicti
299 2228 490 2315 Monasterij
508 2229 620 2298 Sancti
634 2227 767 2299 Martini
783 2231 981 2302 confessoris
997 2232 1040 2299 de
1063 2233 1160 2299 verbo
1192 2233 1237 2300 ad

119 2333 239 2402 verbum
256 2333 450 2403 transscribi
466 2331 611 2422 fecimus,
629 2333 673 2402 ad
688 2336 850 2404 cautelam
875 2337 1058 2405 uberiorem
1089 2343 1238 2406 nostrum
1361 2386 1363 2395 .

118 2440 250 2522 sigillum
265 2442 487 2510 authenticum
503 2441 736 2527 appendentes.
775 2445 815 2510 In
846 2443 939 2513 cuius
969 2443 1016 2512 rei
1047 2445 1236 2513 memoriam

118 2556 361 2634 perpetuamque
374 2548 560 2617 firmitatem
575 2557 742 2636 presentes
757 2549 885 2619 litteras
902 2552 937 2618 in
963 2551 1070 2620 forma
1101 2551 1235 2640 priuile·

117 2654 157 2742 gij
174 2657 333 2724 confectas
349 2654 487 2723 fecimus
503 2657 650 2725 emanari
665 2658 841 2725 munimine
858 2656 964 2743 sigilli
980 2659 1083 2728 nostri
1099 2659 1238 2730 authen·
1309 2657 1313 2663 ’

117 2760 166 2826 tici
181 2765 358 2833 roboratas
381 2764 504 2830 Datum
521 2760 605 2830 feria
620 2763 766 2831 secunda
782 2765 931 2849 proxima
947 2771 1021 2851 post
1038 2763 1238 2834 dominicam

115 2867 400 2956 Ramispalmarum
417 2889 503 2937 anno
519 2870 650 2937 Domini
683 2869 860 2939 millesimo
886 2873 1113 2942 trecentesimo
1144 2871 1239 2958 qnin-

116 2978 307 3063 quagesimo.
323 2977 484 3062 Magistro
499 2976 650 3045 Jcbanne
666 2977 804 3046 hectore
818 2980 967 3050 Ecclesia
984 2987 1103 3050 nostre.

373 3152 419 3242 4)
444 3154 475 3220 Α
492 3155 581 3222 odcze'
596 3157 755 3242 hdptalnu
770 3125 981 3245 ttamenya:

214 3296 370 3366 Omnibus
385 3297 507 3366 Christi
523 3297 673 3367 fidelibus
688 3301 893 3385 presentibus
912 3300 1036 3386 pariter
1051 3307 1084 3366 et
1115 3299 1234 3368 futuris

112 3407 311 3488 presencium
326 3405 482 3474 noticiam
497 3405 658 3473 habituris
674 3403 865 3492 Capitulum
881 3408 1030 3476 Ecclesie
1047 3405 1235 3475 Waciensis

112 3513 242 3580 salutem
258 3512 292 3580 in
308 3512 450 3580 Domino
475 3511 715 3598 sempiternam.
737 3512 790 3580 Ad
821 3515 1047 3582 uniuersorum
1078 3513 1233 3582 noticiam

111 3617 188 3687 serie
203 3619 406 3705 presencium
422 3619 572 3688 volumus
586 3620 770 3705 peruenire,
798 3621 884 3704 quod
916 3621 1076 3690 discretus
1106 3619 1235 3690 iuuenis
1319 3607 1321 3612 ¹

110 3727 260 3809 mntem
274 3725 461 3812 Stephanus
476 3725 538 3793 stb.
556 3722 652 3813 (mint
667 3724 799 3795 fontebb
816 3747 855 3793 an
866 3727 1062 3813 esatergami
1072 3728 1234 3814 heptalan

109 3830 316 3920 liududnpa.)
339 3829 344 3840 '
505 3883 506 3887 ,
936 3885 940 3891 .

209 3939 306 4006 ›Post
321 3936 444 4006 obitum
458 3939 520 4006 stb.
536 3937 631 4025 (mint
646 3939 775 4008 fentebb
792 3961 822 4007 u.
839 3944 882 4020 o.)

205 4047 275 4113 Nos
292 4044 393 4129 igitur
409 4045 642 4129 expoticionem
658 4049 717 4113 stb.
738 4043 834 4132 (mint
849 4043 983 4116 fentebb
1000 4065 1030 4114 n.
1045 4043 1089 4132 o.)
1106 4047 1231 4113 Datum

107 4171 161 4238 per
173 4173 291 4222 manus
307 4153 440 4220 discreti
455 4151 518 4220 uiri
533 4153 684 4238 Magistri
700 4153 830 4222 Nicolai
845 4152 994 4222 Lectoris
1009 4153 1156 4220 Ecclesie
1171 4174 1226 4220 no·

107 4267 168 4328 stre
181 4259 265 4330 feris
289 4266 382 4328 sexta
413 4261 564 4346 proxima
593 4268 670 4328 ante
702 4260 899 4330 dominicam
932 4259 1230 4346 Ramispalmarnm

105 4389 185 4436 anno
200 4367 332 4436 Domini
351 4365 525 4434 millesimo
541 4369 767 4436 trecentesimo
790 4365 1072 4453 quinquagesimo.
1095 4364 1230 4432 Prosen-

105 4477 184 4546 tibus
200 4475 448 4543 honorabilibus
463 4475 541 4543 viris
568 4475 709 4544 dominis
740 4475 909 4544 Dominico
941 4472 1112 4558 Proposito
1144 4471 1231 4541 dicte

103 4583 248 4652 Ecclesia
262 4588 382 4670 nostre,
398 4583 537 4652 Nicolao
553 4583 728 4670 Wacienei,
744 4583 857 4652 etalio
882 4580 1020 4650 Nicolao
1052 4579 1233 4668 Pestiensi‚
