3080 5146
561 330 719 435 „aog-

74 535 128 594 tur
158 513 305 612 inferius,
338 524 412 592 vult
444 530 533 594 terra
564 530 678 593 nostra
694 519 835 610 chusii
852 525 1036 593 ohservare.
1050 523 1219 608 Ragusiui

76 654 205 720 semper
236 631 535 720 Archiepiseopum
568 630 692 715 eligent
723 629 765 698 de
779 631 934 716 Venetiis,
951 637 983 698 et
1007 630 1213 698 habebunta

80 742 189 809 Gradu
219 737 377 808 videlicet
408 758 512 822 usque
543 738 650 824 Caput
679 737 831 823 Aggeris.
863 739 906 804 Et
922 738 951 806 si
967 735 1117 808 dominus
1132 738 1212 804 Dux

80 847 248 916 adomino
294 845 388 931 Papa
418 846 539 931 poterit
568 845 730 927 obtinere,
777 844 866 929 quod
897 845 1209 933 Archiepiscopatus

81 955 213 1040 Ragusii
229 951 392 1020 Gradeusi
409 953 561 1020 Ecclesie
576 954 787 1039 subponam,
812 954 883 1018 eius
916 952 1107 1020 electionem
1137 973 1210 1040 pre·

80 1066 253 1131 sentabuut
269 1059 403 1128 domino
418 1059 610 1128 Patriarohe
635 1058 810 1144 Gradeusi,
842 1060 1114 1128 confirmationem
1145 1063 1210 1130 ele·

81 1169 195 1237 ationis
227 1170 432 1256 postulantes
448 1191 457 1249 3
473 1172 506 1235 et
531 1166 774 1254 confirmatione
789 1166 880 1233 sacta
895 1168 1007 1235 veniet
1024 1169 1146 1236 electus
1162 1167 1207 1234 ad

80 1275 200 1345 Sedem
228 1275 507 1361 Patriarchalem,
524 1281 558 1342 et
587 1272 866 1342 consecrationem
881 1271 923 1339 de
937 1294 1036 1343 manu
1051 1294 1112 1343 sua
1126 1277 1211 1344 acci·

82 1383 159 1467 piet,
187 1380 348 1465 facietque
363 1382 395 1448 ei
424 1380 629 1468 fidelitatem,
672 1380 892 1446 reverentiam
924 1387 958 1447 et
989 1381 1209 1450 obedientiam

83 1487 219 1556 debitam
235 1489 266 1556 ei
298 1488 453 1556 exhihere
483 1489 690 1576 promittens.
721 1488 875 1556 Preterea
906 1489 1090 1576 statuimus,
1118 1490 1206 1574 quod
1304 1501 1306 1506 '

83 1593 167 1661 idem
181 1595 454 1682 Archiepiseopus
469 1594 591 1662 iurabit
621 1593 813 1661 fidelitatem
840 1591 972 1662 domino
988 1595 1070 1664 Duei
1087 1607 1120 1666 et
1135 1619 1209 1668 suc·

85 1701 265 1771 sessoribus
281 1705 362 1789 suis,
379 1703 443 1769 nisi
459 1723 519 1788 pro
535 1702 583 1770 eis
609 1702 803 1770 remanserit
817 1727 827 1789 3
844 1709 876 1770 et
893 1705 942 1771 sic
957 1703 1078 1772 facient
1093 1727 1206 1776 omues

85 1799 338 1898 ¹Archiepisoopi,
370 1811 427 1894 qui
458 1810 493 1876 iu
524 1814 714 1896 perpetuum
747 1815 843 1878 erunt
875 1810 909 1876 iu
925 1812 1095 1896 Ragusina
1111 1813 1205 1900 Sede,

85 1916 232 2002 Ducibus,
248 1916 304 2003 qui
319 1935 380 2003 per
394 1924 543 2001 tempora
557 1921 662 1984 eruut.
685 1914 799 1984 Clerus
816 1923 926 1984 antem
941 1925 991 1985 ter
1006 1919 1041 1984 iu
1056 1939 1155 2007 auno,
1171 1921 1208 1990 iu

83 2024 257 2116 hlatidtate
287 2025 430 2110 Domini,
461 2025 497 2090 in
527 2023 657 2091 Pascha
686 2023 946 2092 Resurrectiouis
979 2033 1011 2092 et
1043 2027 1078 2092 in
1120 2027 1206 2097 festo

82 2133 191 2201 Sancti
223 2129 326 2200 Blasii
357 2133 475 2200 laudes
507 2131 686 2200 cantabunt
701 2125 735 2198 iu
759 2131 876 2198 Maiori
903 2131 1051 2199 Ecclesia
1067 2134 1208 2221 solemp-

87 2241 164 2307 niter
179 2240 309 2307 domino
326 2237 422 2323 Duci,
438 2239 570 2306 domiuo
586 2239 788 2323 Patriarche,
813 2237 1069 2326 Archicpiscopo
1100 2263 1159 2312 suo
1177 2249 1212 2312 et

88 2348 195 2416 Comiti
226 2348 316 2416 omni
348 2369 435 2416 auno
452 2372 460 2431 3
476 2355 608 2434 propter
639 2347 726 2432 quod
755 2348 1016 2416 benedictionem
1047 2352 1208 2438 recipient

86 2455 283 2544 hyperperos
310 2463 390 2542 tres,
422 2478 522 2524 uuum
554 2479 576 2524 a
591 2458 686 2524 nobis
716 2458 818 2542 Duce,
849 2457 989 2524 alterum
1019 2460 1062 2526 ab
1077 2460 1211 2531 Archie·

84 2565 211 2652 piscopo
240 2573 273 2634 et
302 2564 436 2632 tertium
465 2585 488 2632 a
518 2563 652 2632 Gemite.
682 2563 859 2631 Habebunt
889 2583 1017 2650 quoquc
1046 2568 1208 2654 Ragusini

76 2691 204 2758 :semper
237 2671 396 2740 Comitem
413 2676 447 2737 et
476 2671 618 2740 Comites
635 2671 676 2738 de
705 2671 862 2754 venetiis,
896 2692 992 2756 quem
1023 2677 1076 2742 vel
1092 2677 1208 2760 quales

88 2776 228 2847 domiuus
254 2779 331 2845 Dux
346 2799 418 2846 cum
435 2778 551 2846 maiori
565 2785 659 2865 parte
675 2779 727 2847 sui
744 2778 878 2848 Consilii
896 2779 943 2880 eis
960 2780 1040 2848 dare
1056 2783 1208 2875 voluerit,

88 2887 138 2968 qui
165 2887 286 2955 iurabit
317 2885 508 2956 fidelitatem
538 2885 669 2954 domino
699 2886 784 2954 Duci
800 2893 833 2956 et
857 2887 1100 2956 successoribus
1115 2893 1211 2981 suis;

87 3001 116 3061 et
129 2995 175 3062 sio
204 2995 328 3062 facient
357 3014 476 3062 omnes
487 2991 639 3078 Comites,
655 2995 711 3078 qui
727 3001 822 3062 eruut
837 3014 896 3082 per
912 3002 1060 3080 tempora
1074 2997 1109 3062 iu
1131 3017 1206 3083 per-

87 3107 222 3184 potuum.
238 3101 405 3170 Jurabunt
422 3121 552 3187 quoquo
582 3101 774 3171 fidelitatem
789 3101 907 3169 Comiti
924 3121 1036 3168 omnes
1051 3109 1084 3168 et
1104 3103 1210 3172 Cond-

86 3207 165 3275 tihus
198 3209 349 3278 omnibus
379 3207 496 3278 futuris
527 3209 562 3276 in
577 3221 784 3295 perpetuum,
798 3209 894 3278 salva
909 3207 1069 3276 fidelitate
1084 3209 1209 3282 domiui

88 3313 190 3404 Ducis,
206 3316 249 3384 ad
264 3315 421 3386 honorem
436 3316 645 3385 venetiarum
662 3323 695 3384 et
705 3318 846 3385 salutem
864 3315 1011 3401 Ragusii,
1028 3335 1101 3385 oum
1117 3319 1204 3390 bono

89 3422 245 3492 ethonore
275 3445 317 3492 ac
346 3425 531 3493 salvatione
561 3425 782 3493 venetiarum.
813 3426 856 3492 llt
871 3426 900 3491 si
917 3424 1000 3490 lorte
1030 3427 1206 3512 contigerit

86 3527 240 3600 dominum
272 3529 396 3600 Ducem
427 3530 482 3600 vel
514 3550 719 3602 successores
735 3550 811 3602 suos
831 3530 1011 3615 Ragusium
1026 3533 1206 3625 applicare,

89 3639 238 3726 recipient
269 3658 342 3706 eum
373 3638 558 3724 honorifice,
575 3657 616 3706 ao
645 3637 737 3706 illum
767 3638 997 3725 procurabunt,
1012 3643 1045 3707 et
1074 3642 1207 3714 nuutios

87 3765 155 3816 suos
177 3747 338 3817 similiter.
365 3749 408 3815 Et
423 3746 452 3816 si
467 3745 617 3817 domiuus
633 3748 708 3816 Dux
722 3747 863 3816 voluerit
880 3735 1042 3834 hospitari
1057 3744 1092 3815 iu
1108 3747 1207 3818 domo

85 3855 370 3946 Archiepiscopali,
386 3853 521 3924 habebit
537 3875 610 3948 eam
626 3855 671 3923 ad
695 3874 789 3922 suam
803 3853 1085 3952 honorificentiam
1101 3863 1134 3924 ct
1150 3877 1208 3926 vo·

87 3961 266 4050 luntatem3
298 3963 494 4051 sinautem,
525 3963 658 4032 dabitur
672 3964 703 4032 ei
718 3963 833 4031 domus
865 3961 1069 4032 honorabilis
1098 3983 1204 4052 usque

74 4069 154 4144 dun
182 4069 312 4142 steterit
326 4071 385 4153 ihi,
402 4078 434 4140 et
447 4071 572 4140 nuntiis
588 4072 659 4140 suis
675 4071 842 4140 decentem
875 4069 1005 4137 domum
1021 4089 1081 4158 pro
1095 4067 1209 4158 hospi·

87 4179 125 4245 tio
139 4178 362 4266 assignabunt
377 4179 420 4248 Et
436 4181 592 4265 quociens
611 4178 728 4246 iecerit
753 4176 892 4247 Venetia
911 4177 1208 4265 exercituumque

87 4287 283 4376 Dymehium,
315 4293 349 4356 et
368 4287 572 4376 aDyraohio
598 4293 631 4354 et
662 4285 749 4356 inira
778 4305 881 4372 usque
910 4285 1143 4374 Brundusium,
1173 4293 1207 4356 et

88 4395 296 4464 aBrundusio
311 4401 345 4464 et
359 4395 458 4484 infra,
474 4397 560 4466 sicut
573 4395 719 4464 Veuecia
735 4393 836 4464 lactet
846 4395 894 4464 sic
903 4394 1028 4464 sacient
1043 4391 1207 4476 Rugusiui

71 4504 254 4572 1(1111111111
284 4523 454 4574 numerum
483 4504 628 4573 virorum
659 4521 804 4572 suorum.
835 4500 871 4570 Si
901 4521 980 4571 uero
1026 4502 1206 4570 exercitum

71 4606 187 4681 :iecerit
201 4630 224 4680 a
237 4609 374 4697 triginta
403 4611 506 4698 lignis
521 4610 660 4681 armatis
691 4615 723 4679 et
737 4628 848 4696 supra,
863 4628 927 4694 que
943 4607 1207 4757 debeanttrans·

1034 4719 1078 4787 25
