3120 5148
569 151 726 250 nu.

70 341 235 408 ⁴crrlraluru
251 359 353 408 uuum
379 343 540 429 frumenti,
555 352 587 413 et
612 344 713 410 alium
739 358 852 430 arene,
869 345 962 410 cuius
986 361 1138 410 mensura
1152 343 1215 409 erit

72 453 221 530 ¹quatuor
236 467 430 538 pugnorum,
447 469 468 516 a
484 451 566 517 sesto
584 449 696 517 Sancti
712 447 895 536 ltyclaelis
910 447 1070 534 usquead
1093 448 1210 517 festum

77 551 234 620 Omnium
259 554 470 636 Saueterum‚
497 559 581 627 sicut
606 565 637 624 et
668 556 874 624 marturiuas.
899 555 1052 626 Preterea
1081 557 1213 626 solvant

81 659 179 726 iidem
195 661 345 747 lrespltes
369 669 603 733 claustrenses
628 663 855 732 calcatoribus
879 661 1138 750 marturinam,
1154 665 1211 749 qul

82 785 123 831 ex
138 775 236 852 parte
252 768 398 838 llcclesie
408 771 500 838 missi
515 769 647 858 furunt,
664 768 866 854 loqualiter
880 771 1049 839 mansione
1062 768 1143 838 eluar
1151 791 1211 858 ps·

83 875 220 958 gastina
237 883 269 944 et
293 877 445 946 eubulum
465 895 562 946 uuum
578 895 692 964 arene,
717 883 751 945 et
773 875 918 962 gullnanr
943 893 1050 946 uuam.
1083 876 1125 945 nr
1148 877 1212 948 uec

82 983 194 1049 cunia
209 982 255 1049 arl
270 983 451 1053 Ilcelesiam
467 986 508 1055 de
523 986 660 1072 'replica
677 985 818 1072 propriis
843 983 1005 1054 crimmis
1027 987 1213 1072 ponebant.

84 1087 156 1156 Seli
169 1097 356 1160 &meuses
373 1099 524 1160 teneutur
538 1092 678 1179 singulis
694 1092 799 1178 annis,
815 1093 971 1178 quociens
994 1107 1129 1161 neceam
1144 1093 1213 1162 lue-

83 1194 135 1281 rit,
153 1196 288 1265 stabula
312 1200 527 1283 quorumlibet
547 1199 737 1268 animalium
761 1197 869 1267 lacere
893 1200 945 1266 rel
971 1197 1153 1286 emendare,
1180 1208 1214 1268 et

78 1303 145 1370 bec
161 1305 304 1390 propriis
319 1305 500 1394 sumptibus
515 1315 548 1376 et
561 1304 737 1396 expensis.
754 1305 984 1376 Censtituimus
1007 1306 1151 1393 iusuper,
1176 1315 1216 1377 at

78 1407 127 1476 -rle
158 1411 378 1482 munenibus
409 1413 565 1500 predictis
595 1415 706 1484 nullus
735 1415 879 1498 aliquem
908 1411 1029 1482 sudam
1061 1415 1214 1484 rstlnere.

87 1516 263 1586 Sciendum
279 1526 465 1602 ementem,
481 1520 570 1605 quel
588 1521 623 1588 in
648 1528 736 1589 terra
762 1519 949 1589 llcuarterli
979 1521 1114 1608 'replica
1138 1529 1216 1592 suut

78 1624 221 1710 nulum
236 1626 434 1714 iebagioues,
451 1627 507 1712 qui
524 1628 645 1716 singuli
656 1645 729 1697 eum
742 1628 911 1715 pareumla
924 1645 987 1696 sua
1002 1629 1129 1698 scireut
1144 1637 1211 1700 tres

81 1751 207 1817 pensas
223 1731 440 1803 frbaliecrum
455 1736 623 1804 aunuatim
639 1733 782 1804 Ecclesia
797 1735 984 1822 'l'oplieeusi
1003 1755 1042 1804 ec
1066 1745 1213 1824 ternpore

87 1855 152 1922 quc
167 1840 345 1908 marturiue
369 1843 548 1911 solvuntur.
572 1841 715 1922 Quorum
731 1843 863 1911 nemius
886 1849 963 1910 suut
984 1842 1045 1912 nee
1060 1869 1068 1912 :
1086 1845 1211 1913 Gestae

85 1962 162 2010 cum
178 1946 351 2030 parentela
365 1967 426 2016 sua
452 1948 558 2016 solvet
582 1955 647 2018 tres
671 1967 802 2035 pensas,
828 1949 994 2016 Bromium
1009 1967 1082 2018 cum
1097 1971 1217 2040 paren·

82 2051 157 2116 tela
173 2071 236 2119 sua
250 2053 355 2122 solvet
369 2061 437 2122 tres
463 2073 592 2142 pensas,
615 2055 733 2123 Berkis
748 2073 821 2124 cum
837 2057 1007 2142 parentela
1032 2078 1094 2126 sua
1108 2061 1218 2128 solvet

83 2165 157 2226 tres
175 2177 305 2246 pensas,
330 2162 488 2230 Wratiala
508 2183 580 2232 eum
600 2165 768 2249 parentela
783 2183 844 2232 sua
867 2165 973 2233 solvet
997 2171 1063 2234 tres
1087 2185 1218 2256 pensas,

89 2266 207 2333 Petrus
236 2265 323 2334 filius
346 2267 452 2336 llurta
477 2289 549 2336 cum
574 2268 744 2355 parentela
768 2287 829 2335 sua
859 2270 964 2338 salvet
992 2283 1062 2338 tres
1085 2291 1219 2358 pausas,

84 2369 228 2458 ‘Boprlau
245 2391 317 2442 cum
331 2377 500 2459 parentela
515 2393 575 2444 sua
591 2374 633 2443 de
649 2376 760 2443 Insula
773 2374 877 2442 solvet
886 2381 952 2444 tres
961 2395 1089 2464 pausas,
1109 2378 1220 2447 Holdi·

86 2499 129 2546 ce
139 2499 214 2546 eum
224 2481 392 2565 parentela
403 2501 463 2548 sua
474 2482 580 2548 solvet
588 2488 655 2548 tres
666 2499 796 2568 pensa,
808 2479 958 2550 Wlehota
966 2501 1038 2551 eum
1050 2489 1218 2570 parentela

84 2607 154 2654 sua
169 2587 279 2654 salvet
293 2594 359 2656 tres
375 2607 506 2675 pensas,
522 2587 638 2674 Zrepiz
655 2608 727 2655 cum
742 2591 910 2674 parentela
935 2610 995 2658 sua
1019 2593 1125 2661 solvet
1150 2602 1219 2664 tres

92 2715 225 2782 pausas,
242 2695 377 2778 Rerglea
402 2715 473 2762 eum
499 2694 654 2762 fratribus
680 2698 748 2764 suis
762 2695 848 2763 ultra
864 2693 1001 2784 Culpam
1025 2701 1128 2768 solvet
1153 2711 1223 2772 tres

92 2821 222 2888 pensas,
239 2799 356 2869 Zlobea
372 2821 444 2869 curu
473 2803 646 2888 parentela
672 2821 732 2869 sua
755 2803 862 2870 solvet
886 2811 951 2872 tres
975 2826 1102 2894 penses,
1129 2809 1220 2876 Diliu

91 2931 165 2978 cum
192 2907 362 2992 parentela
387 2927 449 2976 sua
472 2909 575 2977 solvet
606 2917 670 2976 tres
695 2927 823 2996 pensas,
849 2910 1005 2981 Nestum
1029 2914 1123 2984 albus
1148 2935 1222 2984 curn

92 3015 267 3104 parentela
282 3035 341 3083 sua
356 3016 460 3083 solvet
483 3025 549 3084 tres
575 3035 706 3104 pensas,
732 3015 847 3085 Wiche
873 3037 944 3084 eum
969 3022 1136 3104 parentela
1160 3043 1222 3091 sua

89 3125 201 3192 solvet
215 3131 282 3192 tres
298 3141 426 3209 pensas,
442 3123 619 3192 Hemelcbe
635 3143 707 3192 cum
724 3135 849 3212 septem
865 3125 1017 3193 fratribus
1033 3129 1099 3194 ruis
1115 3129 1220 3198 solvet

88 3238 157 3298 tres
167 3249 299 3316 pensas.
316 3229 447 3316 Gestae,
457 3237 489 3296 et
497 3231 596 3298 Petro
604 3229 671 3298 lilio
682 3231 799 3316 llurta,
809 3231 962 3316 quoniam
972 3231 1092 3299 Abbati
1101 3233 1224 3322 T(bec·

90 3336 208 3424 baldc)
227 3345 260 3406 et
285 3335 570 3424 predecessoribus
595 3339 662 3408 suis
688 3346 720 3406 et
735 3337 882 3406 lleelesie
905 3338 1039 3426 Tcpliee
1064 3341 1225 3426 legittime

87 3445 414 3530 servierunt,etquia
424 3445 458 3512 in
468 3446 575 3533 ipsius
583 3445 796 3535 T(beebaldi)
807 3447 947 3514 Abbatis
956 3447 1109 3516 comitatu
1119 3459 1224 3538 aaut,

89 3563 160 3620 tum
176 3549 386 3638 privilegium
401 3551 461 3620 hoc
476 3553 603 3621 anobis
610 3555 751 3641 optinuit
762 3554 806 3620 erl
817 3554 937 3623 multas
947 3573 1059 3640 preces
1075 3556 1222 3626 eiusdem

90 3659 255 3742 Abbatis3
281 3655 346 3725 illis
362 3657 487 3726 seilicet
513 3660 638 3730 Gestae
663 3669 696 3728 at
720 3662 815 3728 Petro
840 3667 871 3729 et
896 3660 1072 3732 heredibus
1097 3665 1164 3733 suis
1189 3665 1224 3734 iu

89 3771 286 3851 perpetuum
303 3767 531 3854 wuccsrimus,
548 3777 582 3835 ut
608 3767 649 3836 (le
675 3770 822 3837 omuibus
847 3789 928 3853 quos
954 3769 996 3838 acl
1021 3771 1136 3859 predia
1161 3793 1225 3857 que

90 3892 182 3940 nune
196 3878 309 3939 tenent
323 3875 527 3960 attraxerint,
544 3875 677 3944 terciam
703 3881 830 3964 partam
854 3877 1104 3947 marturiuarum
1128 3879 1225 3948 lrabe-

90 3981 185 4066 bunt,
203 3986 237 4046 rt
251 3979 402 4050 Ecclesia
425 3981 562 4068 ‘l'cpliec
587 3983 669 4052 duas
694 3989 814 4068 partes.
839 3981 958 4050 Predla
983 3985 1105 4052 Gestae
1129 3992 1224 4053 sunt:

92 4087 199 4175 λίψ
228 4093 261 4155 et
293 4085 494 4174 Stabeucbc5
526 4089 640 4176 predia
666 4091 772 4158 Petri:
796 4089 1040 4178 Yclseuneuice,
1066 4093 1169 4160 Seruo
1194 4101 1228 4160 et

91 4195 209 4263 Celae.
226 4192 348 4265 Omnes
368 4216 447 4264 vere
473 4198 529 4266 isti
554 4199 743 4285 supradicti,
769 4198 826 4286 qui
851 4198 979 4266 solvunt
1004 4206 1070 4266 tres
1094 4218 1226 4286 pwsar,

89 4323 151 4390 per
165 4309 271 4371 tetum
280 4304 427 4388 Regnum
436 4305 607 4392 Hungarie
616 4305 660 4376 ad
671 4307 847 4376 iussionem
857 4305 995 4375 Abbatls
1010 4304 1063 4374 rel
1074 4306 1163 4374 illius
1172 4307 1229 4390 qui

92 4411 185 4480 vices
202 4413 274 4479 cius
290 4409 444 4481 mandato
466 4413 572 4500 ipsius
588 4415 799 4503 suppleverit,
816 4413 968 4499 quociens
994 4413 1075 4480 iussi
1099 4412 1228 4499 fuerim,
