3164 5154
539 217 719 316 Α...

54 407 129 476 liele
145 409 254 492 quanti
272 429 360 476 anno
376 407 543 476 Dominice
560 409 803 478 incarnacionis
828 411 1000 480 millesimo
1030 413 1199 480 ducenta·-

58 517 135 583 simc
151 515 318 585 tricesimo
334 516 482 603 septimo,
498 515 641 584 secundo
656 535 760 586 nonas
776 517 865 604 Maii,
880 519 984 605 Regni
1002 527 1113 590 antem
1129 523 1179 588 sui

58 643 140 690 nnnc
156 621 302 692 oecundo
320 621 574 708 priuilegialitcr
589 629 713 709 exorta,
729 623 844 709 sigillo
861 626 1005 695 eiusdem
1030 627 1179 714 dupplici
1190 680 1195 688 „

58 731 254 818 impendenti
271 731 406 817 vallata,
423 731 593 799 continens
618 731 652 798 in
678 752 714 801 se
745 753 858 803 omnes
888 733 1114 824 prerogatiuas
1146 742 1179 803 et

59 840 222 908 libertates
238 839 322 925 ipsis
338 837 464 908 ciuibus
479 836 679 908 Albensibus
694 859 888 929 concessam
912 843 996 912 iuter
1011 847 1119 910 cetera
1144 843 1177 908 in

63 947 216 1036 principio
233 947 347 1014 eedem
364 946 474 1014 littere
489 945 725 1034 exprimebant,
756 949 844 1032 quod
870 971 943 1020 oum
969 946 1176 1035 priuilegium

63 1054 168 1122 Sancti
183 1053 343 1140 Stephani
359 1053 471 1139 Regis,
485 1054 613 1138 pariter
630 1061 662 1122 et
677 1054 794 1140 Legati
819 1063 885 1124 tum
912 1055 1009 1124 Sedis
1041 1056 1179 1141 Aposto-

63 1163 128 1248 lice,
144 1162 326 1248 hospitibus
341 1161 539 1229 Albensibns
555 1179 744 1230 concessum
759 1164 903 1232 infausto
919 1185 997 1233 casu
1029 1162 1177 1248 incendij

63 1271 169 1336 luisset
182 1289 376 1337 conuersum
392 1269 427 1334 in
442 1269 593 1349 cinerem,
610 1268 711 1354 ijdem
728 1272 816 1339 ciues
832 1270 985 1340 Albensis
1017 1271 1180 1338 libertatis

63 1395 114 1443 sne
128 1383 244 1443 sutum
261 1377 413 1443 timentes
429 1381 535 1443 tractu
551 1383 730 1462 temporum
747 1377 781 1444 iu
798 1377 931 1446 dubium
948 1377 1095 1446 reuocari
1121 1396 1193 1444 seu.

63 1485 259 1567 aliquatenus
275 1486 464 1568 aggrauari,
490 1481 595 1550 cidem
628 1475 760 1553 domimo
792 1483 871 1554 Bele
899 1485 980 1570 Regi
1012 1483 1179 1552 humiliter

64 1593 304 1677 supplicassent,
319 1595 356 1657 st
371 1609 559 1658 concessam
589 1591 673 1674 ipsis
702 1585 727 1656 a'
752 1601 929 1661 memorato
963 1591 1177 1660 sanctissimo

65 1700 144 1782 Rege
157 1699 340 1766 libertatem
358 1697 429 1784 ipse
446 1696 595 1763 domimus
611 1697 693 1765 Bela
708 1699 779 1766 Rex
795 1719 854 1767 suc
871 1699 1063 1783 dignaretur
1078 1699 1192 1783 primi-v

64 1805 140 1887 legio
156 1807 363 1874 communire.
381 1805 471 1872 Idem
486 1805 584 1888 igitur
601 1805 680 1872 olim
696 1805 845 1872 dominns
861 1807 930 1873 Rex
940 1805 1021 1874 Bela
1031 1807 1177 1892 ipsorum

66 1912 172 1980 ciuium
187 1933 301 2000 preces
316 1912 542 1982 innutabiliter
559 1912 780 1998 admittendo;
815 1933 887 1980 cum
907 1921 994 1982 esset
1008 1911 1195 1996 notorium,

67 2029 94 2086 et
108 2023 289 2090 nullatenus
304 2021 429 2088 veniret
444 2021 479 2088 in
495 2020 639 2108 dubium,
654 2019 744 2105 ipsos
761 2020 986 2106 priuilegiatos
1017 2019 1180 2105 extitisse,
1194 2079 1198 2088 .

70 2138 96 2192 et
109 2131 225 2215 absque
242 2130 311 2196 vlla
327 2127 567 2214 interruptione
582 2127 733 2198 libertate
765 2131 798 2195 in
831 2127 927 2195 dictis
958 2127 1077 2196 litteris
1109 2126 1178 2194 suis

68 2242 211 2305 annotata
226 2255 303 2305 usos
320 2235 473 2303 continuo
489 2233 601 2321 luisse,
616 2235 757 2320 benigne
775 2235 988 2304 concessisset
1016 2233 1104 2318 quod
1119 2253 1177 2318 pe·

68 2343 174 2410 tebant
197 2346 299 2413 Porro
315 2343 458 2430 ipsorum
475 2342 595 2424 ciuium
612 2341 802 2411 Albensium
819 2343 951 2410 libertas
977 2348 1048 2409 erat
1080 2341 1176 2408 talis:

70 2449 142 2532 quod
156 2451 190 2517 in
206 2458 274 2519 toto
290 2453 404 2536 Regno
420 2471 488 2538 sno,
505 2469 566 2518 nec
582 2450 615 2518 in
632 2451 744 2536 aliqua
759 2456 854 2535 porta
871 2449 1003 2536 conlinij
1022 2445 1194 2514 tributum»-

74 2559 158 2628 nlicui
173 2558 301 2628 soluere
317 2557 568 2645 compellamtnr3
592 2565 742 2643 preterea
760 2557 945 2642 quicunque
961 2556 1106 2642 hospites
1133 2555 1177 2622 ad

72 2683 119 2732 cos
133 2668 276 2755 transire,
295 2673 328 2732 et
344 2666 479 2734 cumeis
496 2665 683 2732 conuersari
699 2665 869 2750 voluerint,
886 2685 927 2734 ea
943 2663 1095 2734 libertate
1111 2681 1178 2745 qua

75 2772 125 2857 ipsi
138 2776 294 2858 fruuntur,
312 2771 466 2839 similiter
481 2773 514 2838 iu
530 2778 721 2857 perpetuum
736 2773 926 2860 pociantur;
951 2771 1038 2857 quod
1054 2771 1082 2837 si
1105 2768 1176 2854 quis

75 2881 207 2951 inbutum
222 2883 266 2950 ab
282 2881 365 2967 ipsis
381 2880 541 2948 dolenter
558 2879 740 2968 extorserit,
759 2882 841 2948 iram
859 2881 960 2966 Regie
984 2877 1175 2962 Maiestatis,

76 2997 100 3054 et
111 3009 205 3057 rerum
223 3008 354 3058 suarum
371 2985 577 3072 dispendium
594 2987 708 3056 merito
724 2975 897 3056 sustinebit
922 2988 985 3056 sth.
1016 2987 1077 3054 stb.
1110 2985 1174 3051 stb.

77 3097 195 3176 Quarum
211 3096 343 3182 quidem
359 3095 540 3162 litterarum
559 3095 783 3164 exhiciomibus
798 3095 895 3164 iactis
912 3097 973 3164 stb.
996 3091 1058 3179 (Aa
1073 3093 1177 3179 itelet,

78 3204 159 3295 hogy)
174 3213 266 3293 prout
281 3224 323 3272 ex
338 3209 451 3272 tenore
476 3201 696 3290 predictarum
727 3203 909 3271 litterarum
940 3200 1016 3269 olim
1051 3197 1175 3266 domini

78 3313 138 3382 bele
149 3313 241 3398 Regis
257 3331 316 3398 pro
334 3317 428 3398 parte
443 3311 574 3398 ciuium,
591 3309 754 3396 hospitum
782 3316 816 3376 et
846 3308 1024 3376 incolarum
1055 3303 1196 3373 cintia--

79 3427 127 3486 hm
141 3419 297 3506 Albensis,
314 3416 491 3504 Budensis,
509 3416 712 3485 Pesthieusis
729 3423 760 3486 st
776 3414 1006 3503 strigoniensis
1017 3413 1178 3483 exhibita·

80 3547 131 3593 rum
144 3519 307 3606 libertates
323 3528 470 3612 ipsarum
486 3524 660 3592 (licitatum
677 3523 919 3594 declaraucium
935 3520 1178 3591 dabatnrimtel·

80 3635 132 3720 ligi,
146 3635 237 3721 longe
261 3641 338 3702 ante
368 3641 517 3720 tempora
546 3631 717 3720 prescripti
750 3632 873 3700 domiui
903 3632 1037 3719 (leyche
1066 3631 1177 3717 Regis,

81 3743 250 3827 temporibus
267 3741 393 3811 seilicet
408 3737 546 3808 antelati
561 3739 768 3808 Sanctissimi
784 3739 889 3823 Regis
913 3736 1081 3824 Stephani,
1107 3756 1178 3821 pro·
1197 3779 1198 3782 =

83 3857 108 3912 ut
120 3849 194 3917 idem
206 3851 276 3918 Rex
291 3851 373 3918 Bela
388 3848 508 3916 litteris
524 3847 593 3916 suis
609 3845 764 3934 predictis
795 3843 1013 3912 mediantibus
1038 3843 1175 3930 profite-

82 3958 165 4042 batur,
179 3956 330 4026 (linitates
347 3955 417 4042 ipse
433 3962 730 4040 consequenterque
745 3953 857 4040 populi
885 3959 916 4022 et
946 3951 1103 4040 hospites,
1135 3972 1175 4019 aa

86 4061 312 4133 dusselincole
329 4063 507 4133 earundem
524 4063 568 4129 ab
593 4061 681 4130 omni
712 4061 889 4129 exaccione
922 4079 979 4129 scu
1010 4059 1176 4128 solucione

85 4170 227 4238 tributaria
241 4179 406 4260 exemptos
423 4171 525 4240 fuisse
541 4177 574 4238 et
588 4189 663 4238 esse
679 4168 839 4238 assertiue
864 4167 1041 4247 recitando,
1067 4165 1176 4232 huius·

84 4274 156 4342 modi
168 4277 322 4348 libertates
339 4286 373 4348 et
388 4279 615 4365 exempciones
632 4276 712 4363 ipsis
729 4275 925 4344 ciuitatibus
941 4280 973 4342 et
989 4291 1100 4340 aarum
1127 4274 1175 4339 in-

85 4383 156 4450 colis
169 4389 221 4453 stb.
236 4405 289 4470 per
304 4387 483 4472 predictum
499 4383 746 4452 Sanctissimum
761 4384 899 4470 primum
916 4383 1034 4463 Regem
1044 4379 1192 4464 Hungu-

84 4485 132 4552 rie
144 4487 220 4560 datas
234 4501 262 4560 et
278 4515 449 4582 comesses,
466 4495 646 4581 peripsum
663 4491 828 4560 dominum
843 4490 954 4558 Belum
971 4489 1092 4572 Regem
1113 4487 1197 4555 stb..
