3078 5128
607 253 672 342 269

82 457 169 544 iortis
185 493 243 543 see
259 461 525 560 spoliucionibus,
542 485 682 537 necnon
698 473 730 536 ct
742 464 925 536 homicidiis
942 466 994 536 vel
1010 463 1089 536 aliis
1104 463 1201 533 mulis

81 589 148 666 pust
178 583 436 667 suprascriptam
466 597 582 666 pacem
612 577 744 665 iscam,
777 576 887 644 omnia
917 594 981 660 que
1022 581 1137 661 aperta
1169 577 1200 638 st

81 691 204 776 cognita
218 693 353 761 suntab
368 697 506 774 utraque
520 693 615 776 parta
630 686 759 772 penitus
774 683 962 773 reddantur,
978 685 1031 752 uel
1041 682 1210 770 precium,-

82 804 111 865 et
137 797 166 866 si
194 819 263 884 quo
292 803 369 866 sunt
400 816 463 882 que
493 817 559 864 nou
591 793 719 882 possint
748 793 833 860 inter
848 791 953 861 dictas
984 789 1065 860 duas
1089 794 1200 876 partes

82 904 189 992 sedem,
221 925 281 992 per
311 905 466 973 iudicium
496 905 594 971 trium
610 901 872 989 supradictorum
887 899 1042 986 virorum,
1067 895 1198 984 penitus

82 1016 219 1081 cessante
235 1010 497 1080 contradiccioue
529 1011 651 1096 aliqua,
682 1009 860 1078 secundum
883 1007 1048 1076 racionem
1074 1003 1201 1072 iusticie

82 1119 233 1188 iniuntur.
251 1118 316 1198 Qui
333 1125 441 1188 autem
458 1139 479 1186 a
494 1115 688 1204 supradicto
703 1115 925 1183 convencione
950 1111 1105 1197 resiliret,
1120 1109 1201 1176 mibi

80 1227 208 1296 solueret
238 1233 368 1297 centum
401 1246 529 1314 pensu.
561 1231 676 1294 Actum
710 1245 796 1294 anno
812 1223 930 1292 Grecis
953 1215 1197 1288 Mecxxxlv.

81 1351 180 1402 mense
194 1333 391 1422 Septembri.

152 1533 315 1598 (Tksicsics,
334 1531 458 1584 bionum.
477 1532 543 1584 bist.
562 1532 654 1596 Epiro.
675 1529 870 1598 Zaprabiensis
889 1529 911 1580 1.
931 1529 989 1579 ket
1010 1529 1052 1578 tt.
1071 1525 1101 1591 l.)
1232 1579 1236 1586 ,

498 1819 764 1832 -ι-ραι--ι--ι

593 2353 666 2422 184.

78 2541 126 2610 IX
139 2541 274 2632 Gerpely
285 2549 381 2633 pepe
399 2569 420 2609 u
433 2543 674 2630 pcuuoobalmi
689 2549 828 2634 cpdtceip
855 2549 886 2614 eo
917 2548 1062 2615 Demeter
1092 2547 1189 2633 looup

76 2651 134 2718 roze
148 2678 168 2719 o
181 2654 408 2740 cemeojecsi
422 2661 582 2721 monostor
597 2651 800 2739 tdrppcibunc'
815 2657 1085 2744 epyenetlcoaepek
1101 2659 1191 2724 irunt

475 2759 661 2828 inediedtk.
682 2759 778 2826 1234.

170 2957 346 3043 Gregorius
361 2956 542 3045 Episcopus
558 2975 672 3024 seruus
697 2975 865 3026 seruorum
896 2956 959 3024 Dei
990 2955 1185 3026 venerabili·

76 3063 127 3130 bus
139 3061 293 3132 iratribus
311 3115 318 3128 .
337 3114 345 3131 .
362 3115 369 3130 .
385 3062 622 3148 Vesprimicnsi
638 3069 670 3129 at
687 3114 696 3131 .
714 3113 722 3129 .
740 3113 748 3130 .
765 3063 925 3132 Nitriensi
941 3063 1121 3152 Episcopis,
1153 3071 1187 3130 et

75 3169 178 3240 dilecto
194 3172 282 3239 tilio.
305 3223 312 3238 .
330 3221 339 3240 .
357 3170 477 3238 Abbati
493 3170 534 3239 de
550 3170 632 3238 Pilis
648 3171 876 3240 Oistereiensis
894 3171 1025 3240 Ordinis
1057 3172 1184 3259 Vespri-

75 3276 190 3347 micnsis
205 3277 355 3347 Diocesis
370 3280 507 3346 salutern
525 3279 793 3365 coapostolicus
824 3279 1093 3348 benedictionem.
1133 3279 1184 3346 Ex

74 3389 156 3466 parte
170 3385 362 3454 dilectorum
378 3385 516 3455 tiliorum
532 3435 539 3451 .
557 3437 564 3452 .
582 3435 590 3452 .
606 3385 745 3456 Abbatis
761 3394 794 3455 et
809 3387 994 3454 Conuentus
1021 3387 1184 3454 Honeste·

75 3491 107 3574 rij
121 3491 228 3562 Sancti
243 3493 377 3562 Martini
392 3491 452 3560 fnit
466 3495 665 3580 propositum
684 3513 792 3564 coram
808 3494 911 3582 nobis,
928 3493 1014 3578 quod
1030 3513 1102 3562 cum
1117 3492 1183 3581 ipsi

73 3595 259 3668 Demetrium
275 3599 412 3668 mititem
428 3599 683 3685 Vesprimicnsis
699 3600 845 3670 Diocesis
863 3620 960 3687 super
986 3601 1185 3671 Monasterio

73 3699 177 3774 bonde
191 3705 294 3774 biario
310 3705 352 3772 ds
368 3713 478 3775 monte
493 3706 609 3786 Quizin
625 3727 697 3776 cnm
714 3707 924 3795 pertinencijs
941 3708 1010 3776 suis
1026 3708 1070 3776 ad
1095 3708 1187 3795 ipsos

72 3821 240 3900 spectante,
254 3813 341 3898 quod
358 3815 445 3883 idem
462 3815 503 3882 D.
520 3813 643 3883 detinet
658 3823 863 3906 occupatum,
880 3822 952 3902 post
967 3819 1077 3885 uarius
1102 3837 1185 3886 com-

73 3919 227 3992 missiones
242 3923 285 3990 ad
301 3922 450 3992 diuersos
465 3921 597 3992 Judicss
613 3923 806 4010 impetratas
822 3941 932 3991 eoram
963 3923 1084 3992 dilecto
1115 3925 1183 4012 tilio

73 4023 316 4101 dSnbdiacono
332 4038 365 4100 et
380 4030 560 4118 Capeliano
577 4039 686 4100 nostro
703 4037 781 4098 tunc
796 4031 832 4098 in
847 4031 995 4114 Vngsria
1026 4031 1184 4101 existente

73 4139 249 4208 auctoritate
265 4139 455 4227 Apostolica
470 4140 647 4209 traxissent
662 4139 696 4207 in
713 4159 845 4208 causam
859 4165 866 4223 ;
882 4137 967 4206 idem
984 4140 1184 4226 Capelianus

72 4257 188 4330 propter
203 4245 294 4315 illiue
310 4247 546 4317 contumaciam
563 4247 859 4315 excommunicanit
874 4245 1024 4332 eundem,
1049 4254 1082 4314 et
1104 4247 1183 4315 iecit

72 4354 367 4423 excommunicatum
387 4355 518 4442 publice
534 4354 693 4443 nunciati,
710 4373 849 4440 eumque
873 4373 954 4442 per.
973 4403 981 4420 .
1000 4405 1006 4420 .
1022 4353 1182 4426 Abbatem

72 4455 166 4529 boeti
181 4461 343 4532 Gotbmdi
360 4471 393 4532 et
409 4483 485 4533 snos
502 4465 646 4553 collegas
661 4461 833 4530 mandauit
865 4481 966 4550 usque
996 4461 1039 4530 ad
1071 4463 1181 4530 condi

72 4581 153 4664 pem
167 4571 422 4648 centurionem
439 4571 677 4654 inuiolabiliter
692 4572 870 4648 obseruari.
895 4573 952 4644 Set
967 4569 1078 4652 dictus·
1090 4573 1129 4656 Ι).
1141 4590 1182 4654 ts
