3208 5158
708 917 784 990 tle.

171 1116 205 1179 A
219 1111 372 1199 pouspat
387 1113 617 1201 kdptclannck
632 1118 909 1208 tempscptaeete
942 1123 1026 1212 isopy
1040 1127 1209 1237 Possunt·
1222 1145 1309 1204 dace-

172 1241 234 1306 9310
250 1221 358 1304 defici
384 1221 536 1308 bizonyoc
554 1219 667 1306 foldet
697 1225 833 1315 Gerpely
864 1231 1015 1298 kendznclc
1047 1238 1188 1306 eludent.
1212 1246 1308 1315 1268.

283 1415 471 1504 Capitulum
503 1419 650 1490 Ecclesia
680 1423 774 1490 Beati
805 1427 890 1494 Petri
923 1428 964 1496 de
995 1431 1126 1522 Posaga
1156 1422 1308 1511 omnibus

172 1521 297 1592 Christi
311 1523 463 1596 fidelibus
481 1537 665 1614 presentem
681 1532 835 1616 paginam
867 1537 1064 1623 inspecturis
1095 1547 1235 1617 salutem
1270 1555 1304 1620 in

172 1631 326 1702 Domino.
351 1630 564 1704 Vniuersitati
589 1644 696 1706 vestre
721 1647 832 1709 notum
865 1643 1002 1715 facimus
1033 1667 1093 1734 per
1124 1665 1305 1749 presentes,

171 1737 259 1824 quod
276 1741 410 1810 domina
425 1743 541 1812 relicta
557 1747 641 1812 Posa
658 1767 722 1814 vna
740 1769 810 1816 curn
827 1751 906 1838 filijs
922 1755 997 1838 suis,
1012 1757 1167 1830 videlicet
1180 1763 1306 1855 Grego-

171 1845 220 1912 rio
237 1853 272 1914 et
286 1847 402 1934 Panlo,
416 1869 457 1916 ac
472 1849 609 1918 Nicolao
627 1869 668 1918 ex
684 1853 788 1922 altero
819 1859 936 1925 marito
965 1881 1024 1930 suo
1055 1878 1228 1950 procreato
1261 1893 1303 1944 cx

170 1973 237 2021 vna
253 1963 357 2040 parte,
390 1954 568 2041 Gregorius
594 1958 761 2047 kenezyus
787 1983 829 2030 ex
845 1965 957 2054 altera,
970 1970 1013 2034 ad
1031 1979 1177 2044 nostram
1193 2001 1303 2052 acces·

169 2070 284 2131 serunt
299 2066 525 2155 presenciam;
546 2073 579 2134 et
609 2070 758 2154 predicta
788 2073 921 2144 domina
951 2097 1025 2146 cum
1055 2087 1195 2167 pretatis
1226 2091 1303 2178 filiis

170 2171 239 2238 suis
257 2169 383 2238 duobus
400 2171 559 2258 Gregorio
576 2182 609 2243 ct
626 2175 728 2245 Paulo
744 2180 892 2250 confessa
909 2191 968 2272 est,
994 2193 1212 2274 sequendam
1239 2205 1302 2268 ter-

169 2298 240 2344 ram
256 2295 351 2346 suam
368 2279 452 2351 inter
468 2281 592 2348 riuulos
607 2282 718 2352 Kenez
735 2293 767 2353 et
783 2289 1090 2379 Duboachpathaka
1106 2303 1202 2374 sitam
1227 2327 1301 2377 cum

169 2383 329 2454 omnibns
338 2384 537 2456 utilitatibus
554 2388 620 2458 suis
637 2397 670 2458 et
685 2395 900 2485 pertinenciJ's
917 2401 959 2468 ad
976 2405 1112 2475 eandem
1143 2416 1237 2482 metis
1270 2425 1302 2484 et

168 2492 318 2560 terminis
334 2495 549 2581 infrascriptis
565 2497 807 2590 circumdatam,
836 2505 878 2573 de
895 2527 1053 2582 consensu
1068 2529 1299 2602 prememorati

168 2599 226 2687 filij
245 2603 298 2670 sui
314 2603 454 2690 Nicolsi,
469 2613 501 2673 et
517 2605 558 2674 de
573 2609 739 2679 voluntate
755 2623 1051 2692 commetaneorum
1077 2647 1220 2725 suorum,
1252 2638 1300 2706 vi·

168 2709 291 2777 delicet
308 2709 409 2801 Gheh,
426 2715 538 2783 Tarda
553 2719 666 2800 generi
682 2721 743 2809 sui,
760 2729 793 2789 et
809 2725 927 2814 Draas,
957 2751 1067 2801 coram
1083 2740 1177 2810 nobis
1192 2765 1302 2830 perso·

166 2819 287 2887 naliter
302 2825 379 2888 tunc
389 2825 583 2914 astancium,
601 2843 661 2894 nec
672 2831 976 2924 contradicencinm,
993 2848 1300 2938 proquinquaginta

167 2927 287 2994 marcis
303 2930 435 3014 argenti
452 2931 609 3018 Gregorio
624 2937 772 3024 kenecyo
789 2942 989 3032 vendidisse,
1007 2949 1113 3020 sibiet
1124 2954 1299 3032 heredibus

167 3033 238 3102 suis
254 3042 425 3123 perpetuo,
441 3041 551 3124 quiete
570 3049 602 3110 et
617 3045 752 3131 pacifice
767 3047 1009 3140 possidendam,
1035 3065 1068 3126 et
1082 3059 1189 3145 ipsam
1203 3088 1300 3154 pecu·

165 3141 256 3210 uiam
273 3143 316 3210 ab
334 3145 448 3214 eodem
464 3149 614 3233 plenarie
629 3155 804 3244 recepisse,
839 3159 973 3228 exclusa
987 3170 1211 3244 tantummodo
1228 3197 1301 3264 por·

164 3247 261 3316 sione
278 3251 426 3336 predicto
442 3255 554 3324 Tarda
569 3277 691 3343 genero
707 3281 766 3329 suo
799 3264 981 3350 assignata.
1023 3274 1163 3364 Insuper
1195 3285 1299 3353 eciam

164 3356 332 3440 quandam
348 3359 477 3428 vineam
493 3384 585 3433 snam
601 3365 637 3434 in
653 3369 815 3439 territorio
833 3373 922 3442 Gheh
939 3379 1035 3448 sitam
1051 3385 1156 3455 eidem
1173 3389 1299 3478 Grego-

164 3463 213 3532 rio
230 3465 379 3552 kenezyo
395 3467 438 3536 ad
454 3473 616 3541 racionem
633 3475 777 3561 predicte
793 3483 931 3565 pecunie
947 3483 1011 3555 sibi
1027 3495 1195 3576 persoluto
1225 3521 1296 3588 pre·

165 3570 237 3640 fata
264 3569 396 3644 domina
412 3577 561 3648 vendidit
592 3602 701 3651 coram
734 3588 830 3656 nobis
861 3601 1021 3681 perpetuo
1051 3603 1297 3687 possidendam.

165 3677 269 3747 Cuius
287 3687 372 3749 terre
389 3684 494 3768 prima
510 3693 596 3757 meta
612 3690 728 3778 incipit
743 3694 835 3763 iuxta
850 3699 1142 3801 Dobouchpotolra,
1176 3717 1232 3785 ribi
1248 3729 1299 3790 est

164 3787 263 3853 arbor
278 3787 370 3874 pirus
387 3790 524 3860 iuferius
541 3793 669 3864 domum
686 3801 811 3885 Darns3
835 3805 911 3874 inde
927 3811 1020 3882 vadit
1050 3838 1165 3891 versus
1196 3826 1298 3896 orien-

161 3900 227 3959 tem
244 3894 289 3960 ad
306 3894 500 3968 Laazkerek
517 3911 673 3993 rocstas3
698 3909 812 3979 iudea
838 3917 948 4002 eapite
973 3922 1070 3992 unius
1100 3928 1210 4019 rinuli,
1242 3937 1298 4020 qui

159 4000 252 4069 radit
268 4021 382 4072 versus
399 4008 579 4100 meridiem,
612 4019 643 4080 et
658 4015 747 4083 cadit
762 4018 796 4085 in
829 4022 963 4094 fluuium
993 4029 1158 4105 Jazuinak
1190 4045 1297 4114 eundo

158 4110 250 4178 venit
265 4110 310 4178 ad
324 4111 441 4202 locum,
460 4119 517 4202 qui
534 4119 655 4189 dicitur
671 4125 917 4220 Kenesenuohe,
943 4137 998 4204 vbi
1015 4141 1105 4209 cadit
1119 4145 1154 4213 in
1170 4149 1297 4219 Kenes-

157 4218 306 4305 pataka;
331 4222 451 4293 abhinc
468 4229 536 4296 exit
552 4229 592 4299 de
608 4231 681 4316 ipso
697 4238 811 4324 potoir,
842 4247 874 4308 et
892 4242 1039 4314 declinat
1054 4271 1168 4323 versus
1201 4261 1297 4328 meri·

158 4325 257 4416 diem,
276 4336 308 4396 et
324 4333 416 4422 veuit
432 4335 475 4404 ad
491 4337 610 4407 siluam
627 4361 690 4426 quc
706 4345 826 4416 dicitur
842 4351 933 4442 Bok3
956 4355 1034 4428 iude
1064 4363 1219 4438 similiter
1251 4372 1296 4441 ad

157 4435 328 4505 meridiem
346 4441 452 4509 eundo
468 4444 568 4532 vadit,
601 4455 634 4517 ct
650 4453 739 4522 venit
754 4457 798 4524 ad
830 4461 994 4544 quoddam
1025 4467 1169 4562 lrabjsta,
1201 4498 1295 4563 quem

156 4543 284 4630 transit,
311 4553 344 4616 et
369 4549 461 4618 vadit
490 4573 618 4642 semper
647 4579 762 4631 versus
790 4567 969 4663 meridiem,
1004 4581 1036 4644 et
1066 4584 1219 4666 peruenit
1250 4588 1293 4658 ad

265 4681 370 4726 nouus.
388 4685 560 4734 uouc.u1sr.
582 4701 620 4716 -
638 4694 711 4738 nrm.
730 4697 774 4740 xx.
1142 4692 1186 4766 37
