3120 5148
679 301 739 366 111

132 502 279 592 Sanam.
319 495 571 580 Principaliores
590 515 719 579 quoque
735 491 880 564 redditus
897 503 928 563 et
944 492 1095 576 servicia,
1107 513 1184 587 „que
1210 513 1270 562 uos

132 615 286 690 tempore
302 604 450 670 Ducatus
467 604 568 670 nostri
585 603 625 669 de
642 603 754 670 ecdem
771 605 933 674 Comitatu
949 613 1131 700 recepimus
1147 629 1269 679 annna-

134 715 204 800 tim,
222 713 372 799 presenti
388 711 507 798 pagine
525 711 675 778 duximus
691 712 876 780 inscrenda.
902 715 966 784 Pro
982 722 1171 790 marturinis
1188 741 1265 787 nna·

138 842 267 906 queque
283 819 412 887 mansio
428 819 546 904 viginti
563 825 702 904 quatuor
718 819 883 889 frisaticos
902 827 1028 895 solvere
1061 835 1188 898 tenetur
1217 850 1271 896 sn·

137 931 276 996 unatim.
301 930 353 995 Ab
371 927 432 992 bac
448 933 555 994 autem
571 927 820 993 marturinarum
838 931 1018 1000 collucicne
1035 937 1146 1004 nullus
1164 954 1269 1004 exeru-

139 1045 216 1123 ptus
233 1043 283 1102 est
299 1041 409 1120 preter
426 1037 577 1118 quinque,
610 1054 744 1117 quorum
761 1034 823 1101 bec
839 1046 914 1104 sunt
930 1043 1062 1108 nomina
1078 1069 1087 1109 ε
1103 1043 1270 1112 Bremiuer

137 1147 172 1212 in
188 1143 349 1224 Bouicba,
367 1141 521 1225 Wullran,
540 1141 680 1225 Werlris,
708 1141 844 1226 Bogdan
870 1152 903 1212 ct
929 1147 1090 1217 Gcstovre.
1128 1151 1269 1218 Istorum

138 1255 284 1336 quinque
300 1250 551 1333 iovbavgionum
567 1249 706 1333 quilibet
722 1269 793 1316 cum
810 1251 964 1322 fratribus
981 1261 1050 1324 suis
1076 1259 1212 1325 uterinis
1239 1266 1271 1324 et

139 1359 317 1445 nepotibus
333 1358 432 1425 debet
448 1357 598 1425 Ecclesie
615 1357 656 1423 de
672 1359 812 1443 Toplica
828 1367 893 1428 tres
911 1381 1030 1446 pensas
1047 1366 1217 1432 annuatim
1238 1371 1272 1432 et

137 1469 334 1533 descensum
351 1471 474 1533 tenere.
497 1465 618 1532 Porcus
636 1485 712 1532 vero
728 1468 836 1550 regios
853 1469 950 1537 debet
967 1471 1116 1539 Ecclesia
1133 1471 1174 1538 de
1202 1479 1270 1540 tcta

133 1582 229 1642 terra
243 1592 305 1638 sua
322 1573 489 1658 colligere,
506 1571 554 1638 ita
570 1571 656 1654 quod
673 1574 783 1640 nullus
808 1575 852 1641 ab
878 1596 987 1644 eorum
1019 1578 1199 1646 sollucione
1229 1581 1272 1650 sit

141 1685 326 1767 exemptus.
359 1679 512 1746 Homines
529 1677 571 1744 de
588 1677 657 1744 loro
673 1679 818 1766 Toplicc,
835 1689 944 1765 preter
975 1685 1179 1771 marturinae,
1201 1686 1271 1754 red·

141 1793 220 1858 dere
238 1787 359 1855 debent
374 1785 529 1854 tenellam
546 1786 624 1871 vini,
643 1789 759 1854 bovem
777 1809 888 1874 unum,
906 1795 938 1856 et
956 1789 995 1859 de
1011 1793 1152 1877 singulis
1168 1793 1270 1862 domi·

141 1904 200 1966 bus
212 1915 332 1982 panem
343 1915 455 1981 unum,
474 1902 505 1962 et
517 1894 579 1962 boc
590 1901 639 1960 ter
655 1895 689 1960 in
706 1907 800 1982 anub,
818 1897 942 1965 scilicet
959 1924 967 1966 ε
985 1901 1019 1965 in
1036 1901 1147 1968 Natali
1162 1903 1271 1970 Domi·

137 2009 185 2092 ni,
199 2007 234 2071 in
245 2007 362 2090 Pasce,
380 2004 413 2068 in
429 2005 665 2089 Assumpcione
681 2005 783 2071 Beate
799 2005 958 2089 Virginis.
969 2007 1184 2077 Centuriones
1196 2031 1268 2078 cum

138 2116 208 2183 suis
225 2111 383 2181 subiectis
400 2111 575 2181 servicium
591 2131 684 2178 suum
712 2111 849 2179 fideliter
876 2113 1090 2200 adimpleant,
1117 2117 1272 2186 videlieet

137 2223 172 2288 in
189 2219 350 2303 metendo,
367 2217 601 2303 congregando
617 2227 649 2285 et
666 2218 836 2286 inserendo
852 2241 964 2287 omnes
975 2229 1106 2306 segetes
1116 2221 1271 2291 Ecclesie.

139 2329 191 2396 De
209 2327 397 2396 casualibus
413 2327 623 2414 proventibus
638 2326 673 2393 in
689 2329 879 2413 reparandis
913 2330 1070 2415 domibus,
1103 2333 1271 2416 quociens·

140 2457 268 2521 cunque
283 2455 415 2503 necesse
431 2436 538 2520 fuerit,
557 2443 588 2501 et
604 2437 638 2501 in
655 2435 730 2502 aliis
748 2435 868 2530 debitis
886 2436 1043 2518 serviciis,
1077 2439 1270 2507 insecundo

139 2547 251 2612 lenum
268 2553 300 2610 et
317 2542 545 2628 congregando
563 2542 694 2627 proprio
711 2543 798 2610 victu
816 2551 848 2609 et
866 2543 1044 2630 vebicnlls;
1062 2548 1272 2613 etannnatim

134 2653 332 2738 persolvant
348 2653 496 2719 Ecclesie
510 2649 595 2734 quod
613 2651 689 2715 olim
706 2650 792 2718 Duci
809 2651 860 2716 vel
887 2651 1005 2718 Comiti
1031 2654 1272 2738 persolvebant,

140 2761 268 2828 scilicet
285 2787 292 2826 :
311 2765 450 2844 quatuor
466 2759 565 2823 boves
584 2763 615 2824 et
631 2758 765 2842 triginta
781 2758 935 2844 gallinas,
964 2767 1104 2843 quatuor
1129 2779 1270 2845 anseres,

141 2879 303 2937 trecentos
320 2885 430 2954 panes,
447 2867 582 2949 triginta
597 2868 710 2952 ydrias
728 2865 768 2930 do
786 2867 870 2950 vino,
888 2867 1110 2952 quadraginta
1137 2870 1272 2936 cubulos

140 2999 255 3045 avene.
294 2977 336 3042 Et
353 2975 393 3042 de
410 2975 547 3042 servicio
565 2973 698 3039 Comitis
716 2974 858 3040 (lurialis
885 2975 1036 3040 cubulum
1064 2973 1270 3060 similaginis,

139 3085 294 3152 eubulum
312 3081 419 3166 millii,
437 3081 590 3150 eubulum
607 3079 725 3162 mellis,
743 3083 856 3147 bovem
872 3101 982 3165 unum,
1002 3081 1186 3164 quindecim
1202 3083 1273 3167 gal·

137 3194 240 3278 linas,
257 3213 350 3260 ovem
368 3211 475 3274 unam,
506 3188 691 3271 quindecim
709 3189 822 3272 ydrias
858 3188 935 3272 vini,
969 3187 1105 3272 triginta
1133 3189 1268 3256 cubulos

135 3322 248 3368 arene
266 3309 298 3366 et
314 3318 463 3365 anserem
480 3317 589 3363 unum.
614 3298 650 3361 Iu
670 3297 798 3362 Bachns
815 3304 891 3362 sunt
909 3295 1064 3380 homines,
1081 3294 1136 3379 qui
1152 3295 1272 3361 debent

129 3407 264 3479 ibidem
282 3425 437 3492 reparare
454 3405 566 3470 domos
584 3411 615 3469 et
631 3403 732 3483 dolia,
750 3403 970 3469 molendinum
988 3412 1022 3469 et
1055 3401 1185 3468 turnum
1215 3422 1272 3487 pro

128 3515 396 3587 necessitatibus
411 3511 546 3578 fratrum
563 3517 684 3596 tenere,
702 3519 733 3577 et
751 3529 953 3595 quocumque
986 3511 1100 3578 Comes
1133 3508 1273 3577 Ourialin

126 3626 325 3716 preceperit
341 3640 401 3706 pro
418 3619 671 3685 necessitatibus
690 3619 837 3686 Ecclesic
852 3619 908 3686 ire.
941 3619 979 3684 In
995 3617 1132 3685 Abbatis
1148 3623 1215 3685 tum
1241 3625 1275 3684 ct

124 3740 280 3805 fratrum
298 3728 435 3796 arbitrio
451 3725 665 3811 relinquatur,
690 3731 785 3810 prout
801 3725 934 3793 utilitati
952 3725 1098 3793 Ecclesia
1114 3744 1172 3794 suc
1188 3725 1274 3793 vidc-

119 3845 183 3912 rit
202 3837 366 3924 expedire,
383 3833 567 3902 reddituum
584 3835 636 3901 vel
653 3831 861 3899 serviciorum
877 3832 939 3899 sibi
950 3833 1129 3900 debitorum
1140 3854 1273 3901 consuc-

117 3949 274 4020 tudines
293 3950 491 4010 commutare
507 3961 565 4008 seu
582 3939 832 4008 conveniencius
849 3941 1021 4022 ordinare;
1047 3940 1222 4009 dnmmodo
1239 3941 1274 4008 id

116 4057 321 4136 diligenter
338 4049 522 4135 attendant,
540 4045 627 4131 qnod
643 4048 851 4131 antiquorum
876 4046 1061 4114 reddituum
1093 4048 1146 4114 vel
1177 4050 1275 4116 servi·

114 4172 268 4238 ciorum
285 4157 524 4243 equipollencia
541 4155 576 4222 in
592 4155 697 4240 ipsius
714 4154 981 4222 commutacionis
1009 4175 1066 4223 scu
1092 4153 1272 4224 ordinacio·

109 4279 190 4346 nis
216 4277 326 4335 tenore
343 4265 471 4346 integra
496 4271 712 4332 conservetur.
748 4263 982 4332 Censtituimus
1014 4263 1155 4348 insuper,
1190 4266 1275 4349 quod

108 4379 281 4454 cuilibet
307 4373 411 4440 libero
442 4372 566 4439 homini
599 4371 731 4439 aliunde
763 4372 905 4439 venienti
938 4379 1059 4437 terram
1092 4370 1275 4456 supradicte

103 4483 294 4566 Ecclesie
309 4481 410 4547 liceat
425 4479 582 4568 babitare,
601 4486 633 4545 et
649 4478 754 4546 eidem
773 4477 971 4547 monasterio
1005 4499 1052 4563 ca,
1083 4497 1148 4562 qua
1178 4481 1275 4547 ceteri

108 4593 296 4682 hospites
312 4591 457 4656 serviunt
473 4588 556 4674 lege,
589 4588 711 4656 serviat
727 4595 759 4654 et
789 4589 895 4656 nullus
929 4606 999 4652 eum
1033 4587 1191 4672 impedire
1222 4593 1279 4652 aut
