3208 5158
645 268 806 368 Q

156 475 312 542 etaltera
337 471 371 538 in
398 469 518 557 rupim
542 475 574 533 et
604 465 680 532 inde
711 462 803 531 vadit
834 464 877 531 ud
906 481 1005 530 vnum
1035 459 1183 529 arborem
1214 462 1296 540 sulp

153 583 287 666 signum
304 579 500 662 habentem
526 579 558 644 et
582 575 660 640 inde
685 571 776 641 vadit
805 577 893 639 reete
923 567 966 636 ad
997 568 1163 638 introitum
1194 569 1293 638 unius

154 692 241 759 silue
259 709 323 774 quo
340 685 461 754 dieitur
469 685 676 770 feuuaerdus,
695 687 727 747 et
742 680 776 746 in
793 682 897 747 tribus
914 678 1087 747 arboribus
1119 685 1195 746 sunt
1224 687 1292 746 tres

158 815 282 884 uruoes,
301 804 332 864 et
347 815 451 881 prope
466 793 543 860 illas
559 795 691 860 arbores
709 797 760 857 est
775 795 864 856 metu
880 795 995 876 terrea,
1023 787 1112 854 etde
1128 785 1294 872 lapidibus

158 907 259 990 saeta,
276 903 312 970 in
328 923 393 988 qua
409 909 458 968 est
475 901 571 968 arbor
581 919 707 985 magna
721 898 839 986 tolpfo
853 897 1003 981 signatu3
1027 895 1105 962 indo
1131 915 1191 980 per
1222 912 1298 963 een-

162 1015 239 1080 de'm
247 1013 449 1100 feoeoerdeu
465 1007 557 1076 vadit
573 1006 618 1072 ud
633 1007 752 1074 vallem
768 1025 827 1091 per
842 1011 947 1071 metas
964 1009 1102 1091 ueteres,
1119 1012 1151 1072 et
1176 1024 1292 1092 nouas,

162 1129 196 1189 et
211 1121 347 1188 arbores
364 1119 495 1202 signum
511 1117 616 1184 oruois
647 1116 825 1197 habentes;
849 1119 882 1180 et
913 1113 955 1181 ds
985 1113 1076 1179 valle
1107 1131 1166 1196 per
1195 1133 1295 1182 vnum

160 1228 263 1296 berch
280 1225 372 1294 vadit
387 1223 432 1290 ad
446 1230 589 1291 montem
605 1223 701 1292 Rudu
716 1241 774 1309 per
791 1231 896 1292 metas
912 1228 1040 1293 veteres
1057 1233 1090 1292 et
1119 1243 1232 1314 nouos,
1263 1231 1299 1290 et

160 1339 299 1404 arbores
315 1335 410 1420 signo
426 1332 532 1399 oruois
549 1331 707 1416 signatas,
740 1331 831 1399 ouius
847 1333 966 1399 montis
982 1331 1117 1399 sinistro
1133 1353 1209 1419 pars
1226 1354 1298 1421 per·

162 1444 248 1511 tinet
263 1441 307 1510 ud
323 1447 443 1508 terram
460 1443 613 1506 Rususna
627 1438 829 1524 prodietom3
855 1447 886 1506 et
899 1439 976 1506 inde
999 1439 1092 1508 vadit
1121 1442 1166 1508 ad
1196 1463 1296 1510 vnum

163 1555 284 1640 lypetb,
303 1549 395 1617 onius
411 1568 490 1636 pars
505 1547 644 1634 pertinet
659 1547 702 1613 ad
719 1549 890 1628 Rusnsna3
914 1547 1031 1614 deiude
1046 1547 1141 1616 vadit
1156 1550 1200 1616 ad
1215 1552 1296 1618 oooi-
1313 1586 1320 1596 -

163 1659 297 1724 dentem
314 1675 374 1742 per
389 1674 543 1740 magnam
559 1655 644 1722 vium
661 1654 705 1722 ad
720 1655 832 1722 villam
850 1657 937 1722 Petri
952 1655 1010 1740 filij
1043 1657 1128 1744 Elye
1160 1659 1299 1745 ‘Poplioa

164 1764 299 1831 nomine
316 1784 377 1849 per
392 1768 496 1828 metas
512 1769 638 1830 veteres
654 1761 698 1828 ad
723 1781 821 1828 vnum
854 1765 1000 1830 arborem
1033 1765 1135 1852 bpkfa
1167 1767 1301 1835 nomine

165 1872 298 1953 signum
314 1871 420 1936 erneis
435 1869 610 1938 habentem
626 1893 634 1956 ;
654 1869 775 1936 deinde
791 1889 850 1956 per
874 1876 977 1938 metas
1007 1892 1108 1958 supra
1137 1872 1301 1955 quendam

167 1983 309 2044 montem
325 1975 493 2043 Vetnrunk
509 1996 568 2062 per
583 1975 742 2061 quasdem
753 1985 856 2044 metas
867 1985 1039 2063 separetur
1049 1982 1299 2049 terraRususnu

170 2083 351 2168 aquodam
368 2090 466 2166 terra,
486 2103 547 2168 que
563 2092 696 2150 vooutur
712 2083 850 2170 Polglu3
877 2093 909 2152 et
940 2084 1061 2154 deinde
1091 2088 1298 2171 procedendo

169 2193 347 2260 reuertitur
364 2191 407 2258 ud
423 2191 603 2277 predictum
621 2193 727 2258 looum
744 2191 905 2260 Somkuth
931 2193 974 2260 ad
998 2193 1136 2279 primum
1168 2203 1299 2284 metam,

168 2307 202 2367 et
219 2300 265 2367 ibi
281 2299 476 2366 terminatur
491 2303 553 2367 sib.
588 2301 683 2366 Anno
699 2301 871 2368 Dominioe
886 2302 1130 2370 Inoarneoiouis
1154 2303 1303 2374 Modum

166 2407 333 2476 tricesimo
353 2414 454 2475 sexto.

170 2609 229 2668 (An
248 2606 417 2671 esztergemi
436 2606 628 2670 ktptalannuk
649 2608 762 2656 1430-ki
781 2607 952 2672 terraturium
972 2625 989 2660 a
1001 2610 1085 2662 budai
1098 2613 1151 2662 kir.
1175 2614 1304 2666 kamuroi
1426 2661 1432 2664 .

639 2697 833 2758 leveltdrben.)
956 2761 958 2766 ,

604 2985 872 2998 ...-.-.......-...—-

707 3407 781 3474 456.

168 3607 250 3673 Korn
266 3605 498 3690 pb'mb'rmepyee‘
512 3605 638 3690 helyse'p
653 3604 797 3688 hutdrai,
812 3604 873 3670 IV.
889 3604 976 3671 Boiu
988 3607 1097 3692 tiroip
1110 3610 1309 3697 privilepiu·

496 3711 616 3777 mduuk
633 3713 785 3799 alapjdo.
808 3691 859 3778 liv
874 3711 986 3778 uultui.

284 3907 353 3975 Nos
369 3909 483 3974 Comes
500 3907 654 3972 Nicotaus
670 3907 710 3974 de
728 3905 814 3974 Zeoh
830 3907 939 3974 Juder
971 3905 1067 3974 Curis
1098 3908 1308 3978 Serenissimi

172 4023 207 4084 et
222 4015 389 4099 Magnifioi
406 4015 569 4098 Principis
587 4013 708 4080 domini
725 4015 881 4082 Lodouioi
893 4017 955 4083 Dei
966 4017 1079 4102 graoia
1089 4017 1199 4084 Inoliti
1209 4018 1312 4103 Regis

168 4121 345 4208 Huugarie
362 4121 476 4188 damus
493 4142 552 4204 pro
568 4122 731 4206 memoria,
762 4123 849 4206 quod
866 4125 990 4191 Comite
1005 4123 1171 4210 Stephano
1189 4123 1307 4191 Bubek

173 4231 305 4318 pridem
323 4229 475 4296 similiter
490 4231 604 4297 Judioe
621 4231 717 4298 Ourie
731 4229 832 4314 Regio
848 4237 957 4298 nostro
972 4231 1200 4318 predeeessore
1224 4234 1309 4298 bone

170 4339 331 4406 memorie
348 4337 506 4422 vigesimo
523 4337 625 4404 teroio
641 4336 694 4404 die
710 4337 946 4421 quindenarum
971 4339 1046 4407 festi
1077 4339 1311 4406 Pentheoostes

168 4448 208 4513 in
225 4445 312 4512 Sede
329 4464 389 4513 suu
405 4442 575 4511 Judieariu
591 4446 652 4512 stb.
675 4443 874 4532 considente,
906 4446 991 4516 inter
1021 4445 1104 4516 alius
1135 4444 1304 4513 «Iohannes

169 4553 357 4621 Litteratus
372 4551 460 4620 filius
476 4552 605 4620 Nioolai
622 4553 661 4619 de
693 4553 861 4639 Torualyu
892 4557 1107 4640 personaliter
1140 4554 1173 4620 in
1205 4553 1313 4639 ipsius

1140 4662 1202 4730 39*
