3120 5148
568 280 729 380 -rs—r—

113 477 269 558 ceterisqne
286 475 465 544 comitibus
483 476 662 543 Comitatus
678 477 871 562 tenentibus,
886 475 990 562 Regni
1007 477 1112 546 nostri
1127 497 1222 545 anno

111 580 319 652 terciodecimo.

111 784 226 841 (tiredstie
243 784 429 849 bdrhrirtyan,
448 800 466 834 a
484 783 622 848 liele-fejer
641 783 883 848 sclyemzsiupron
909 785 996 850 tiiggd
1025 784 1122 848 peccet
1140 786 1218 834 slve«

311 879 405 936 szctt3
424 889 441 923 a
459 875 545 924 budui
563 875 617 924 kir.
638 874 767 924 kamarai
786 874 985 936 levdltetrban.)

518 1156 784 1166 ——---.-.

625 1692 678 1758 97.

35 1863 36 1924 Γ
112 1886 148 1948 rr.
162 1887 260 1952 aare
276 1890 389 1972 urlary
405 1889 571 1954 Paterna
589 1892 620 1953 a
637 1891 744 1956 chac
760 1890 952 1956 comacula
983 1891 1109 1957 raeda
1134 1895 1220 1978 serp·

35 2007 37 2060 l
114 1997 191 2078 rdpitk
200 1993 340 2082 fejc‘bcrs,
369 1997 482 2081 accipet
497 2021 536 2061 az
553 2001 742 2078 casterpame'
759 2000 944 2084 epybdzaak
961 2001 1219 2085 adomoiayosott,

35 2095 36 2118 ²
199 2103 306 2168 Burin
322 2109 404 2170 nevel
412 2102 494 2188 feld
509 2105 746 2188 adomdnyc'vcl
762 2104 995 2189 dcirtadauitjo.
1014 2108 1109 2173 1217.

201 2299 236 2362 lu
277 2298 409 2364 nomine
449 2299 566 2365 Sancte
598 2297 766 2364 Trinitatis
799 2305 830 2363 et
860 2296 1030 2364 Indiridue
1069 2297 1221 2367 Unitatis.

112 2403 239 2469 Andreas
256 2405 318 2468 Dei
331 2403 609 2488 gracia2Ungarie,
621 2403 800 2488 Dalmacie,
813 2401 957 2489 Groaeie,
969 2405 1081 2491 Reme,
1093 2405 1218 2491 Servis,

35 2511 36 2522 ¹
114 2508 244 2596 Gallicis,
260 2511 515 2594 lodomcricque
530 2512 600 2578 Rex
617 2510 861 2596 inperpetuum.
889 2511 966 2578 Gom
984 2531 1032 2596 ea,
1048 2533 1111 2596 que
1126 2516 1220 2580 bono

35 2607 36 2614 '
113 2635 167 2681 rum
177 2618 414 2684 deliberacione
424 2617 571 2702 legitima
588 2618 813 2703 disponuntur,
831 2623 862 2684 et
880 2618 1020 2685 maxime
1037 2637 1100 2702 que
1115 2621 1221 2706 Regia

35 2805 36 2812 ἵ
112 2731 271 2806 pertractat
287 2723 476 2806 auctoritas,
502 2724 596 2790 solra
620 2745 746 2810 semper
762 2733 795 2792 et
820 2725 1014 2794 inconcussa
1031 2745 1223 2812 permanere

112 2827 243 2898 debeant.
287 2831 340 2896 Ad
380 2831 599 2897 universorum
626 2831 828 2916 presencium
874 2839 972 2916 atque
1018 2840 1219 2918 posterorum

35 3023 36 3030 ἵ
111 2937 244 3005 noticiam
278 2939 458 3004 clarescere
491 2939 659 3006 volumus:
691 2959 750 3006 uos
775 2939 808 3004 in
824 2939 1114 3007 commutacionem
1140 2939 1220 3007 ville

35 3051 36 3068 ³
113 3045 230 3132 Turdus,
264 3067 363 3130 quam
396 3045 514 3112 nostris
545 3043 695 3112 fidelibus
727 3045 863 3112 Paulino
892 3046 1008 3114 Comiti
1035 3057 1068 3116 et
1098 3050 1225 3116 Jacobc

35 3193 36 3198 κ
112 3151 300 3236 doloremne,
342 3161 375 3218 et
415 3153 620 3238 postmodum
666 3153 786 3220 Sancte
820 3154 1033 3238 Strigcnieusi
1074 3155 1224 3221 Ecclesie

116 3262 302 3345 contulimus,
336 3269 454 3327 terram
486 3261 563 3326 ville
579 3260 689 3346 Burin,
723 3259 842 3344 quead
868 3261 1015 3328 Castrum
1033 3261 1223 3328 Posouiensi

116 3369 190 3452 prius
215 3369 410 3456 pertinebat,
438 3369 580 3452 exceptis
615 3368 846 3454 castrensibus,
884 3376 1059 3436 memorato
1085 3368 1225 3436 Paulino

113 3472 212 3543 Comiti
229 3483 262 3544 et
288 3477 411 3544 Jacobs
429 3485 460 3543 et
492 3495 600 3543 corum
626 3475 810 3560 heredibus,
843 3497 899 3562 per
924 3484 1069 3544 nostrum
1095 3474 1222 3543 fidelem

113 3581 304 3670 lampertum
337 3585 440 3650 filium
472 3583 629 3668 Omodey,
662 3583 695 3648 in
728 3591 918 3668 perpetuum
950 3585 1148 3668 contulisse;
1177 3587 1223 3653 ita

35 3687 36 3776 j
114 3692 271 3761 udelicet:
303 3700 339 3758 ut
370 3692 455 3759 sicut
495 3689 729 3775 strigoniensis
770 3691 919 3758 Ecclesia
950 3691 1062 3758 villam
1094 3691 1224 3759 Turdos

35 3861 36 3876 ἶ
114 3799 328 3868 iurisdiccione
339 3806 497 3885 perpetua
507 3798 651 3884 suscepit
661 3797 902 3886 posidcndam,
920 3799 1031 3866 codem
1042 3797 1123 3867 iuris
1140 3801 1225 3868 ordi·

115 3925 147 3970 ue
167 3909 320 3994 sepedicti
338 3907 496 3973 Paulinus
514 3905 627 3972 Comes
643 3915 676 3973 ct
693 3904 834 3972 Jacobus
852 3907 951 3973 frater
982 3907 1051 3974 eius
1068 3915 1225 3975 eteorum

35 4063 36 4066 η
117 4033 316 4098 successores,
328 4024 493 4099 tamquam
504 4035 564 4082 sua
578 4015 772 4100 patrimonia
783 4013 972 4098 possideant
986 4019 1018 4081 in
1035 4023 1224 4101 perpetuum

117 4124 462 4209 sinecondradiccione,
495 4125 553 4192 sub
586 4122 707 4189 eisdem
739 4125 833 4189 metis
865 4129 897 4189 et
928 4123 1087 4204 terminis,
1111 4123 1227 4206 quibus

120 4253 241 4317 unquam
275 4233 420 4318 plenarie
451 4250 509 4297 nee
539 4251 603 4296 non
636 4229 769 4314 pacifice
785 4230 850 4296 iarn
883 4227 1003 4297 dictum
1029 4231 1227 4297 Posoniense

123 4337 248 4407 Castrum
284 4339 485 4426 possidebat.
518 4337 615 4406 Cuius
648 4345 732 4404 mete
773 4337 1021 4404 conterminales
1053 4343 1129 4402 suot
1159 4334 1225 4401 hii:

35 4485 36 4496 r
124 4465 214 4514 rcrsus
224 4448 378 4516 orientem
390 4447 529 4532 populus
540 4443 726 4512 monasterii
736 4441 986 4510 SancliMartini
998 4441 1230 4525 dePannonis,

35 4537 36 4548 ³
127 4552 246 4642 deSala,
270 4555 346 4623 hinc
377 4552 579 4638 procedendo
610 4557 863 4622 conterminatur
880 4551 956 4619 ville
972 4550 1124 4633 Zcme1·e;
1150 4547 1228 4615 hine
