3078 5128
553 235 705 334 ,ἔτρ-
764 299 768 305 ,

165 425 249 492 ltem
266 429 387 512 galleta
403 429 501 516 plena
517 448 611 516 aqua,
628 437 661 496 et
691 429 847 498 cathedra
878 429 996 518 terrea,
1029 440 1062 501 et
1093 433 1189 520 pellis

61 539 239 604 montanea
254 535 414 606 hactenns
429 539 499 607 fieri
515 558 580 607 non
596 538 749 608 debeant.

22 707 23 732 ἒ
160 643 203 709 Itt
219 643 378 732 orphans,
395 646 448 714 vol
464 647 613 732 orphana
638 667 700 732 que
732 667 796 716 nou
827 647 927 717 babet
957 649 1085 734 tratres,
1116 669 1188 718 cum

21 745 24 796 ³
61 766 141 833 omni
158 758 368 850 possessione
385 775 446 824 sua
462 757 575 843 nubat,
592 755 687 824 sicuti
705 757 854 825 volucrit.
896 758 938 824 Et
955 757 1071 826 mulier
1087 758 1188 825 vidus

61 892 126 940 cum
142 869 235 938 omni
250 867 327 934 dote
342 885 411 948 sua,
427 871 461 930 et
475 884 547 931 eum
565 864 654 932 omui
669 884 720 948 eo,
748 865 833 950 qnod
851 865 941 934 dedit
958 867 988 934 ei
1005 867 1055 934 vir
1075 865 1187 936 defun-

62 987 135 1065 ctus,
151 980 270 1046 nubat
293 976 336 1042 ut
350 974 379 1042 si
394 972 516 1042 habeat
541 979 677 1058 patrem,
710 975 763 1042 rel
795 981 942 1062 matrem,
973 976 1025 1042 vel
1057 975 1185 1063 tratres,

61 1089 135 1157 nibil
149 1087 297 1173 amplius
313 1081 407 1152 detor
424 1084 465 1170 ei,
494 1101 590 1166 quum
623 1083 714 1168 prius
745 1081 876 1150 habeat.
915 1083 957 1150 Et
989 1083 1186 1170 quicumque

62 1198 123 1264 rnlt
137 1193 291 1281 accipere
307 1191 360 1259 vel
378 1189 457 1257 dare
474 1209 607 1256 uxorem
624 1197 718 1258 extra
734 1191 912 1278 civitatem,
943 1193 994 1260 vel
1011 1192 1076 1260 alio
1093 1191 1187 1260 modo

61 1302 297 1373 matrimonium
329 1296 533 1398 contrahere,
565 1319 629 1365 nou
662 1303 812 1366 tenentur
844 1299 887 1366 ad
919 1298 1089 1386 predictu3
1127 1301 1187 1370 sed

62 1413 154 1482 iaciat
169 1409 217 1480 ad
232 1409 348 1477 melius
364 1405 453 1492 quod
471 1413 591 1494 posset.

160 1517 277 1588 Omnis
294 1521 403 1584 autem
419 1533 560 1603 persona
575 1521 725 1583 tencatur
740 1515 915 1584 observare
931 1523 964 1584 et
989 1515 1073 1586 nihil
1099 1517 1186 1585 tran·

62 1647 131 1715 gere
145 1627 187 1694 cie
204 1625 269 1713 his,
285 1643 349 1709 que
366 1623 498 1692 inventa
513 1631 588 1691 snut
605 1623 647 1691 de
663 1624 750 1692 facto
769 1624 967 1712 matrimonij
997 1645 1054 1711 per
1074 1645 1183 1694 sacru·

63 1743 200 1806 mentum
216 1733 302 1821 quod
317 1733 404 1801 fecit.
428 1733 472 1799 Et
486 1732 667 1818 quicunque
684 1745 798 1802 eontra
815 1733 966 1820 predicta
991 1734 1115 1822 fecerit,
1141 1735 1184 1803 sit

63 1845 207 1930 periurus
220 1848 252 1910 et
267 1839 390 1910 incidat
404 1842 440 1908 in
456 1839 835 1930 excommunicacionem,
853 1862 916 1927 que
936 1841 1025 1910 tauta
1050 1851 1098 1910 cst
1123 1861 1182 1928 per

63 1952 220 2019 dominum
236 1949 448 2036 Arengerium
474 1948 786 2036 Archiepiscopum3
811 1955 843 2018 et
869 1949 1016 2018 Abbates
1041 1951 1181 2018 Desssm

63 2061 98 2127 de
112 2063 322 2144 baoromono,
341 2065 374 2126 ct
388 2058 571 2126 Jobannem
587 2055 628 2126 de
642 2057 773 2144 Melete,
805 2066 838 2126 et
853 2056 1029 2144 Georgium
1045 2058 1087 2125 uc
1102 2060 1182 2128 San·

61 2175 106 2236 cto
120 2169 244 2236 Jacobo
260 2166 301 2234 de
317 2165 516 2250 Visoguiza;
542 2172 575 2233 et
589 2184 649 2250 per
675 2165 833 2249 quosdam
860 2167 1039 2234 monachos
1069 2187 1183 2235 eorun-

62 2274 127 2343 dem
142 2275 327 2359 Abbstum3
351 2281 384 2342 et
399 2292 457 2360 per
474 2273 658 2341 Oanonicos
675 2273 794 2341 Sancte
808 2273 924 2360 Maris,
954 2273 1105 2343 videlicet
1120 2293 1181 2362 per

61 2387 275 2474 presbytorum
290 2384 466 2452 Patronem
482 2384 584 2451 filium
600 2383 749 2468 'l'eodcri
765 2389 796 2451 et
811 2383 991 2453 Diaconum
1000 2384 1180 2452 Mattheum

63 2491 153 2560 ilium
168 2492 366 2580 Theophita;
390 2500 423 2560 et
438 2511 495 2579 per
511 2491 647 2560 clericos
661 2491 822 2561 Marinum
839 2493 943 2561 filium
960 2491 1120 2574 Sabatini,
1147 2499 1180 2559 ct

62 2600 213 2668 stantium
238 2601 341 2669 tilium
374 2599 554 2686 Simeonis3
578 2605 611 2666 et
642 2619 700 2686 per
731 2601 956 2688 presbyterum
987 2600 1179 2669 Panchatem

61 2709 151 2776 fitium
166 2709 273 2792 Petri;
298 2717 330 2778 et
345 2709 548 2795 presentibus
563 2708 730 2777 Fratribus
745 2708 931 2795 Minoribus,
958 2709 1058 2777 tratre
1081 2709 1179 2778 Xisto

62 2827 131 2889 tunc
146 2820 299 2905 temporis
315 2819 349 2886 in
365 2817 540 2886 Dalmacia
554 2819 704 2885 Fratrum
720 2817 881 2886 Minornm
897 2818 1053 2905 Ministro,
1066 2825 1098 2887 et
1117 2818 1178 2886 tro-

61 2933 103 2996 tre
117 2929 245 2996 Andrea
260 2927 416 3015 Diacouo,
449 2929 505 3012 qui
522 2935 596 2995 sunt
612 2926 652 2994 de
670 2926 832 3014 Venecijs,
864 2935 896 2995 et
912 2927 1010 2996 fratre
1024 2926 1177 2995 Johanue

62 3039 110 3121 qui
126 3037 185 3104 tuit
200 3037 242 3105 de
257 3037 458 3124 Episcopatu
474 3035 595 3121 Brixis,
613 3035 737 3104 scilicet
752 3036 793 3104 de
808 3037 968 3120 Miniano;
994 3043 1027 3104 et
1042 3037 1075 3101 in
1103 3055 1176 3104 con·

60 3155 163 3231 spectu
178 3147 318 3214 virorum
336 3151 369 3212 et
385 3145 555 3213 mulierum
568 3146 601 3211 in
617 3143 733 3212 maiori
751 3145 892 3214 ecclesia
917 3145 1037 3212 Sancte
1061 3142 1175 3212 Maris.

61 3255 98 3322 ut
110 3255 239 3341 insuper
255 3256 346 3322 unita
362 3255 481 3322 veritas
499 3255 532 3322 in
549 3275 587 3322 eo
605 3254 755 3323 credatur
780 3255 1019 3342 temporaliter;
1042 3262 1074 3321 et
1103 3253 1175 3320 nul-

61 3363 120 3429 lam
134 3363 333 3433 sentenciam
350 3361 430 3429 dare
443 3362 548 3448 possit
564 3361 597 3429 in
613 3363 725 3447 atiquo
741 3351 823 3450 loco,
841 3383 902 3431 uec
918 3363 959 3430 de
983 3363 1063 3445 suis'
1077 3382 1174 3448 nego·

61 3471 116 3559 cijs
128 3472 266 3558 aliquam
284 3470 448 3538 racionem
465 3471 587 3539 babere
603 3472 708 3557 possit
724 3472 757 3538 in
774 3473 865 3540 curia
891 3471 1043 3542 Civitatis
1067 3473 1175 3558 Rugu-

62 3579 106 3664 sij,
119 3583 166 3650 vcl
182 3581 318 3649 alterius
335 3580 497 3648 Civitatis.
522 3580 591 3649 Nec
606 3581 703 3648 alicui
729 3587 827 3664 carte,
858 3603 954 3667 quam
985 3582 1085 3649 habet
1116 3602 1175 3668 pro

60 3689 156 3772 aliquo
171 3691 269 3776 sacto,
286 3689 457 3773 credatur3
481 3691 540 3759 sed
556 3691 599 3759 sit
616 3691 725 3759 inanis
743 3698 775 3759 et
791 3710 896 3779 cassa,
930 3697 962 3759 et
987 3692 1016 3760 si
1041 3690 1174 3776 aliquod

60 3799 97 3864 ab
111 3817 144 3865 eo
160 3806 299 3884 petatur,
313 3797 463 3867 credetur
489 3797 620 3885 petenti,
647 3807 679 3866 et
710 3819 775 3866 non
807 3798 847 3885 ei,
881 3802 935 3884 qui
968 3805 1081 3868 contra
1111 3797 1174 3867 hoc

59 3903 177 3976 iaceret.

152 4017 191 4084 Et
207 4016 401 4103 quicumque
418 4017 510 4086 daret
525 4017 625 4084 alicui
644 4017 773 4085 mulieri
802 4018 875 4105 plus
901 4037 999 4104 quam
1024 4015 1173 4102 superius

60 4122 164 4192 dictum
179 4134 228 4194 est
243 4125 373 4193 nomine
390 4125 562 4213 parcbivij,
592 4132 668 4212 post
684 4127 807 4195 obitum
824 4126 885 4194 viri
913 4146 972 4193 nec
997 4125 1081 4214 ipsa,
1112 4145 1172 4193 nec

59 4239 205 4320 parentes,
222 4253 283 4301 nec
299 4233 483 4322 propinqui,
500 4254 561 4302 nec
577 4233 673 4301 amici
690 4234 760 4304 eius
792 4243 905 4323 petere
938 4233 1064 4320 possint
1096 4234 1170 4319 plus

59 4357 143 4422 quam
158 4339 277 4409 dictum
294 4349 355 4428 est,
386 4342 513 4412 scilieet
528 4340 703 4410 ducentum
718 4363 873 4432 perperos
899 4349 932 4412 et
957 4340 1068 4410 decem
1092 4360 1171 4428 pen·

59 4465 105 4512 eas
121 4451 197 4518 auri.

151 4558 306 4629 Similiter
323 4561 449 4629 incidat
472 4561 507 4628 in
539 4561 913 4632 excommunicacionem
946 4567 977 4628 et
1007 4557 1168 4648 prefatam
