3098 5132
325 1050 376 1118 Az
391 1054 578 1140 eaeteryami
593 1051 820 1139 kdptniounaic
845 1049 1121 1136 dizmryodpleoeie,
1145 1053 1227 1134 hopy
1252 1047 1451 1135 Sapiridmrd
1537 1011 1538 1062 1

317 1161 451 1246 kdaodpe
476 1160 608 1227 Deodnt
630 1158 841 1225 kanonolcnair
856 1156 901 1222 25
917 1153 1052 1242 homagii
1060 1153 1171 1241 solda
1195 1155 1325 1221 cludat.
1357 1156 1449 1222 1225.
1537 1235 1538 1262 3

466 1351 1315 1423 undenso

432 1499 589 1567 Nicolaus
606 1499 796 1586 Propositus
812 1497 1045 1582 Strigouieusis
1063 1505 1095 1565 et
1111 1496 1256 1565 eiusdem
1273 1495 1337 1564 loci
1354 1495 1450 1583 Capi-

319 1606 421 1674 tulum
439 1604 601 1692 omuibus,
619 1604 662 1674 ad
677 1626 760 1690 quos
777 1603 884 1672 littere
899 1611 1069 1690 presentes
1086 1603 1301 1690 peruenerIut,
1327 1606 1450 1672 oracio·

319 1733 378 1779 ues
393 1713 428 1779 in
443 1713 592 1781 Domino.
615 1712 668 1780 Ad
683 1713 907 1780 uniuersorum
926 1713 1078 1779 noticiam
1097 1711 1248 1778 uolumus
1259 1713 1447 1796 peruenire:

321 1819 407 1904 quod
423 1819 606 1890 constitutis
622 1821 655 1887 in
672 1821 840 1908 presencia
856 1827 970 1888 nostra
995 1820 1137 1887 Dusnioo
1169 1818 1235 1887 tilio
1266 1819 1375 1885 Vetud
1406 1819 1448 1887 de
1537 1803 1538 1822 ³

323 1927 406 1994 uilla
421 1927 618 2014 Sagisidoud
636 1949 706 1996 oum
725 1927 793 1995 suis
810 1927 967 2012 cognatis,
993 1927 1144 1996 uidelicet
1169 1927 1266 2014 Aous,
1292 1927 1448 1994 decincto
1537 2013 1538 2020 ἵ

321 2037 510 2124 presbitero,
527 2036 660 2104 Andros
676 2055 748 2102 cum
765 2035 919 2103 fratribus
936 2037 1005 2104 suis
1020 2037 1270 2123 seilicetDeme,
1281 2034 1447 2120 Chepauo,
1537 2083 1538 2114 3

318 2147 496 2233 Stephano,
524 2144 625 2234 Opsa,
659 2145 848 2233 Dethmaro,
879 2145 1021 2230 Detrieo,
1054 2143 1164 2211 Buuad
1195 2143 1264 2210 filio
1297 2143 1450 2230 Michael,
1537 2155 1538 2184 ³

319 2254 478 2322 Marcello
493 2255 562 2323 filio
578 2254 674 2338 Petri,
691 2254 796 2320 Mioou
815 2253 1020 2337 etGregorio
1052 2251 1128 2338 filiJs
1161 2251 1277 2319 Mocud
1309 2253 1351 2318 ab
1383 2272 1450 2319 una
1537 2263 1538 2292 ³

320 2369 413 2448 parte
425 2387 439 2446 ;¹
452 2361 600 2429 Deodato
617 2359 780 2428 Canopico
796 2360 908 2426 Sancti
925 2358 1054 2446 Georgij
1073 2366 1115 2426 nir
1134 2361 1259 2444 altera;
1277 2360 1451 2444 proposuit
1537 2437 1538 2444 ἵ

322 2467 429 2534 dietus
445 2470 587 2554 Dusunu,
605 2469 693 2553 quod
710 2477 829 2535 terram
846 2469 890 2534 ad
917 2467 1012 2534 XXV
1037 2469 1163 2554 iugera,
1195 2487 1266 2534 uum
1298 2467 1451 2534 omuibus
1537 2549 1538 2552 Ἴ

321 2575 388 2642 suis
406 2575 625 2661 pertinenciis,
642 2596 705 2660 que
721 2577 809 2642 nulio
826 2575 991 2642 mediante
1007 2575 1113 2661 ipsum
1130 2575 1348 2662 contingebat,
1374 2596 1451 2642 eau-

322 2681 395 2748 dem
411 2681 559 2768 predicto
575 2683 725 2751 Deodato
751 2683 915 2751 Canonioo
948 2683 1152 2751 uendidisset
1182 2704 1241 2770 pro
1274 2703 1386 2750 marea
1418 2692 1453 2750 ct

322 2789 460 2857 dimidia
477 2792 604 2874 argenti
619 2791 652 2857 in
670 2799 858 2878 perpetuum
877 2790 1119 2878 possidendam.
1157 2791 1229 2857 Hae
1246 2799 1356 2857 tamen
1375 2812 1451 2858 con-

320 2898 460 2988 dicione,
476 2900 563 2984 quod
580 2900 685 2968 dietus
702 2901 870 2968 Deodatns
886 2902 954 2968 suis
971 2901 1213 2969 suecessoribus
1240 2900 1360 2966 dictam
1387 2905 1451 2965 ter·

321 3027 389 3074 ram
408 3009 510 3077 libere
527 3017 639 3094 posset
654 3009 836 3096 relinquere
852 3017 1008 3098 perpetuo
1034 3009 1283 3096 possidendam
1308 3010 1336 3074 si
1369 3028 1452 3074 uero

321 3115 443 3183 dietum
459 3117 497 3182 D.
515 3117 586 3184 siue
603 3117 775 3186 heredibus
793 3118 996 3202 contingeret
1012 3117 1180 3204 decedere,
1197 3117 1312 3200 cuique
1336 3115 1452 3202 uellet,

322 3225 393 3292 siue
420 3225 576 3314 EcclesiJs
601 3225 738 3294 liberam
770 3233 961 3313 potestatem
994 3224 1183 3293 conferendi
1213 3225 1366 3310 haberet;
1390 3225 1452 3290 sed

322 3333 441 3400 alienis
457 3335 599 3402 uendere
616 3333 820 3421 nominaret,
837 3335 901 3401 uisi
918 3335 1061 3420 precium
1078 3339 1172 3419 terre,
1188 3354 1208 3399 a
1225 3353 1288 3416 quo
1313 3339 1452 3418 emerat,

320 3441 500 3530 perciperet
516 3445 558 3510 ab
574 3442 696 3510 eodem.
719 3445 770 3509 De
801 3441 916 3529 quibus
947 3440 1044 3507 XXV
1075 3439 1239 3524 iugeribus
1270 3445 1355 3506 terre
1387 3439 1454 3506 tria

320 3552 433 3636 iugera
449 3550 610 3637 pertinent
625 3551 668 3617 ad
684 3549 819 3618 fundum
835 3549 931 3618 situm
948 3550 1041 3616 iuxta
1058 3548 1190 3615 fundum
1207 3549 1344 3615 Dusuuo
1355 3567 1453 3616 secus
1537 3557 1538 3560 ’

323 3661 476 3744 riuulum,
507 3657 562 3740 qni
595 3657 820 3726 denominatur
850 3659 968 3746 potok3
994 3665 1025 3724 et
1056 3657 1148 3724 aliud
1179 3655 1313 3724 fundum
1345 3674 1453 3740 prope

324 3765 496 3834 eeclesiam
513 3766 556 3832 ad
571 3763 637 3831 IIII
654 3766 768 3850 iugera
783 3768 875 3835 iuxta
901 3765 1036 3833 fundum
1063 3764 1208 3832 eiusdem
1242 3767 1395 3848 Dusuu03
1419 3771 1456 3829 et

320 3872 419 3940 XIIII
435 3870 548 3954 iugera
564 3873 627 3940 sita
641 3872 726 3940 iuter
743 3875 884 3962 arbores,
900 3873 1055 3943 uidelicet
1070 3893 1132 3958 que
1142 3873 1230 3958 wigo
1240 3871 1456 3938 denominan·
1537 3951 1538 3954 Ἴ

321 3989 372 4049 tur
388 3983 525 4062 seticum
551 3985 583 4047 et
598 3981 663 4048 duo
681 3983 790 4067 iugero
806 3981 1009 4051 descendunt
1025 4001 1083 4068 per
1110 4001 1244 4050 nemora
1274 3980 1317 4047 ad
1349 3980 1454 4070 uiam,

322 4109 385 4176 que
401 4089 491 4156 uenit
507 4109 565 4174 per
581 4088 747 4176 predictas
764 4092 896 4159 arbores
913 4089 1038 4157 seilicet
1053 4091 1188 4172 ccilcnz;
1207 4093 1239 4154 et
1254 4087 1319 4154 duo
1335 4088 1455 4172 iugera

321 4197 477 4266 enutrita
494 4217 586 4264 secus
602 4197 726 4264 uallem
744 4199 847 4266 Blata
872 4196 970 4265 Cqus
988 4218 1065 4266 uero
1081 4205 1165 4264 terre
1180 4195 1323 4282 proeium
1340 4195 1455 4264 dietus
1537 4223 1538 4228 ¹

322 4305 491 4373 Deodatns
507 4305 611 4372 eidem
630 4305 790 4372 uenditori
808 4327 915 4374 eoram
934 4306 1027 4373 nobis
1044 4305 1215 4392 persolnit.
1256 4304 1458 4372 Postulans-

323 4419 399 4481 ruut
415 4412 511 4495 igitur
527 4419 592 4478 tam
611 4419 734 4498 emptor
751 4434 847 4498 quam
864 4415 1020 4498 uenditor,
1038 4422 1074 4480 ut
1091 4413 1151 4479 hoe
1167 4413 1289 4480 sautum
1307 4413 1458 4479 testimu—
1537 4397 1538 4400 ¹

323 4523 377 4590 uio
395 4521 572 4588 titternrum
590 4529 772 4592 nostrarum
790 4523 1020 4611 eommeudari,
1039 4529 1071 4588 ot
1088 4522 1191 4606 sigilli
1217 4519 1323 4588 nostri
1348 4524 1460 4592 muni-
