3098 5132
567 313 725 416 „sm-

95 531 160 579 cun
188 509 418 595 ioba'gionibus
443 517 536 594 terre,
567 507 709 577 iudicari
735 505 916 594 predictam
941 512 1063 574 terram
1086 505 1210 573 serviro

94 615 257 686 monachis.
273 619 316 684 Et
338 617 438 687 neda
462 625 569 685 cetero
584 619 689 704 possit
702 615 774 684 fieri
799 615 988 684 reclamatio
1005 615 1058 683 vei
1076 613 1211 700 querela

93 744 112 790 a
144 723 284 810 predicto
314 725 417 793 'Persa
446 725 514 812 pro'
535 723 664 810 prefato
693 731 783 791 terra
798 727 912 792 contra
927 723 1114 810 monachos,
1133 721 1209 790 dedi

94 828 275 915 pristaldos:
291 851 393 899 unum
411 829 609 917 terrigenam
641 830 773 899 nomine
789 829 988 900 Yarescelan
1014 834 1049 898 et
1072 829 1210 897 alterurn

93 937 269 1023 Hungarurn
301 940 436 1008 nominc
466 940 603 1008 Kessen.
635 939 678 1006 Et
705 944 888 1024 presentem
920 937 1077 1023 paginam
1094 936 1208 1024 sigillo

92 1041 203 1146 donini
217 1045 353 1115 Martini
369 1045 602 1114 Gorbariensis
617 1045 771 1133 Episcopi
787 1056 821 1112 et
835 1044 945 1130 sigillo
962 1065 1035 1114 meo
1057 1045 1195 1126 corrobo

93 1153 232 1224 ravimus.
247 1153 367 1220 Actum
383 1159 434 1222 est
448 1151 509 1222 hoc
525 1172 611 1220 anno
628 1153 738 1238 gracie
753 1151 950 1222 MOGXXX.

207 1350 368 1414 (Tkslccios,
387 1351 513 1404 lionam.
532 1350 600 1402 hist.
618 1351 712 1416 Epire.
731 1351 850 1417 anrab.
869 1351 891 1401 Ι.
910 1351 969 1401 kdt.
991 1353 1032 1401 67.
1052 1352 1082 1414 L)

615 2167 690 2236 160.

95 2361 261 2450 Azdgrddi
276 2361 502 2450 coptatanuat
518 2363 796 2451 bizooysdpleoeic‚
820 2367 904 2460 kopp
930 2364 1072 2432 Ztoozto
1099 2363 1210 2434 Caico

95 2470 205 2552 uokfiu
220 2473 253 2537 ds
268 2471 409 2538 cohorrui
425 2469 592 2537 Zlotersicd
608 2473 771 2559 hedyadqet,
799 2474 908 2559 melyst
924 2475 1113 2561 joytolarsdi
1143 2496 1209 2539 mu·

92 2577 214 2660 gakunds
228 2577 430 2656 elsojdtttarsi
445 2576 588 2655 aranas
605 2601 625 2642 a
640 2579 790 2666 topcskas'
805 2583 1012 2666 opdtsdpooic
1027 2582 1209 2650 virososaol·

441 2755 443 2760 ,
503 2683 676 2770 pultattdlc.
694 2685 790 2751 1230.

190 2875 358 2946 Universis
382 2874 502 2943 Christi
533 2876 693 2965 fidelibus,
718 2877 762 2944 ad
787 2897 868 2962 quos
892 2878 1047 2964 scriptun
1071 2899 1206 2966 pressus

96 2985 274 3068 pervenerit,
290 2981 524 3066 Zagrabiensis
540 2984 687 3052 Ecclesie
703 2984 854 3052 devotum
870 2981 1057 3072 capitulum
1073 2988 1207 3054 salutem

94 3087 123 3154 iu
137 3090 279 3158 Domino.
296 3087 433 3158 Noverit
447 3095 514 3155 tam
529 3091 737 3176 presencium
763 3111 861 3175 quam
876 3092 1055 3160 futurorum
1072 3101 1210 3162 ventura

95 3199 266 3284 posteritas,
299 3196 388 3281 quod
419 3196 636 3283 Zibiscelous,
667 3199 754 3267 fitius
786 3197 898 3285 Ouian,
921 3220 994 3267 cum
1024 3199 1126 3266 fratre
1152 3217 1210 3267 suo

97 3303 193 3374 Mareu
210 3305 343 3374 nominc
359 3311 391 3372 et
417 3305 533 3372 ceteris
550 3305 739 3391 parentibus
755 3305 823 3376 suis
839 3307 874 3374 in
901 3307 1073 3394 presencia
1098 3313 1211 3375 nostra

96 3413 275 3482 constitutus
290 3411 479 3500 proposuit:
496 3411 582 3497 quod
598 3421 728 3498 terram,
745 3435 808 3500 que
824 3423 960 3483 vocatur
970 3411 1148 3498 Slatennic,
1166 3412 1209 3477 ad

17 3569 18 3572 ,
96 3517 312 3587 Monasterium
328 3519 430 3587 Beato
460 3521 564 3588 Mario
590 3520 732 3604 Virginis
764 3522 805 3588 ds
831 3523 967 3608 'Poplica
983 3522 1210 3608 pertinentem,

97 3627 224 3707 quadam
235 3629 446 3714 suggestione
456 3627 553 3712 falsa,
571 3628 708 3712 etquasi
724 3628 963 3697 iurisdiooionis
981 3648 1038 3696 sue
1048 3626 1209 3716 opinione,

17 3803 18 3810 χ
97 3752 156 3798 eam
186 3735 244 3804 sibi
275 3733 457 3802 vendicans
473 3753 531 3820 per
546 3734 682 3818 aliquod
708 3741 834 3820 tempos
850 3735 994 3803 indebite
1010 3741 1210 3822 occupasset.

94 3839 255 3925 Inpotente
269 3861 349 3910 vcro
366 3843 474 3926 ipsum
485 3840 615 3908 Abbate
631 3849 663 3907 et
681 3840 832 3926 Capituto
842 3842 1211 3911 memoratiMonasterii

97 3947 260 4031 predictam
278 3955 397 4016 terram
412 3953 679 4032 recognoscentes
690 3964 726 4014 se
741 3967 805 4014 nou
822 3948 873 4016 sui
883 3948 963 4017 iuris
980 3951 1074 4016 titulo
1100 3957 1212 4018 contra

99 4056 320 4123 conscienciam
337 4061 369 4122 et
394 4054 533 4122 salntem
545 4057 653 4122 anime
669 4074 727 4122 suc
742 4073 930 4141 occupasse,
947 4055 1051 4124 eidem
1067 4057 1213 4124 Ecclesia

99 4163 183 4229 certis
197 4163 294 4229 metis
312 4161 462 4247 undique
493 4163 745 4230 circumductam
776 4163 951 4231 restituens
984 4182 1092 4228 coram
1117 4163 1213 4230 nobis

17 4335 18 4338 ,
96 4269 260 4354 resignavit
290 4269 493 4355 simpliciter.
524 4269 575 4336 Ne
605 4289 758 4355 processu
775 4277 957 4357 temporum
972 4269 1076 4355 ipsius
1102 4289 1211 4336 coram

99 4375 239 4446 iratribus
264 4387 297 4446 et
322 4379 469 4464 cognatis
496 4379 563 4446 suis
588 4381 678 4445 tacta
693 4379 876 4464 resignacio
901 4399 958 4448 seu
973 4377 1142 4448 restitucio
1169 4381 1211 4445 ab

17 4503 18 4546 1
98 4485 197 4569 aliquo
229 4493 403 4572 parentum
436 4505 567 4554 snorum
599 4486 823 4574 calumpniosa
856 4487 1070 4556 contencione
1086 4483 1129 4552 de
1144 4483 1210 4554 leri

17 4603 19 4686 ,
99 4594 193 4674 possit
222 4593 419 4681 perturbari,
436 4593 479 4660 ad
510 4593 706 4663 instanciam
740 4596 887 4680 parcium
905 4596 1074 4678 utriusque
1100 4593 1213 4682 partis,
