3078 5128
752 225 911 324 ..em

266 418 380 484 eoslav
395 416 437 484 de
451 417 619 507 Mtroslav,
636 419 749 502 'l'npsa
763 419 804 486 de
829 415 951 497 Mauro,
969 416 1148 504 sagenas,
1163 419 1335 486 Bratoslav
1352 419 1400 486 de

265 525 386 610 Belize,
415 525 525 592 Rados
541 526 683 614 bineria,
715 525 885 614 Dragotin,
910 525 1087 595 andarins
1103 524 1144 594 de
1169 527 1292 613 Peelat,
1318 525 1402 592 Ger·
1529 517 1530 538 ³

266 633 381 719 daven,
397 633 549 717 Russota,
573 632 727 717 Merzotn,
754 633 887 719 Velean,
913 631 1094 701 Oharnernt
1125 630 1296 716 Gharnisa,
1323 633 1402 700 Oer·

268 747 355 826 nota,
382 740 476 808 Miles
491 738 612 827 Zaptit,
630 741 766 828 Dragan
782 742 938 828 Desimir,
962 741 1079 830 Levea,
1095 739 1266 830 Predimir‚
1292 741 1404 826 Vites,

267 847 437 935 Ohrnnisa,
475 851 588 917 Marco
611 849 819 937 Dragoehna,
836 849 976 937 Mlados,
992 849 1114 938 Raros,
1131 849 1294 938 Gontiana,
1321 847 1406 916 Ora·
1531 846 1532 890 ³

268 977 338 1040 san,
353 955 523 1044 Predimir,
540 957 705 1042 Lndemir,
721 959 827 1046 Alexi,
838 955 1223 1046 Zarabatan,Rad0slav,
1244 959 1404 1045 narnus,

269 1063 428 1150 oblegan,
455 1063 572 1154 Deseo,
598 1066 742 1150 Stranee,
761 1066 881 1150 Bellos,
902 1063 1014 1151 Obrat‚
1040 1064 1149 1132 llillos
1174 1063 1284 1152 Areer,
1311 1067 1405 1134 Dob·
1532 1090 1533 1104 2

271 1194 365 1258 rona,
383 1173 553 1260 Veliehna,
570 1174 725 1259 Radinea,
741 1175 900 1263 Brarone,
911 1175 1016 1262 Bella,
1032 1173 1212 1261 Berneeha,
1229 1172 1402 1258 Bndislav,

270 1281 379 1370 Velee,
406 1284 556 1366 Damian,
582 1284 729 1372 Dragan,
755 1283 888 1369 Serben,
910 1283 1075 1372 lubomir,
1101 1283 1219 1352 Mertin
1246 1284 1409 1372 Seraver‚

271 1392 407 1480 Preren,
424 1391 576 1480 Desimir,
594 1391 1071 1480 Volemir,Bastart,Ambr0si,
1093 1392 1265 1481 Stregona,
1284 1392 1403 1480 vellis,
1533 1393 1534 1396 ’

142 1521 150 1531 ·
272 1501 430 1579 Reeinna,
446 1499 566 1569 Nieela
580 1501 622 1568 de
637 1500 706 1586 Bel,
722 1500 880 1588 Gnevotn,
897 1499 1022 1586 Bellen,
1038 1501 1183 1570 Desinat.

380 1698 523 1761 (litedatia
534 1699 719 1767 hermesta.
741 1717 759 1754 a
769 1699 846 1754 neoni
859 1699 981 1754 amnti
993 1701 1082 1754 eletos
1093 1700 1290 1767 leveltarban.)

808 2528 880 2600 let.

282 2727 439 2793 Ravenna
449 2731 547 2796 ndros
556 2728 768 2818 elllljdrdsdqa
775 2726 1181 2818 bardtsdqoefoyadlatdat
1188 2729 1260 2816 ἱρόν
1270 2728 1410 2816 Βαφιω

562 2841 656 2904 vetrae
671 2836 874 2903 halmaleak.
898 2839 992 2904 1235.
1022 2839 1123 2905 haral.

387 3029 552 3118 Thadens,
569 3033 686 3101 Urbini
702 3041 735 3101 st
749 3035 955 3104 Montisseltri
972 3035 1089 3102 (lomes
1105 3039 1139 3102 et
1153 3054 1239 3102 nnne
1250 3035 1412 3100 Ravenne

281 3145 313 3205 et
329 3137 442 3208 Cervie
453 3141 610 3228 Potestas,
627 3162 698 3209 enm
714 3141 860 3211 eiusdem
870 3143 1021 3212 Civitatis
1031 3143 1175 3213 Consilio
1186 3149 1219 3210 et
1227 3142 1411 3227 Communi,

282 3245 402 3315 dilecto
413 3253 446 3316 et
454 3251 592 3336 speciali
604 3253 709 3320 amieo
719 3252 863 3322 Johanni
883 3253 1047 3341 Dendulo,
1064 3251 1181 3320 comiti
1197 3251 1239 3318 de
1254 3250 1414 3336 Ragusia,

281 3361 315 3423 et
329 3355 671 3426 hominibus'eiusdem
689 3367 774 3429 terre
799 3363 937 3430 salutern
964 3381 1037 3428 enm
1053 3359 1174 3429 amoris
1190 3357 1338 3447 perpetui
1358 3359 1413 3424 lir-

280 3465 402 3532 mitate.
420 3466 580 3547 Quoniam
597 3487 656 3554 per
671 3469 897 3538 honorabilem
914 3477 947 3538 et
962 3469 1115 3538 dileetum
1131 3468 1236 3538 nivem
1263 3467 1412 3535 vestrum

282 3574 446 3643 dominnm
463 3575 506 3645 de
520 3577 710 3646 Baliseleva
725 3579 918 3648 auctoritate
937 3599 998 3648 sne
1013 3585 1046 3646 et
1072 3577 1170 3646 etiam
1195 3596 1253 3664 per
1280 3575 1413 3642 litteras

282 3685 429 3754 amicicie
447 3693 554 3754 vestre
569 3687 799 3776 intelleximus,
818 3687 905 3774 quod
922 3687 1131 3756 securitatem
1157 3684 1254 3752 eundi
1270 3689 1303 3750 et
1317 3681 1413 3750 rede·

282 3795 363 3864 nndi
379 3817 438 3885 per
455 3805 598 3865 nostram
615 3796 759 3885 [terciam
775 3802 828 3884 ‚eta
843 3795 1033 3864 Distrietnm
1059 3815 1119 3882 per
1143 3813 1202 3862 vos
1228 3798 1260 3858 et
1284 3795 1416 3858 vestros

284 3909 372 3976 eires
387 3907 508 3976 habere
533 3907 700 3992 volebatis,
729 3912 761 3974 et
785 3905 869 3974 illud
895 3905 936 3974 de
960 3905 1056 3973 nobis
1081 3911 1113 3971 et
1140 3899 1260 3969 nostris
1285 3898 1416 3966 nivibus

283 4017 393 4084 faeere
411 4017 570 4085 volebatis
586 4037 643 4104 per
659 4023 799 4085 vestram
817 4015 953 4083 forciam
964 4020 997 4081 et
1006 4011 1205 4095 Distrietnm,
1221 4006 1307 4096 qnod
1317 4003 1416 4073 nobis

284 4127 414 4193 videtur
447 4127 566 4194 iustum
598 4135 630 4194 et
661 4132 917 4193 consentaneum
948 4121 1073 4190 racioni
1102 4146 1110 4186 :
1135 4117 1221 4187 unda
1248 4113 1416 4203 supernis

285 4235 397 4304 habito
414 4241 523 4303 nostre
533 4234 681 4303 Civitatis
692 4233 835 4301 Consilio
847 4231 1051 4319 Sapientem,
1062 4229 1110 4296 sie
1120 4224 1267 4296 robisad
1278 4239 1418 4310 presens

285 4342 438 4411 duximus
448 4343 664 4412 amicabiliter
679 4341 947 4429 respondendnm,
966 4337 1052 4423 qnod
1068 4335 1159 4403 vobis
1178 4342 1210 4400 et
1225 4331 1418 4400 hominibus

287 4459 395 4522 vestre
411 4451 653 4520 iurisdictionis
670 4450 713 4518 ad
729 4470 864 4536 presens
881 4450 957 4516 hine
974 4445 1016 4512 ad
1037 4445 1122 4512 diem
1143 4440 1255 4508 Saneti
1282 4435 1419 4508 Andree

286 4562 468 4651 proximum
486 4561 582 4629 eundi
599 4572 630 4630 et
646 4561 803 4629 redeundi
828 4567 859 4628 et
884 4555 993 4625 standi
1020 4571 1077 4638 pet
1103 4559 1246 4618 nostram
1273 4547 1417 4615 fortiam
