3208 5158
811 289 971 392 Q-
1029 236 1032 240 ,

325 491 442 582 uineis,
459 491 655 577 nemoribus,
688 486 834 573 usuagiis
851 495 885 556 et
901 487 1041 574 pascuis,
1067 483 1215 555 inbosco
1233 493 1266 555 et
1281 485 1394 574 plano,
1428 485 1463 554 in
1597 511 1598 521 ¹

326 601 420 687 aquis
438 606 470 668 et
485 597 691 686 molendinis,
707 598 741 664 in
757 595 821 663 viis
837 602 870 663 et
884 593 1022 676 semitis,
1055 599 1089 660 et
1103 593 1254 662 omnibus
1271 596 1347 663 aliis
1362 595 1463 662 liber-

327 708 448 778 tatibus
465 714 498 776 et
512 705 770 774 immunitatibus
786 703 865 772 suis.
904 702 958 769 Ad
974 702 1035 770 hec
1052 701 1212 770 cimiteria
1239 702 1464 770 Ecclesiumm

328 824 360 886 et
376 814 601 886 ecclesiastica
615 812 772 882 beneficia
802 812 911 879 nullus
942 807 1141 878 hereditario
1168 809 1244 895 jure
1274 809 1465 896 possideat;

329 923 417 1009 quod
434 921 464 990 si
487 921 559 1007 quis
573 921 683 990 facere
699 917 942 1006 presumpserit,
959 917 1119 984 canonica
1129 935 1268 984 censura
1276 935 1466 1003 compesca-

328 1038 391 1098 tur.
425 1032 579 1098 Preterus
593 1027 681 1114 quod
697 1025 860 1095 communi
876 1044 1016 1094 assensu
1033 1021 1179 1110 Capituli
1194 1023 1252 1110 tui,
1284 1024 1340 1092 uel
1356 1024 1464 1111 partis

329 1137 464 1206 consilii
481 1135 621 1206 sanioris
637 1135 671 1202 in
687 1143 746 1202 tua
761 1133 897 1202 Diocesi
922 1153 980 1218 per
1005 1139 1039 1198 te
1068 1131 1122 1200 vel
1153 1151 1359 1203 successoros
1389 1141 1464 1202 tuos

329 1243 430 1312 fuerit
446 1244 603 1328 canonice
617 1241 810 1329 institutum,
842 1247 948 1308 ratum
963 1246 996 1306 et
1011 1241 1139 1308 firmum
1154 1241 1303 1308 uolumus
1334 1259 1465 1326 perma-

330 1371 418 1420 nere.
469 1351 682 1420 Prohibemus
714 1349 857 1438 insuper,
888 1368 931 1416 ne
946 1347 1243 1418 excommunicatos
1259 1347 1312 1415 rel
1327 1346 1465 1416 interdi-

331 1463 402 1528 ctos
417 1465 490 1528 tuos
509 1459 553 1528 ad
568 1457 709 1526 officium
725 1458 779 1524 rel
810 1458 1068 1525 communionem
1101 1457 1360 1526 ecclesiasticam
1392 1457 1466 1526 sine

331 1565 530 1635 couscientia
548 1573 580 1634 et
595 1585 731 1634 assensu
747 1569 803 1632 tuo
819 1563 992 1650 quisquam
1008 1564 1173 1653 admittat,
1190 1571 1247 1634 aut
1263 1570 1375 1633 corsua
1390 1583 1467 1632 sen·

331 1675 471 1742 tentiam
488 1680 578 1741 tuam
594 1671 753 1740 canonice
770 1670 1009 1757 promulgatam
1026 1671 1147 1757 aliquis
1163 1672 1478 1760 venirepresumats

331 1781 398 1849 uisi
412 1781 496 1850 forte
510 1780 690 1866 perieulum
716 1779 827 1848 mamis
860 1780 1036 1867 immineat,
1068 1786 1125 1846 aut
1154 1781 1231 1848 dum
1262 1779 1466 1868 presentiam

334 1895 424 1956 tuam
441 1888 564 1957 habere
578 1887 772 1975 nequiverit,
805 1885 980 1974 paralium
996 1883 1174 1956 secundum
1189 1887 1325 1955 formam
1350 1887 1467 1955 Eccle-

332 1995 392 2084 sie,
410 1995 634 2066 satisfactione
649 1993 808 2082 premissa
823 2000 972 2080 oporteat
987 1994 1126 2080 ligatum
1135 1995 1272 2064 absolui.
1289 1995 1466 2064 Sacrorum

335 2123 464 2190 quoque
479 2104 650 2174 Oanouum
666 2104 860 2170 auctoritate
875 2110 1047 2186 sequentes
1079 2103 1261 2192 statuimus,
1292 2109 1328 2170 ut
1351 2101 1465 2170 nullus

331 2212 513 2298 Episcopus
529 2212 583 2281 rel
598 2208 875 2296 Archiepiscopus
891 2209 1015 2294 absque
1030 2217 1085 2280 tuo
1111 2229 1250 2279 assensu
1281 2214 1463 2280 conuentus

334 2319 510 2406 celebrare,
526 2337 645 2387 causas
662 2318 761 2386 etiam
778 2324 811 2386 et
825 2317 1050 2386 ecclesiastica
1065 2318 1195 2404 negotia
1209 2317 1243 2386 in
1253 2315 1467 2403 lbaguriensi

332 2425 476 2513 Diocesi,
501 2427 566 2494 nisi
581 2447 640 2513 per
655 2429 835 2496 Romanum
850 2425 1049 2512 Episcopum
1065 2428 1117 2494 rel
1133 2427 1203 2495 eius
1217 2429 1375 2512 Legatum
1391 2424 1466 2494 fue·

333 2533 376 2599 rit
392 2530 499 2601 eidem
515 2531 703 2620 iniunctum,
717 2540 858 2603 macore
873 2541 1041 2618 presumat
1050 2553 1060 2619 ;
1092 2533 1155 2602 uisi
1171 2533 1284 2604 forsan
1299 2534 1465 2620 Metropo·

332 2637 457 2708 litauus
473 2640 543 2710 eius
558 2640 694 2726 aliquod
708 2641 938 2729 promissorum
956 2641 1069 2712 fecerit
1084 2641 1119 2708 in
1135 2641 1266 2710 casibus
1281 2640 1345 2711 sibi
1359 2641 1467 2726 ajure

333 2747 510 2817 concessis.
534 2749 573 2818 ln
588 2750 746 2840 Ecclesijs
762 2769 888 2836 quoque
904 2749 1135 2836 Tragurieusis
1151 2748 1310 2840 Diooesis,
1340 2746 1466 2835 quoad

334 2855 417 2924 alios
434 2859 532 2944 pleno
545 2859 621 2945 jure
635 2879 701 2929 non
716 2859 889 2947 pertinent,
917 2859 1027 2928 nullus
1043 2857 1197 2926 clerioum
1214 2859 1384 2926 instituere
1409 2861 1467 2923 rol

283 3011 288 3018 -
335 2960 523 3054 destituere,
554 2973 611 3036 aut
626 2965 830 3034 sacerdotem
846 2965 1001 3051 preficere
1016 2967 1088 3035 sine
1103 2985 1263 3036 consensu
1287 2964 1467 3034 Diooesani

334 3077 510 3160 presumat.
535 3073 749 3144 Decernimus
765 3095 855 3160 ergo,
882 3081 918 3141 ut
934 3075 1016 3142 nulli
1031 3075 1163 3142 omnino
1179 3073 1345 3144 homiuum
1361 3073 1467 3142 liceat

335 3178 497 3265 prefatam
512 3179 695 3249 Ecclesiam
711 3187 832 3268 muers,
848 3181 1059 3274 perturbare;
1077 3189 1135 3250 aut
1150 3182 1221 3250 eius
1236 3179 1463 3268 possessiones

334 3289 474 3372 auferre,
491 3289 544 3356 uel
561 3287 691 3358 ablatas
705 3287 857 3371 retinere,
889 3289 1045 3371 minuere,
1076 3310 1134 3358 seu
1150 3288 1349 3374 quibuslibet
1364 3306 1467 3354 vexa·

336 3393 481 3462 tionibus
497 3395 656 3482 fatigare;
679 3395 739 3464 sed
769 3395 880 3464 omnia
911 3397 1037 3481 integre
1069 3403 1308 3484 conserventur,
1341 3413 1465 3480 corum,

334 3517 395 3588 pro
411 3521 546 3588 quorum
561 3504 800 3588 gubernatione
816 3509 849 3571 et
864 3505 1100 3574 sustentatione
1117 3525 1272 3575 concessa
1287 3510 1373 3590 sunt,
1396 3501 1464 3572 usi-

283 3685 287 3693 ,
334 3610 395 3680 bus
413 3613 605 3682 omnimodis
622 3611 802 3700 profutura,
833 3615 927 3682 salua
942 3613 1038 3684 Sedis
1054 3614 1242 3700 Apostolice
1258 3613 1462 3699 auctoritate,

336 3724 371 3785 et
385 3717 420 3786 in
436 3717 591 3806 predictis
608 3719 743 3789 decimis
760 3721 983 3790 moderatione
1000 3721 1137 3807 Concilii
1149 3721 1332 3790 Generalis.
1348 3719 1466 3803 Siqua

334 3826 436 3912 igitur
452 3829 487 3895 in
504 3829 647 3896 futurum
664 3827 888 3898 ecclesiastica
897 3829 1096 3899 secularisve
1108 3849 1250 3916 persona
1259 3829 1345 3896 hano
1355 3831 1466 3896 nostre

335 3934 586 4004 constituciouis
603 3935 757 4021 pagiuam
774 3937 888 4022 sciens,
907 3943 1018 4007 eontra
1033 3957 1107 4006 eam
1123 3941 1243 4006 temere
1257 3936 1370 4004 venire
1394 3941 1464 4002 ten-

335 4041 464 4128 taverit,
496 4039 793 4112 secundo-tertioue
808 4043 1014 4129 commonita,
1043 4044 1107 4113 nisi
1124 4049 1248 4114 reatum
1264 4063 1357 4112 suum
1389 4061 1464 4109 con-

334 4168 419 4234 grua
435 4147 660 4218 satisfactione
676 4151 862 4240 correxerit,
878 4151 1268 4238 potestatispbonorisque
1284 4151 1333 4219 sui
1350 4156 1461 4218 careat

333 4257 505 4347 dignitate,
520 4277 674 4345 reamque
690 4277 728 4328 se
743 4257 862 4328 Divino
873 4259 1000 4345 judicio
1025 4261 1165 4329 existere
1200 4257 1241 4326 de
1273 4264 1464 4346 perpetrata

332 4364 506 4450 iniquitate
522 4373 709 4454 eognoscat,
742 4371 775 4436 et
790 4389 811 4436 a
827 4366 1057 4436 sacratissimo
1073 4368 1216 4456 Corpore
1232 4375 1265 4435 et
1293 4367 1465 4451 Sanguine

332 4472 395 4541 Dei
413 4479 445 4540 et
461 4473 593 4541 Domini
608 4475 837 4561 Redemptoris
855 4477 960 4544 nostri
990 4477 1069 4546 Jesu
1100 4475 1222 4544 Obristi
1253 4475 1366 4544 aliena
1396 4475 1464 4559 fiat,

334 4585 433 4672 ¹atque
449 4579 483 4646 iu
498 4587 640 4655 extremo
657 4582 808 4654 examine
825 4582 970 4656 districtc
984 4585 1155 4658 subiaceat
1178 4583 1306 4656 ultioni.
1329 4582 1464 4658 cuneta
