3098 5132
85 483 137 549 pro
152 464 237 530 bono
269 462 374 530 Jadre
388 483 410 526 a
441 463 545 528 tribus
575 481 678 546 usque
708 479 767 529 sex
798 459 929 530 obsides
959 460 1041 530 dare
1073 459 1218 531 domino·

85 570 279 656 Imperatori,
295 570 387 653 quod
398 569 493 636 daret
502 567 688 652 specialiter
697 586 756 654 pro
767 567 855 636 iacto
867 588 985 653 guerre
994 566 1206 647 (iaciciorum,

83 677 139 743 boc
154 685 203 744 est
218 677 248 744 si
265 676 373 745 dictus
384 675 535 744 dominus
545 678 725 762 Imperator
735 676 950 745 suosnuntios
967 674 1056 763 apud
1071 674 1207 742 tauram

84 784 151 850 iteo
166 784 209 850 ad
223 784 315 870 ipsos
332 783 493 870 petendos
510 784 699 852 destinaret.

85 979 200 1046 (Ljubica
220 981 325 1045 Simon,
345 983 531 1033 Monumenta
550 982 710 1046 spectantia
726 982 879 1034 historiam
899 981 1046 1032 slavorum
1073 979 1220 1033 Meridie·-

470 1072 585 1122 nauum.
605 1072 627 1120 1.
646 1071 706 1120 set.
726 1075 769 1122 ta.
789 1071 819 1138 1.)

511 1355 658 1364 m
671 1355 771 1362 ..---—.

89 2097 200 2167 lituos
223 2112 332 2164 moster
360 2097 527 2184 Lcdbrept'
554 2097 711 2162 Peterneb
733 2099 784 2181 fio
826 2095 985 2163 Wroat'loz
1017 2097 1155 2165 ttrmkct
1185 2125 1208 2165 α

263 2206 403 2292 zdyrdbs‘
416 2206 643 2292 bdptaloooolc
659 2206 910 2288 adomcnyozza.
929 2206 1024 2273 1227.

184 2401 326 2468 Nomine
342 2400 473 2469 Domini
497 2401 657 2468 invocato.
681 2400 837 2468 Currente
854 2420 941 2468 anno
966 2399 1099 2468 Domini
1122 2400 1221 2470 MOO'

91 2505 216 2574 XXVII.
249 2509 321 2594 ligo
352 2507 508 2590 Magister
538 2508 706 2594 Nicolaus,
738 2509 826 2576 lilius
842 2508 930 2574 Petri
961 2505 1000 2574 de
1016 2507 1201 2596 Ludbregb,

90 2613 191 2681 rolens
207 2620 241 2682 et
256 2617 430 2684 consulens
445 2615 545 2683 saluti
560 2636 632 2682 mcc
647 2620 680 2682 et
695 2616 915 2701 proximorum
931 2635 1075 2683 meorum
1101 2616 1207 2684 modis

91 2722 230 2790 omuibus
246 2721 363 2807 quibus
379 2742 510 2808 possum
536 2721 704 2810 povidcre,
723 2723 806 2789 inter
831 2728 939 2789 cetera
954 2721 1117 2806 quandam
1133 2742 1206 2808 pos·

91 2830 260 2897 sessionem
277 2851 381 2898 meam
399 2829 582 2914 emptitiam
615 2829 777 2898 Wrazilaa
802 2835 962 2915 vocatam,
994 2829 1028 2895 in
1052 2829 1208 2901 Distriotu

92 2932 350 3022 &ambianensi
375 2939 416 3006 de
441 2937 605 3006 Comitatu
636 2937 789 3006 Morocba
814 2935 1034 3020 constitutam,
1063 2937 1208 3004 totaliter

92 3060 154 3108 cum
184 3046 336 3114 omnibus
366 3046 435 3113 suis
466 3045 664 3112 utilitatibus
695 3051 728 3110 et
759 3043 978 3130 pertinenciis,
1009 3043 1042 3108 in
1059 3042 1207 3110 Ecclesia

90 3147 172 3217 Beati
202 3153 305 3237 Regis
335 3153 505 3239 Stephani,
536 3159 569 3218 et
587 3153 622 3216 in
653 3151 740 3219 festo
771 3151 925 3235 eiusdem,
942 3148 1076 3216 maioris
1107 3149 1207 3217 misse

93 3253 186 3326 officio
218 3259 373 3344 existens,
418 3266 561 3342 tempore
602 3257 757 3324 offertorii
789 3257 832 3323 ad
863 3276 954 3322 aram
985 3255 1078 3322 Beati
1109 3256 1209 3339 Regis

93 3361 251 3452 Stephani,
278 3366 523 3434 honorabilibus
540 3365 617 3434 viris
635 3363 784 3450 capituto
809 3361 1026 3449 Zagrisbiensi
1052 3364 1156 3432 obtuli
1177 3373 1209 3432 et

93 3474 190 3562 oliero,
204 3476 326 3544 donavi
350 3476 486 3559 etdono,
508 3474 674 3560 perpetuis
685 3473 882 3560 temporibus
892 3492 950 3558 per
960 3470 1066 3556 ipsum
1078 3471 1208 3558 Capitu-

93 3580 150 3646 lum
175 3603 247 3652 oum
273 3583 342 3652 suis
358 3584 455 3651 metis
471 3591 504 3650 et
522 3582 678 3648 limitibus
696 3581 792 3664 pleno
812 3581 887 3664 jure
906 3578 1148 3664 possidendam,
1164 3586 1209 3649 ta·

92 3687 220 3756 rendam
237 3697 270 3760 et
285 3691 471 3758 habendam
487 3695 534 3758 ita
544 3716 551 3757 :
562 3690 645 3774 quod
658 3707 784 3772 semper
794 3688 965 3772 peripsum
977 3684 1163 3772 Capitulum
1174 3689 1207 3754 in

93 3801 243 3866 communi
261 3799 469 3884 possideatur
478 3807 510 3864 et
520 3803 681 3865 teneatur.
709 3793 840 3873 Quodsi
853 3813 1009 3880 processu
1027 3801 1207 3879 temporum

93 3905 201 3976 dictum
217 3906 405 3991 Capitulum
420 3904 559 3972 voluerit
577 3903 713 3970 forsitan
733 3902 838 3988 ipsam
854 3900 1093 3986 possessionem
1110 3901 1220 3970 alicui,

94 4015 258 4082 concedere
276 4034 365 4082 more
382 4012 531 4100 prediali,
547 4010 609 4079 lroc
626 4013 673 4078 eis
690 4011 788 4076 liceat
804 4009 862 4074 tali
879 4006 983 4089 modo,
1001 4005 1086 4089 quod
1103 4009 1215 4091 ipsam

94 4124 321 4204 possessionem
338 4121 484 4208 predicto
510 4119 605 4188 modo
621 4116 760 4204 prcdiali
776 4115 880 4202 possit
894 4115 1015 4182 habere
1031 4133 1094 4180 non
1112 4113 1208 4194 alter,

97 4251 179 4314 quam
196 4233 316 4318 aliquis
333 4232 375 4298 de
391 4229 511 4298 nostris
526 4223 720 4305 heredibus3
738 4229 772 4290 ut
783 4224 898 4290 Castra
914 4229 1024 4288 nostra
1040 4225 1072 4285 et
1086 4225 1212 4286 nostro·

94 4357 153 4405 mm
180 4340 333 4408 heredum
366 4337 407 4404 de
424 4337 524 4403 Zelna
556 4341 588 4400 et
603 4331 789 4419 Byatrycha
815 4350 886 4396 cum
905 4329 972 4394 ruis
1004 4326 1217 4410 pertinenciis

94 4449 286 4534 nonpossint
303 4446 415 4529 aliquo
431 4444 540 4511 oolore
557 4461 615 4527 per
630 4442 815 4508 detentores
831 4435 975 4504 eiusdem
992 4433 1218 4516 possessionis

93 4553 121 4621 in
134 4557 240 4642 aliquo
267 4553 389 4624 offendi
405 4556 457 4621 rel
485 4552 672 4620 turbariis
699 4549 791 4615 ouius
809 4541 994 4611 donacionis
1021 4549 1220 4628 perpetuam
