3080 5146
581 354 744 456 „Q
839 319 841 324 ,

102 571 166 620 non
179 551 322 639 tenebat,
358 550 512 617 deberent
527 548 683 624 accedere
699 567 807 616 coram
822 548 918 616 nobis
933 549 969 616 in
992 567 1142 635 persona,
1173 549 1226 616 rel

105 657 187 726 diota
200 657 343 743 testium,
360 655 445 723 sicut
461 650 511 722 cis
524 655 679 742 placeret,
711 675 792 740 quos
810 673 887 742 pars
903 657 1010 722 altera
1024 655 1069 724 ad
1085 655 1226 742 probau-

107 765 176 832 dum
189 765 293 852 petita
308 765 343 831 in
359 763 471 832 libello
486 762 694 830 introducere
709 762 910 849 intendebat,
939 763 1116 830 secundum
1134 761 1225 829 Juris

106 871 241 940 ordinem
256 870 427 941 obiectari.
451 868 545 948 Quod
560 891 632 938 cum
648 890 713 937 non
729 891 790 955 per
806 891 852 958 se,
869 871 923 937 vel
933 889 992 955 per
1003 870 1226 955 responsalem

107 979 240 1066 aliquem
257 981 292 1047 in
308 978 458 1066 termino,
484 983 606 1065 etpost
637 977 808 1045 terminum
840 977 963 1044 diutius
995 979 1158 1064 expectati
1189 979 1224 1043 in

103 1085 226 1155 iudicio
241 1085 492 1174 comparuerint,
518 1089 618 1154 testes
635 1105 735 1172 snper
749 1083 860 1171 potitis
875 1085 976 1171 recipi
993 1085 1226 1153 mandarimus

106 1201 136 1260 et
149 1194 326 1280 recepimus
343 1198 376 1260 et
406 1191 674 1281 examinavimus,
706 1193 891 1278 aperuimus
917 1199 949 1259 et
980 1192 1229 1280 publicavimus,

109 1301 288 1370 solemniter
298 1298 430 1387 justitia
444 1301 607 1384 exigente.
632 1300 784 1367 Testibus
799 1299 896 1382 igitur
912 1297 1087 1384 diligenter
1103 1303 1225 1368 exami-

107 1410 186 1476 natis
210 1428 282 1477 cum
298 1428 340 1476 ea
357 1406 528 1492 diligentia
544 1411 578 1475 et
593 1409 735 1494 cautela,
767 1426 830 1492 que
844 1409 929 1474 solet
944 1415 976 1474 et
990 1407 1087 1500 debet
1102 1410 1224 1476 intali-

108 1518 163 1584 bns
175 1516 330 1600 adbiberi,
347 1521 380 1582 et
395 1515 659 1582 attestationibus
676 1513 862 1582 solemniter
877 1514 1061 1601 publicatis,
1091 1515 1226 1584 rationi·

108 1625 160 1691 bus
175 1630 206 1690 et
221 1617 477 1709 allegationibus
495 1620 671 1705 diligenter
701 1621 841 1706 anditis;
862 1622 943 1690 risis
974 1610 1073 1690 etiam
1105 1623 1224 1693 litteris

106 1731 285 1818 Papalibus,
300 1729 481 1816 privilegiis
497 1749 537 1796 ac
552 1729 777 1797 instrumentis
794 1731 942 1816 pluribus
957 1751 1056 1818 super
1071 1731 1132 1800 hoc
1147 1733 1225 1800 iam-

107 1838 218 1905 dudum
234 1837 399 1917 coniectis,
425 1857 525 1923 super
555 1836 726 1923 premissis
758 1837 998 1906 deliberatione
1029 1839 1085 1906 diu
1114 1839 1228 1907 habita

108 1943 281 2030 diligenter,
296 1943 433 2012 termino
451 1945 552 2012 etiam
567 1943 668 2012 hodic
682 1945 878 2031 peremtoria
894 1947 1068 2014 constituto
1084 1949 1127 2015 ad
1154 1968 1224 2014 aen-

106 2053 231 2122 tentiam
245 2052 490 2141 proterendam.
529 2049 615 2129 Quia
631 2053 726 2121 nobis
742 2054 917 2120 manifeste
933 2059 1059 2120 constat
1075 2060 1143 2120 tam
1168 2075 1227 2142 per

106 2165 265 2247 premissa,
293 2180 391 2246 quam
408 2160 507 2225 ctiam
524 2158 632 2226 forma
663 2161 797 2244 publica
827 2167 860 2228 et
889 2161 1015 2228 notoria
1046 2161 1224 2244 deferente,

107 2267 245 2336 Casuum
263 2275 296 2335 et
311 2267 494 2334 Ecclesiam
513 2265 700 2353 Sybinicia
731 2276 884 2354 tempore,
917 2269 1008 2336 cni'ns
1040 2289 1104 2335 non
1134 2275 1225 2337 extat

104 2377 261 2464 memoria,
278 2375 381 2442 luisse
396 2395 436 2442 ac
451 2376 522 2441 fors
538 2374 580 2442 de
594 2375 733 2442 Diooese
750 2376 972 2463 (traguriensi,
1004 2376 1166 2444 subfuisse
1183 2397 1223 2444 ac

106 2481 216 2550 debere
231 2483 367 2550 subesse
381 2481 594 2567 ‘traguriensi
608 2481 773 2569 Episcopo
790 2487 957 2568 tamquam
973 2505 1032 2552 suo
1064 2484 1218 2555 Diooese·

108 2608 160 2672 uo,
183 2591 420 2657 communicato
437 2587 575 2656 consilio
593 2590 791 2674 sapientum,
823 2591 962 2659 dicimus
978 2598 1011 2660 et
1041 2595 1222 2661 sentialiter

107 2694 275 2784 inscriptis
290 2695 544 2782 pronunciamus
561 2697 722 2765 auctorite
737 2698 831 2766 nobis
847 2697 968 2766 tradita
993 2707 1026 2768 et
1057 2721 1226 2790 concessa,

107 2804 200 2887 partis
216 2801 354 2870 adverse
370 2803 577 2869 contumacia
592 2825 657 2870 non
673 2804 835 2887 obstante,
866 2805 956 2872 cuius
981 2808 1134 2877 absentia
1163 2811 1226 2878 Dei

108 2910 260 2995 repleatur
285 2909 454 2997 presentia
481 2937 489 2978 r
521 2907 673 2978 Castrum
705 2919 737 2978 et
767 2911 948 2981 Ecclesiam
979 2914 1224 3000 Sybinicensem

107 3014 198 3088 fnisse
211 3037 252 3086 ac
267 3038 339 3086 esse
355 3017 475 3087 debere
491 3016 532 3086 de
548 3018 679 3086 Diooesi
712 3039 769 3087 seu
801 3021 964 3089 territorio
995 3025 1225 3107 Traguriensis

108 3123 250 3210 Ecclesia,
266 3129 326 3193 sne
341 3131 498 3209 tanquam
516 3126 645 3192 matrici
662 3133 692 3193 et
723 3127 837 3214 capiti·
854 3129 888 3194 in
919 3129 1068 3198 omnibus
1098 3129 1225 3199 iuribus

110 3231 351 3322 episcopalibus,
383 3237 450 3298 tam
466 3229 511 3296 ad
526 3232 633 3320 legem
664 3233 885 3324 diocesanam,
916 3255 1014 3318 quam
1045 3235 1090 3303 ad
1121 3238 1225 3322 legem

107 3337 336 3422 jurisdictionis
354 3337 591 3426 spectantibus,
608 3339 735 3407 scilicet
751 3341 948 3428 obedientia,
965 3342 1167 3412 subiectione
1184 3365 1223 3413 ac

111 3449 290 3536 reverentia
307 3448 509 3516 institutione
526 3469 566 3516 ao
582 3446 793 3518 destitutione
808 3449 1089 3537 Arcbipresbyteri
1105 3453 1226 3522 etalio·

112 3571 171 3621 ram
185 3557 376 3626 clericorum
393 3555 436 3624 da
451 3555 620 3642 Sybinico,
635 3557 845 3642 correctione,
860 3558 1092 3627 reformatione
1106 3580 1145 3628 ac
1155 3582 1227 3630 oen·

110 3679 177 3731 aura
189 3663 414 3737 ecclesiastica
429 3671 461 3733 et
477 3671 754 3733 sacramentorum
770 3669 923 3752 omnium,
937 3685 1002 3750 que
1012 3670 1054 3735 ab
1064 3669 1227 3755 Episcopo

110 3773 388 3862 suntrecipienda,
420 3771 612 3858 collatione,
642 3771 754 3839 uenire
771 3772 815 3838 ad
832 3773 1010 3862 Synodum,
1041 3775 1227 3843 visitatione

112 3899 226 3966 xcarroque
242 3901 361 3968 annua,
379 3885 411 3948 et
426 3877 638 3964 quorumdam
654 3881 862 3948 exactionum
877 3881 1087 3968 prestatione,
1113 3902 1176 3968 quc
1191 3883 1227 3950 in

115 3985 283 4060 Natiuitate
298 3987 429 4057 Domini
446 3994 480 4058 et
494 3987 529 4055 in
543 3987 794 4058 Resurrectione
806 3990 977 4059 Dominioa
985 3991 1027 4059 ab
1037 3991 1171 4076 antiquo
1180 4013 1230 4062 so·

117 4095 167 4164 lita
179 4108 249 4168 sont
263 4097 414 4186 prestari,
430 4097 516 4166 sicut
527 4097 562 4163 in
573 4096 785 4182 instrumento
795 4098 1027 4166 transactionis
1043 4099 1130 4169 secte
1146 4102 1232 4169 inter

114 4201 222 4274 dictum
234 4206 432 4292 Episcopum
452 4205 606 4290 Tragurii
623 4224 664 4272 ex
679 4211 857 4294 unaparte,
875 4213 908 4274 et
917 4203 952 4277 S.
962 4205 1228 4296 archipresbyte-

116 4327 177 4377 rum
190 4319 221 4381 et
237 4319 360 4383 ceteros
377 4313 516 4380 clericos
533 4311 681 4398 Sybinici
696 4333 738 4382 ex
753 4315 858 4408 altera
873 4313 1004 4401 plenius
1020 4314 1137 4383 dicitur
1154 4337 1230 4386 oon·

117 4413 210 4507 tberi,
240 4428 272 4490 et
288 4421 441 4490 roborato
456 4419 652 4489 auctoritate
669 4422 813 4508 Capituli
844 4421 1050 4512 spalatensis
1080 4422 1231 4492 Ecclesia

120 4517 363 4616 lleuopolitanc,
379 4533 412 4598 ct
426 4527 561 4616 insuper
575 4527 770 4599 auctoritate
784 4527 907 4598 domiui
923 4529 1012 4619 Papa
1027 4529 1116 4598 dicta
1126 4537 1231 4601 trans·

119 4627 234 4704 actione
248 4637 346 4706 etiam
363 4634 567 4725 confirmata,
583 4635 734 4725 legitime
749 4637 919 4722 subiacere
934 4643 968 4708 et
992 4638 1234 4711 rationabiliter
