3080 5146
769 242 932 346 ἐρέῃ

291 437 452 524 Gregorii,
467 439 598 506 numine
613 436 765 524 Jelsoiob,
782 437 907 504 babens
925 437 972 506 ibi
989 443 1109 504 metsnr
1125 436 1161 504 in
1192 438 1308 506 arbore
1335 433 1408 520 bilr5

286 545 322 612 in
359 544 473 613 eadem
504 546 561 614 ria
590 544 726 614 vortitur
755 544 800 612 ad
814 543 982 612 meridiem
1008 545 1134 612 babens
1148 565 1171 612 a
1187 543 1406 631 septemtrione

287 658 409 718 terram
426 653 585 738 Gregorii,
602 675 623 722 a
637 651 773 720 meridie
787 659 909 719 terram
926 649 1081 737 Capituli,
1097 651 1236 718 eivenit
1261 653 1306 720 ad
1320 659 1406 736 onput

237 807 240 814 ·
288 760 638 848 montisssobnlaunus,
662 759 786 828 babens
801 758 848 826 ibi
866 779 966 826 unam
983 767 1105 828 metam
1122 750 1264 826 terream
1279 765 1312 825 et
1338 759 1406 824 alte
1525 759 1526 768 ’

289 887 361 934 ram
383 867 418 932 in
433 868 604 935 arboribus
621 867 727 936 oerasi
743 875 776 935 et
794 875 931 952 gerlan;
946 867 988 934 (le
1003 867 1112 952 eapite
1127 866 1331 934 Cobulaunns
1344 885 1411 950 pro-

290 973 378 1042 cedit
392 975 427 1042 in
447 977 504 1044 via
519 976 656 1060 antiqua
672 985 704 1044 et
721 975 812 1043 veuit
826 974 870 1042 ad
886 994 1039 1058 magnam
1061 975 1160 1061 riam,
1176 995 1241 1059 qne
1258 973 1343 1040 dneit
1369 971 1406 1038 arl

291 1081 423 1150 domum
447 1081 606 1168 Gregorii,
623 1083 748 1150 babens
764 1083 810 1150 ibi
826 1082 911 1149 duas
927 1089 1032 1148 metas
1049 1081 1084 1148 in
1099 1081 1274 1150 arboribus
1289 1081 1409 1162 barast3

289 1189 324 1254 in
344 1191 417 1275 ipsa
432 1210 552 1274 magna
567 1191 622 1258 rio
638 1192 787 1275 prooedit
807 1209 922 1258 versus
939 1190 1204 1274 septemtrionem
1222 1195 1255 1256 et
1270 1186 1410 1256 aseendit

290 1296 404 1362 eollem
439 1319 546 1384 unum,
575 1297 700 1363 babens
733 1297 778 1362 ibi
810 1295 893 1364 duas
923 1303 1025 1362 metus
1041 1295 1076 1360 in
1090 1296 1264 1364 arboribus
1281 1296 1409 1377 harant,

292 1405 370 1472 inde
401 1403 541 1472 flectitur
556 1404 600 1472 ad
615 1405 815 1472 occidentem
841 1405 884 1469 ad
899 1403 1023 1470 iaotnm
1039 1404 1158 1490 buonli,
1175 1402 1302 1470 babens
1316 1421 1406 1470 unam

293 1519 413 1576 metam
424 1513 458 1576 in
477 1515 595 1581 arbore
610 1513 790 1599 berokpna,
807 1511 944 1578 alteram
955 1511 988 1576 in
999 1510 1075 1597 bik3
1088 1510 1164 1576 inde
1179 1510 1312 1577 fleetens
1326 1510 1413 1593 quasi

291 1618 337 1684 ad
367 1621 644 1704 septemtrionem,
675 1619 842 1688 descendit
873 1619 935 1685 sub
966 1619 1064 1684 vinea
1078 1624 1111 1683 et
1126 1619 1217 1683 veuit
1232 1615 1276 1683 ud
1289 1625 1412 1700 metum,

294 1745 357 1809 que
372 1728 471 1793 estin
486 1729 602 1792 arbore
618 1728 742 1810 oerasi;
774 1725 893 1795 deinde
915 1727 1006 1794 venit
1037 1727 1151 1792 iterum
1183 1725 1228 1792 ad
1261 1744 1412 1809 berosum,

297 1839 412 1918 postea
427 1833 471 1900 ad
487 1835 570 1900 duas
585 1843 700 1920 metus,
716 1855 815 1900 unam
832 1835 866 1900 in
879 1834 996 1900 arbore
1011 1833 1133 1921 harant,
1151 1834 1289 1900 alteram
1304 1834 1338 1898 in
1351 1830 1421 1913 bilr,

295 1949 410 2026 postea
440 1940 608 2008 deseendit
637 1942 681 2007 ad
712 1943 835 2028 pirum;
868 1941 987 2008 deindo
1017 1943 1172 2008 inrisum
1192 1961 1304 2028 unum,
1321 1960 1410 2025 quem

292 2049 467 2135 transiens,
499 2049 598 2116 babet
628 2051 660 2116 in
678 2050 825 2136 margine
841 2056 959 2116 metam
975 2055 1114 2116 terream
1131 2051 1191 2116 sub
1208 2053 1323 2116 arbore
1349 2047 1416 2133 g'er·
1535 2045 1536 2102 ἐ

296 2163 368 2239 tan;
381 2157 458 2222 indo
474 2159 592 2224 transit
607 2159 693 2224 viam
709 2177 806 2224 unam
821 2177 933 2226 uersus
950 2157 1151 2224 oooidentem
1167 2164 1200 2223 et
1216 2156 1367 2224 aseendit
1382 2155 1415 2222 in
1535 2157 1536 2204 ἕ

291 2283 397 2347 parva
427 2263 514 2330 valle
543 2286 608 2330 una
639 2266 682 2330 ad
714 2270 833 2330 metam
863 2283 927 2347 que
959 2272 1008 2331 eet
1023 2265 1085 2332 snb
1101 2265 1217 2331 arbore
1235 2263 1416 2349 berekyna5

292 2371 554 2438 deindevenitin
564 2373 713 2439 semitam
723 2393 821 2438 unam
838 2381 871 2439 ot
885 2373 918 2437 in
934 2372 1048 2438 eadem
1066 2371 1183 2438 samita
1198 2371 1292 2438 vadit
1306 2391 1417 2439 versus

298 2477 500 2546 occidentem
533 2485 565 2546 et
590 2482 677 2546 venit
703 2479 746 2544 ad
762 2499 913 2564 magnam
930 2478 1016 2545 viem
1033 2479 1179 2560 Ittewen,
1196 2499 1260 2564 que
1275 2478 1364 2546 dneit
1378 2475 1419 2544 ad

299 2585 449 2668 Worosd,
467 2586 576 2670 ibique
592 2587 625 2652 in
641 2591 798 2652 motorum
816 2585 941 2654 binario
957 2585 1158 2654 terminatur.
1174 2587 1217 2652 Et
1231 2607 1273 2653 ue
1313 2585 1421 2654 dietus

299 2691 487 2776 Gregorius,
517 2693 571 2760 rel
602 2693 701 2761 frater
730 2713 818 2780 snus,
842 2701 901 2760 aut
930 2694 1164 2780 consanguinei
1195 2696 1248 2761 vel
1278 2693 1421 2780 ipsorum

296 2818 499 2870 successores
527 2801 711 2888 Capitulum
736 2799 957 2885 Zagrabiense
986 2821 1084 2888 super
1114 2801 1322 2870 distinetione
1337 2809 1421 2869 terre

294 2905 439 2992 predicte
454 2909 542 2975 riam
557 2909 700 2976 habeant
715 2907 904 2991 infestandi,
927 2927 1038 2975 omnes
1055 2908 1179 2996 literas,
1197 2929 1280 2994 quas
1311 2909 1422 2976 dietus

301 3014 477 3100 Gregorius
509 3023 542 3084 et
572 3017 624 3086 sui
638 3037 735 3100 super
749 3015 863 3084 eodem
881 3014 967 3082 fanto
984 3021 1096 3084 eontra
1113 3013 1301 3103 Capitulum
1315 3018 1420 3104 prole·

294 3123 418 3192 nontin
435 3124 552 3212 lucem,
568 3131 716 3192 cassatas
732 3145 803 3192 esse
819 3125 1010 3192 anctoritate
1020 3125 1225 3212 presencium
1241 3126 1422 3208 voluerunt,

294 3231 348 3298 rel
380 3232 521 3301 exhibite
552 3232 638 3298 vires
669 3253 733 3299 non
764 3233 908 3298 babeant
940 3239 972 3298 et
987 3233 1022 3298 in
1038 3231 1196 3300 uiehilnm
1220 3233 1421 3317 rediguntur.

295 3340 579 3406 Rennnoiaverunt
595 3337 699 3406 dietus
716 3339 892 3423 Gregorius
909 3339 1054 3408 etirater
1069 3359 1147 3406 suus
1164 3347 1196 3407 et
1211 3341 1298 3408 Bbot
1313 3362 1373 3426 pro
1390 3362 1423 3410 se
1535 3339 1536 3384 l

296 3455 329 3513 et
354 3448 502 3516 omnibus
517 3448 586 3516 suis
601 3447 850 3532 consanguineis
866 3447 955 3514 omni
965 3445 1034 3532 juri
1050 3455 1083 3512 et
1098 3447 1235 3534 suoloni,
1251 3469 1351 3533 quam
1369 3451 1422 3516 ba·

296 3555 426 3641 bebant,
444 3554 497 3622 vel
513 3554 634 3622 babere
649 3563 801 3644 poterent
816 3575 913 3641 snper
928 3555 1024 3622 metis
1039 3563 1123 3624 terre
1138 3557 1292 3643 superius
1323 3559 1424 3626 nomi·
1535 3547 1536 3642 l

294 3670 382 3730 nate.
399 3665 438 3730 In
469 3663 562 3730 euius
592 3662 639 3730 rei
671 3662 887 3730 testimoninm
913 3671 1081 3747 presentes
1097 3663 1224 3732 litteras
1240 3664 1285 3732 ad
1300 3665 1423 3734 instsn·

293 3769 378 3837 eiam
394 3771 540 3856 purnium
558 3769 751 3839 contulimus
768 3770 869 3856 sigilli
894 3772 998 3838 nostri
1030 3771 1207 3839 munimine
1237 3773 1419 3842 roboratus.

293 3879 415 3944 Datum
445 3899 531 3946 anno
556 3881 598 3946 ab
614 3881 849 3947 Inoannaeione
879 3878 1010 3946 Domini
1041 3879 1137 3947 Mon.
1153 3880 1431 3966 quiuquagesimo
1535 3899 1536 3974 r

293 3991 423 4066 quarto.
1535 3983 1536 3992 ³

407 4181 568 4248 (Thalosics,
587 4184 712 4240 Menum.
730 4184 795 4235 hist.
815 4183 908 4249 Episo.
928 4185 1048 4251 Zagrab.
1067 4185 1090 4234 1.
1109 4184 1169 4236 ket.
1191 4187 1250 4235 102.
1269 4183 1306 4249 1.)
