3098 5132
588 291 747 388 Α

105 489 364 575 promeritorum
381 484 551 570 exigentia
565 483 706 569 singulis
721 503 757 550 ee
774 483 872 550 dehet
887 482 981 564 larga
1005 501 1105 549 mauu
1130 481 1233 552 libers

111 604 155 662 ter
169 594 326 662 exhibere
342 618 351 658 :
367 594 413 658 ita
428 592 551 678 pariter
567 590 610 656 ad
635 591 828 657 collatorum
849 589 1133 656 conseruationem
1145 595 1235 656 tene-

108 712 155 769 tur
170 700 407 768 sollicitudinis
422 699 528 766 studio
543 698 693 783 vigilare,
713 705 746 764 et
761 704 798 764 ut
812 717 852 764 ea
867 715 930 782 que
946 696 1083 766 contulit
1113 718 1134 764 e
1165 699 1241 766 suisv

105 809 335 893 possideantur
351 805 502 874 fidelibus
517 806 746 872 inconcussam
763 803 811 872 eis
827 805 970 872 tribuere
987 802 1084 872 debet
1098 804 1234 872 tirmite-

105 922 176 982 tem.
200 913 345 983 Proinde
360 922 428 982 tam
444 913 606 1002 presentis
640 913 736 980 etatis
766 931 864 996 quarn
895 911 1001 978 future
1032 913 1234 996 posteritatis

108 1023 223 1090 notioic
253 1021 460 1106 presencium
490 1021 685 1090 auctoritate
717 1020 869 1086 volumus
899 1018 968 1085 fieri
999 1018 1235 1088 manifestum

107 1127 189 1210 quod
205 1147 278 1194 cum
292 1126 467 1195 recolende
482 1127 637 1194 memorie
652 1125 845 1192 Hemericus
869 1124 971 1192 frater
1002 1132 1123 1211 noster,
1155 1127 1241 1197 Illo-v

108 1237 179 1302 stris
194 1237 263 1304 Rex
279 1233 460 1319 Huugarie‚
477 1233 601 1300 Thome
618 1230 735 1300 Comiti
752 1232 786 1298 iu
803 1233 1138 1317 recompensacionem
1156 1254 1229 1301 suo-

108 1363 172 1409 rum
188 1341 332 1408 fidelium
349 1341 570 1427 seruiciorum,
601 1338 741 1424 quesibi
759 1340 794 1406 in
810 1337 1024 1426 expedicione
1048 1357 1144 1422 quaro
1174 1341 1229 1405 ha·

111 1449 175 1516 buit
190 1455 305 1516 contra
319 1447 481 1532 Bulgaros
497 1466 595 1533 super
610 1447 743 1512 fluuium
760 1447 906 1514 Morowa
919 1443 1130 1512 laudabiliter
1141 1445 1231 1512 exhi·

109 1557 182 1642 buit,
197 1557 317 1622 siluam
333 1553 499 1636 quandam
515 1553 647 1620 nomine
661 1551 809 1640 lecytus,
841 1572 904 1636 quc
919 1553 997 1622 olim
1024 1551 1230 1638 populorum„

114 1665 165 1748 qui
180 1663 266 1746 uulgo
282 1660 508 1748 Kepkusuend
524 1661 685 1748 dicuntur,
701 1663 819 1745 fuerat,
837 1680 895 1746 per
911 1679 1003 1728 sunm
1023 1659 1234 1728 conclusisset

110 1767 190 1855 (lgp)
205 1767 428 1854 priuilegium,
460 1767 619 1854 pristaldo
634 1787 694 1834 suo
727 1765 904 1834 eristoforo
936 1786 1009 1836 rera
1041 1767 1082 1835 de
1112 1785 1233 1850 genere

111 1878 230 1962 Cuplon
246 1877 426 1960 existente;
452 1895 511 1942 nee
527 1897 591 1942 nou
607 1895 680 1942 oum
697 1875 785 1942 dicto
802 1875 905 1943 fratre
936 1882 1047 1942 nostro
1079 1875 1235 1956 deceseo;

110 1991 139 2052 et
154 1993 302 2068 suscepto
318 2006 340 2050 a
354 1986 459 2070 nobis,
476 1984 575 2050 dente
591 1984 740 2064 Domino,
774 1982 877 2068 Regni
893 1983 1125 2070 gubernaculo,
1156 2003 1231 2050 oon·

111 2091 249 2158 siderate
265 2091 401 2177 predicti
417 2091 541 2157 Thome
557 2090 691 2158 Comitis
701 2090 860 2156 fidelitate
871 2089 1056 2176 indecidua‚
1072 2108 1138 2174 qua
1149 2087 1231 2156 idem

111 2199 298 2264 excellenter
315 2198 425 2282 elonit,
443 2197 561 2266 missus
576 2218 598 2264 a
612 2197 706 2265 nobis
722 2217 782 2282 pro
799 2197 977 2283 primipulo
1007 2195 1042 2262 in
1073 2195 1230 2262 auxilinm

112 2305 204 2387 Regis
221 2304 377 2370 Bohemie
394 2309 507 2372 eontra
524 2305 776 2390 Imperatorem:
794 2303 958 2388 quandam
976 2301 1235 2372 siluamnomine

112 2411 256 2499 leniens,
271 2432 292 2476 a
309 2408 424 2476 Castro
442 2410 482 2476 de
498 2409 653 2477 Zothmar
670 2420 853 2498 exceptam,
870 2430 941 2477 cum
959 2415 1046 2477 terra
1070 2410 1148 2478 ville
1180 2429 1232 2478 ou·

114 2519 209 2585 stodis
225 2518 370 2586 eiusdem
387 2518 479 2602 silue,
497 2537 560 2601 que
576 2525 627 2584 est
642 2519 736 2584 iuxta
752 2518 863 2584 villam
875 2517 1019 2584 custodis
1030 2518 1233 2586 siluenostre

15 2707 16 2710 Ἴ
113 2627 234 2693 nominc
251 2624 388 2709 Cherep,
405 2644 469 2706 qno
487 2625 588 2690 eciam
605 2625 735 2692 nomine
751 2624 883 2712 prefata
899 2624 979 2690 villa
1004 2631 1119 2694 nostra
1150 2645 1228 2692 nuu-

114 2738 251 2818 eupatnr‚
284 2731 485 2818 perfidelem
502 2733 693 2816 pristeldum
709 2739 855 2800 nostrum
871 2729 1040 2799 Abraham
1055 2731 1158 2800 filium
1175 2733 1233 2801 Fe·

114 2837 213 2904 liciani
230 2839 271 2904 de
287 2837 525 2920 villamorini,
556 2844 587 2904 et
619 2859 678 2924 per
708 2843 851 2908 nostrum
886 2839 1094 2926 priuilegium
1126 2835 1230 2908 eidem

117 2943 221 3012 domiti
251 2945 375 3012 'rhome
407 2949 564 3032 perpetuo
595 2947 823 3032 possidendam
856 2947 931 3014 olim
963 2946 1233 3029 contulissemus;

117 3055 310 3134 postmodum
326 3053 467 3120 dilectus
483 3060 594 3121 noster
609 3053 844 3140 primogenitus
860 3053 943 3122 Bela
960 3053 1100 3121 Illustris
1116 3053 1187 3122 Rex
1197 3053 1232 3120 iu

117 3157 309 3228 discussione
325 3167 358 3226 et
374 3161 587 3229 reuooacione
603 3162 832 3248 perpetuitatis
847 3181 888 3228 ac
903 3161 1064 3248 superflue
1079 3159 1230 3228 donacio·

116 3267 159 3332 nis
173 3275 235 3334 tum
254 3267 474 3353 supradictam
491 3269 610 3336 siluam
641 3270 772 3334 nomine
801 3267 952 3356 Keylrns,
985 3287 1082 3352 quam
1113 3266 1232 3334 siluam

115 3371 257 3455 leniens,
274 3383 307 3442 et
323 3383 443 3442 terram
461 3375 603 3444 custodis
622 3376 766 3444 eiusdem
783 3377 869 3444 silue
884 3395 905 3442 a
929 3374 1080 3443 fidelibus
1106 3376 1228 3443 nostris

115 3480 207 3550 Setun
221 3490 255 3551 et
270 3483 458 3550 Alexandro
475 3482 651 3551 comitibus
683 3483 757 3570 filijs
787 3483 908 3572 prefati
937 3483 1061 3550 'rhome
1094 3478 1234 3551 Comitis

114 3588 246 3672 abstulit,
263 3589 437 3678 priuilegia
453 3612 550 3678 super
564 3591 645 3678 ipsis
662 3589 1038 3676 conlectainsringendo.
1050 3590 1119 3657 Nos
1134 3588 1233 3674 igitur

114 3695 322 3780 predictorum
339 3698 482 3768 fidelium
513 3706 693 3768 nostrorum
722 3699 839 3766 merita
869 3700 1018 3766 nolentes
1048 3699 1234 3785 relinquere

112 3803 348 3891 irremunerata,
366 3806 513 3892 prefatas
529 3809 632 3874 siluae
648 3805 787 3892 Keykus
819 3813 853 3874 et
884 3807 1018 3892 Feutus,
1050 3812 1081 3872 et
1112 3813 1232 3876 terram

112 3909 180 3978 ville
196 3913 339 3981 custodie
357 3913 501 3982 eiusdem
518 3913 604 3982 silue
619 3933 677 4002 per
701 3912 831 3982 fidelem
860 3913 1056 4000 pristaldum
1087 3919 1233 3982 nostrum

111 4017 190 4086 liunt
207 4018 369 4090 Comitem
384 4021 483 4090 tilium
500 4021 628 4090 Alberti
644 4021 773 4090 circuiri
789 4019 957 4106 iacientes,
975 4019 1160 4087 memoratis
1174 4019 1232 4086 Se·

111 4126 162 4194 bns
179 4137 210 4194 et
225 4127 417 4196 Alexandro
434 4128 611 4199 comitibus
626 4129 821 4198 auctoritate
847 4129 952 4215 Regia
983 4128 1154 4194 restituere
1184 4129 1233 4194 di-

110 4253 200 4318 gnum
217 4235 384 4302 duximus.
405 4237 516 4304 Prima
533 4238 632 4322 igitur
646 4243 735 4304 mete
760 4237 844 4306 silue
874 4236 1021 4322 Koylrus,
1054 4237 1232 4304 secundum

107 4343 319 4412 assertionem
335 4345 553 4430 prenominati
571 4346 724 4430 pristaldi
740 4345 838 4426 Hunt,
857 4342 973 4430 incipit
989 4361 1011 4410 e
1026 4349 1119 4428 parte
1129 4343 1231 4410 orien-

109 4452 158 4516 tuli
177 4471 195 4518 o
212 4457 334 4545 monte,
351 4452 407 4538 qui
425 4453 681 4522 Guthouehonea
697 4454 827 4538 dicitur,
844 4458 876 4520 et
893 4450 986 4518 vadit
1003 4471 1057 4535 per
1074 4451 1172 4518 berch
1189 4453 1232 4519 ad

15 4623 16 4644 p
113 4559 237 4644 plagam
254 4561 548 4646 septemtrionalem
565 4561 598 4630 in
615 4569 715 4646 caput
731 4562 923 4647 Marumors,
940 4559 986 4626 ibi
1001 4565 1090 4626 tenet
1113 4566 1235 4628 motam
