3150 5162
679 1041 754 1110 329.

146 1241 181 1306 A
204 1242 389 1308 kereaztesek
412 1244 597 1327 craterpumi
620 1241 848 1326 bonoautjc'cek
886 1239 1161 1328 bizoupso'pieoale,
1197 1244 1279 1330 hoyy

149 1372 190 1414 oz
214 1349 402 1434 arztcrpcrni
424 1347 581 1432 ddptatou
605 1350 636 1413 t'a
659 1373 680 1414 a
705 1347 890 1412 oscalatus
930 1345 1077 1434 bizocyoc
1102 1372 1192 1437 peres
1215 1351 1280 1416 hir-

434 1457 528 1520 tolcra
551 1456 642 1518 ctam
665 1455 879 1542 cppeakodtek.
904 1453 1001 1521 1259.

258 1649 327 1716 Nos
344 1650 445 1716 trater
459 1649 496 1715 L.
516 1651 674 1734 Magister
689 1649 814 1717 Domus
830 1647 1014 1734 Hospitalis
1045 1649 1157 1718 Sancti
1182 1651 1281 1736 Regis

151 1755 376 1840 deStrigonio
393 1763 425 1822 ct
450 1761 537 1822 totus
570 1756 755 1824 Gonnentus
788 1755 934 1823 eiusdem
965 1755 1029 1824 loci
1060 1757 1281 1840 significamus

149 1865 303 1931 omnibus
318 1883 376 1949 per
390 1871 559 1947 presentes
576 1863 731 1932 memoria
747 1864 1023 1948 commendantes,
1057 1864 1143 1948 quod
1159 1885 1231 1932 cum
1247 1867 1280 1932 in

149 1971 266 2054 vigilia
281 1970 392 2036 Sancti
417 1971 519 2054 Regis
551 1971 728 2039 secundum
761 1969 916 2038 iudicium
947 1970 1144 2038 venerabilis
1176 1973 1280 2058 patris

150 2074 352 2165 B(enedicti)
371 2077 432 2142 Dei
448 2078 561 2162 gracia
576 2075 824 2163 archicpiscopi
849 2077 1082 2162 Strigonicnsis
1111 2077 1279 2146 Abraham

148 2187 348 2273 Propositus,
380 2187 579 2256 Valentinus
610 2188 743 2272 Cantor,
774 2185 947 2254 Farcasius
979 2183 1135 2252 sacerdos
1165 2185 1280 2253 Sancti

154 2295 343 2378 Laurencij,
375 2293 494 2360 Petrus
509 2295 641 2360 villicus
670 2293 846 2380 fabrorum,
879 2299 911 2358 et
940 2291 1084 2358 Lazarus
1115 2293 1279 2374 quondam

150 2399 283 2467 villicus
299 2399 489 2466 debuissent
505 2406 653 2484 prestare
669 2407 910 2467 sacramentum
927 2399 962 2464 in
993 2405 1106 2464 nostra
1137 2399 1279 2466 ecclesia

150 2515 267 2576 contra
282 2507 498 2592 Ambrosium,
513 2507 670 2574 Jacobum
689 2515 720 2575 ct
737 2507 806 2594 Zup
823 2507 864 2572 de
879 2505 985 2573 Musla
1001 2527 1099 2592 super
1116 2526 1163 2592 co,
1191 2507 1280 2592 quod

149 2617 267 2684 Petrus
284 2615 447 2696 quondam
463 2616 652 2700 Propositus
669 2614 781 2682 Sancti
798 2613 930 2700 Georgij
950 2613 1189 2698 adhucrineas,
1207 2637 1280 2701 por·

149 2725 276 2790 cionem
294 2727 378 2788 terre
395 2743 452 2790 sue
470 2743 567 2806 quarn
584 2723 725 2789 habebat
740 2726 774 2786 in
792 2721 893 2807 Ebcd,
927 2721 1101 2789 contulerit
1118 2728 1150 2788 et
1181 2721 1280 2790 dona·

150 2829 233 2896 uerit
249 2852 307 2914 pro
325 2831 433 2895 anime
449 2850 506 2896 suc
523 2832 667 2896 remedio
685 2830 837 2913 Capitulo
855 2829 1074 2912 strigoniensi
1091 2849 1163 2896 curn
1180 2831 1280 2898 omui-

150 2943 212 3010 bus
228 2937 295 3004 snis
311 2936 532 3024 pcrtincnoijs.
558 2937 704 3004 Tandem
721 2942 831 3021 partes
848 2936 987 3001 aduerso
1004 2957 1061 3022 pro
1080 2939 1164 3002 bono
1188 2939 1280 3022 pacis

149 3050 184 3113 in
202 3048 272 3112 loco
290 3046 485 3113 sacramenti
502 3045 643 3130 receptis
660 3064 727 3112 una
743 3065 853 3108 marca
870 3043 996 3126 argenti
1014 3049 1046 3108 et
1072 3043 1210 3110 dimidia
1236 3048 1279 3113 ab

149 3155 265 3222 eodem
283 3153 433 3237 Capitulo
450 3152 628 3236 predictam
646 3159 765 3217 terram
782 3151 959 3217 secundum
977 3149 1063 3232 quod
1079 3151 1225 3234 prefatus
1242 3155 1278 3218 P.

149 3260 336 3346 Propositus
353 3259 571 3344 ordinauerat,
589 3261 788 3341 reliquerunt
805 3257 955 3341 Capituio
973 3256 1137 3323 antedicto
1164 3277 1280 3345 perpe-

148 3377 202 3436 tno
219 3368 460 3453 possidendam.
486 3370 607 3434 Datum
625 3387 710 3432 anno
726 3362 858 3433 Domini
876 3365 995 3432 ΜῠΟΟ0
1007 3365 1277 3450 quinquagesimo

146 3496 244 3543 nono.

235 3674 288 3736 (Aa
302 3673 408 3724 eredeti
420 3673 490 3724 uttn
503 3675 602 3725 Kuauz
615 3675 738 3736 Nandor,
751 3675 870 3738 Magyar
884 3674 952 3726 Sion
965 3673 1002 3724 ΙΙ.
1015 3674 1073 3724 ket.
1089 3675 1148 3723 ΗΒ.
1162 3675 1192 3737 l)
