3120 5148
507 437 668 544 *ss*

43 641 163 726 symone
178 635 396 718 waradiensi,
413 638 508 705 Petro
524 637 703 707 (lauriensi.
738 631 836 724 liogh
853 641 976 708 Comilc
1002 637 1150 707 Palatino

45 754 67 812 et
79 744 293 834 Byehoriensi,
310 743 465 830 Chepano
482 746 574 811 Banc
591 745 763 833 existente,
781 744 934 833 Ohepano
952 747 1075 815 comite
1091 748 1151 815 Ba·

45 855 166 941 elyensi,
186 853 295 939 Gyula
309 853 538 939 Budrcgiensi,
555 853 710 921 Marcello
726 852 950 939 supruniensi,
975 851 1152 921 Benedicto

44 961 236 1049 wcycwcda,
253 959 437 1044 Smaragdo
454 960 577 1028 Curiati
594 960 717 1028 (tonsile
733 967 841 1027 nostro
867 968 899 1027 et
923 960 1148 1044 Zonuchiensi,

43 1066 181 1134 Mercurio
198 1066 401 1155 Posoniensi,
418 1068 570 1136 Tiburcio
596 1066 717 1134 Curiali
745 1067 868 1135 Oomite
899 1067 1003 1152 Regni
1035 1075 1067 1135 et
1099 1066 1152 1132 lll-

43 1174 127 1257 bensi,
166 1174 318 1259 Martyno
356 1175 598 1262 Woswariensi,
638 1175 752 1262 Ogyuz
783 1175 981 1262 Zaladiensi,
1013 1175 1152 1242 Nicolao
1226 1237 1240 1256 ,

42 1279 189 1370 Nitriensi,
206 1279 293 1348 Poth
308 1281 517 1372 Musuniensi‚
533 1284 669 1352 Nicolao
686 1281 914 1351 Chenadiensi.

43 1461 77 1520 (V.
92 1459 192 1526 hiran,
212 1461 304 1515 akkor
322 1465 410 1530 it'jabb
428 1464 579 1530 kiralynalr
610 1467 720 1516 ross-ki
748 1464 915 1533 megercslto
942 1464 1152 1534 privilegium·
1191 1477 1193 1484 ¹

453 1556 509 1620 bol,
529 1556 601 1611 mint
619 1555 721 1619 alabb.)

455 1843 723 1858 m

564 2275 616 2344 59.

38 2476 180 2564 Trcqnu'n
195 2488 271 2542 trau
285 2480 299 2544 i
309 2477 437 2562 pccpok
453 2477 723 2562 capcdclmcscc'pet
738 2499 769 2541 cs
792 2479 921 2563 bilse'pct
939 2477 1049 2563 fopad
1074 2475 1153 2540 Ber·
1185 2557 1186 2560 Ἴ

339 2589 396 2650 nor
411 2585 551 2673 spolutcii
567 2583 719 2650 crcclnclc.
738 2583 832 2652 1206.

128 2783 167 2848 In
183 2781 314 2850 nomine
329 2781 437 2848 Patris
453 2787 485 2847 et
502 2781 576 2847 Filii
593 2786 625 2847 et
641 2780 780 2867 Spiritus
798 2780 909 2848 Sancti
925 2781 1040 2849 Amen.
1082 2783 1153 2866 Ego

35 2893 216 2976 Trcguanus
233 2888 461 2975 Traguriensis
477 2889 658 2978 Episcopus
672 2887 826 2975 spondeo,
844 2889 998 2975 polliceor
1015 2891 1047 2955 oi
1078 2909 1152 2974 pro·

35 3001 114 3065 mitto
130 3007 230 3085 atque
240 2997 317 3084 juro
333 3017 392 3083 per
407 2996 533 3082 signum
550 2997 694 3064 Viuclice
711 2996 822 3066 Crucis
840 3005 872 3066 et
881 2997 1003 3067 Sancta
1013 3007 1154 3082 quatuor

33 3107 217 3192 Evangelia,
235 3111 269 3172 et
284 3105 346 3172 has
363 3104 556 3172 Sanctorum
572 3105 739 3190 reliquias,
756 3103 844 3190 quod
868 3107 910 3173 ab
942 3107 1005 3174 hac
1032 3104 1087 3172 die
1118 3106 1153 3170 in

32 3219 119 3282 antea
135 3215 296 3282 obediens
314 3233 369 3280 cro
386 3219 418 3280 et
432 3211 539 3280 fidelis
554 3214 655 3280 Beato
671 3215 818 3294 Domnio,
849 3221 882 3280 et
897 3213 998 3280 Vobis
1024 3211 1153 3280 dominc

30 3322 189 3389 Bernarde
204 3321 467 3406 Arcbicpiscope,
484 3327 517 3386 et
532 3320 681 3388 omnibus
697 3321 937 3390 successoribus
954 3319 1070 3389 vestris
1100 3341 1154 3386 ca-

30 3429 139 3497 tholice
156 3427 366 3516 intrantibus,
382 3426 560 3515 secuudum
576 3428 756 3513 omniaque
769 3429 1016 3497 continenturin
1028 3447 1154 3494 canone

29 3538 185 3604 deforma
203 3536 391 3621 fidelitatis;
416 3536 559 3620 ecquod
583 3541 718 3604 vocatus
744 3533 788 3604 ad
818 3537 995 3622 Synodurn,
1027 3537 1080 3604 vcl
1110 3536 1153 3601 ad

26 3647 263 3715 consecrandos
280 3645 469 3732 Episcopos,
486 3645 624 3730 veniam,
650 3645 714 3711 nisi
730 3645 821 3712 fuero
852 3643 1026 3730 impeditus
1057 3664 1154 3712 cano·

27 3754 92 3820 nico
109 3753 367 3842 impedimento;
391 3759 425 3820 et
440 3751 527 3835 quod
545 3753 577 3818 in
595 3753 727 3838 propria
743 3771 894 3839 persona,
925 3753 977 3820 vel
993 3773 1051 3841 per
1080 3773 1154 3838 pro·

27 3863 121 3945 prium
139 3871 176 3932 et
194 3862 362 3930 honestum
379 3860 531 3927 nuncium
548 3861 731 3929 Ecclesiam
747 3863 840 3928 Beati
856 3861 974 3928 Domni
1005 3861 1039 3927 in
1071 3861 1153 3928 festo

27 3975 119 4058 ipsius
137 3969 314 4040 annuatim
329 3967 480 4055 visitabo,
498 3975 531 4035 et
556 3967 729 4053 privilegia
759 3967 902 4037 eiusdem
934 3968 1088 4053 Ecclesia,
1121 3975 1155 4036 et

26 4084 124 4148 omnia
135 4084 233 4167 jura,
249 4078 427 4146 secundum
445 4097 540 4162 posse
555 4097 662 4145 meum
679 4073 850 4144 delendam
867 4083 898 4142 ct
915 4077 1130 4144 manutenebo
1146 4099 1155 4159 3

25 4209 69 4257 res
84 4209 177 4276 sero,
200 4209 261 4272 que
291 4185 458 4273 partinens
489 4186 532 4252 ad
563 4206 708 4254 mensam
741 4187 885 4252 Ecclesie
916 4184 1154 4270 Traguriensis,

25 4301 147 4366 nonnisi
167 4297 207 4364 in
223 4295 353 4362 casibus
368 4295 531 4362 concessis
548 4294 709 4363 alienabo.
749 4295 818 4363 Heo
834 4291 944 4362 omnia
975 4291 1154 4359 observabo

25 4405 99 4476 bona
115 4409 188 4475 fide
210 4409 242 4471 et
257 4404 327 4472 sine
344 4401 466 4470 frande.
506 4399 561 4467 Sic
577 4421 628 4467 me
644 4403 732 4468 Deus
748 4401 882 4469 adiuret
898 4408 931 4468 et
948 4399 1008 4467 hec
1039 4406 1156 4468 sancta

23 4515 217 4602 patrocinia.

244 4661 370 4727 (farlati,
392 4659 539 4726 Illyricum
559 4659 674 4711 Sacrum
693 4657 741 4710 lv.
761 4658 819 4710 istit.
839 4661 899 4710 335.
913 4657 944 4724 l.)
