3164 5154
121 519 337 610 supradictum
388 521 648 590 collaudantibus
694 543 733 589 ac
779 523 914 592 firmiter
954 523 1246 611 corroborantibus,

123 629 310 696 anctoritate
326 630 516 716 Apostolioa
531 628 816 710 intercedentibus,
843 650 884 698 nc
899 651 1052 714 umquam
1069 633 1110 698 ab
1135 633 1245 715 aliquo

121 743 324 822 presumatur
339 739 464 804 violari.
480 735 573 816 Quod
589 740 616 803 si
633 738 715 807 forte
730 737 850 823 aliquis
867 741 1039 807 temerario
1055 749 1175 806 conatu
1191 741 1246 805 ab·

124 847 299 931 negaverit,
315 846 398 911 iram
415 843 755 928 Supernclllaiestatis
771 845 924 932 incurrat,
954 845 1159 930 omniumque
1175 864 1248 912 san·

123 959 220 1018 torum
246 951 508 1020 maledictionem
541 953 717 1038 possideat.
734 953 776 1018 Et
792 953 852 1020 hoc
868 953 998 1020 donatis
1013 961 1086 1020 acta
1102 955 1246 1020 sancita·

125 1058 259 1141 quescit
275 1079 363 1126 anno
379 1059 421 1125 ab
430 1059 661 1128 incarnatione
677 1059 809 1128 Domini
825 1062 934 1127 Nostri
949 1061 1028 1128 Jesu
1038 1059 1113 1126 chri
1120 1061 1160 1128 sti
1176 1061 1248 1126 mil-

125 1166 230 1234 lesimo
250 1167 495 1250 septuagesimo
511 1173 615 1250 sexto,
627 1167 804 1234 indictione
818 1187 894 1234 uero
911 1169 1038 1234 decima
1055 1167 1177 1252 quinta.
1201 1167 1243 1232 Et

126 1273 181 1338 lroc
196 1277 403 1360 apostolante
420 1275 576 1358 Gregorio
593 1275 739 1358 Septimo
753 1275 864 1362 Papa;
883 1275 972 1361 apud
988 1275 1111 1342 Grecos
1127 1273 1246 1342 Micha·

126 1383 172 1448 ela
186 1381 389 1468 imperante3
422 1383 510 1466 apud
528 1382 662 1449 Sclavos
693 1381 867 1451 Svinimiro
892 1392 1073 1468 regnante;
1104 1382 1200 1450 Petro
1215 1382 1250 1446 in

125 1491 315 1558 llonasterio
348 1491 556 1574 abbatiante3
589 1490 757 1558 Dominioo
773 1491 867 1558 Justo
897 1491 1050 1576 Belgradi
1073 1491 1250 1578 priorante.

358 1689 477 1748 (Farlati
496 1689 643 1752 Illyricum
664 1689 778 1739 Sacrum
798 1690 845 1766 lV.
866 1690 924 1739 ket.
946 1693 969 1738 5.
989 1689 1018 1752 l.)

673 2505 705 2568 9.

129 2705 309 2788 Znojuimir
327 2703 499 2766 Dulututiu
518 2705 548 2768 da
565 2701 805 2786 Horoo'torazrip
821 2703 1018 2786 tumtpctnat·
1033 2704 1216 2790 odoratanpa
1233 2727 1253 2767 o

410 2809 553 2895 epulatoi
570 2811 689 2893 epyhdz
705 2815 863 2874 satiatura.
882 2807 977 2877 1078.

234 3007 273 3072 In
291 3003 353 3070 Dei
367 3003 496 3070 nomine
512 3001 625 3068 Amen.
650 3003 719 3069 Hoc
736 3013 784 3068 est
800 3005 985 3088 exemplum
998 3005 1164 3070 cuiusdam
1191 3005 1255 3091 pri·

127 3113 241 3198 uilegij
270 3109 406 3194 Regalis
433 3108 548 3175 muniti
579 3111 780 3194 appensione
812 3109 980 3176 cuiusdam
1012 3110 1113 3193 sigilli
1145 3111 1254 3195 magni

127 3220 254 3287 rotundi
271 3237 345 3286 curn
365 3216 499 3284 cordula
515 3215 614 3283 sirica
631 3219 735 3284 crocei
753 3223 784 3282 et
800 3217 891 3284 rubei
909 3215 1033 3300 eoloris,
1050 3219 1165 3300 inquo
1187 3217 1256 3301 qui-

127 3327 197 3393 dem
214 3327 330 3412 sigillo
347 3325 475 3409 sculpta
492 3330 543 3390 est
558 3322 697 3408 quedam
713 3323 845 3406 Regalis
861 3322 969 3408 imago
979 3322 1098 3392 sedens
1110 3324 1142 3390 in
1152 3332 1254 3410 trono,

128 3436 253 3503 habens
268 3433 304 3500 in
322 3451 420 3499 manu
435 3431 550 3498 dextra
565 3429 740 3516 quemdam
756 3429 862 3498 lilium
879 3431 994 3498 baculo
1004 3432 1253 3518 superpositum,

128 3549 159 3608 et
173 3543 208 3609 in
223 3559 330 3608 manu
346 3538 478 3606 sinistra
494 3536 657 3622 quandam
674 3537 847 3604 sculturam
865 3537 1047 3627 rotundam,
1067 3549 1099 3605 et
1123 3539 1254 3606 circum·

127 3651 217 3716 circa
233 3647 364 3733 sculpto
382 3649 475 3712 erant
489 3643 595 3712 littere
611 3663 705 3710 cruce
721 3645 882 3728 premissa
908 3646 956 3712 sio
987 3644 1133 3714 dicentes
1165 3643 1255 3711 REX

126 3753 378 3822 SVINIMIRVS
393 3751 581 3820 DALMAT.
599 3750 886 3835 OROATORVM3
908 3751 1141 3837 uniusquidem
1160 3753 1256 3837 prini-

128 3862 204 3949 legij
224 3869 320 3928 tenor
336 3880 395 3947 per
412 3861 521 3928 omnia
537 3858 614 3926 talis
631 3866 698 3928 eet:

234 3970 274 4036 Iu
292 3967 424 4035 nomine
439 3966 560 4034 Sancte
575 3973 606 4033 ct
622 3963 792 4034 Indiuidua
809 3965 993 4034 Trinitatis.
1018 3967 1111 4034 Anno
1130 3967 1256 4034 scilicet

128 4081 168 4146 ab
183 4075 423 4144 Inoarnaoionc
439 4075 571 4143 Domini
587 4073 844 4143 M⁰LXX⁰VlII⁰
859 4073 911 4142 die
926 4073 1016 4144 XVI.
1033 4075 1153 4143 mensis
1164 4071 1256 4158 Apri·

127 4187 167 4252 lis
184 4183 381 4272 indio(tionc
397 4180 528 4271 pri)ma.
563 4185 631 4267 Ego
657 4181 819 4267 siquidem
851 4181 1007 4248 Suinimir
1039 4181 1254 4249 chroatorum

129 4303 227 4377 atque
243 4291 504 4360 Dalmatinorum
519 4291 598 4375 Rex,
613 4289 747 4378 cupiens
763 4289 990 4357 ardentissime
1005 4289 1077 4354 iura
1107 4295 1140 4354 et
1171 4289 1258 4354 bona

130 4399 276 4490 Ecclesip
293 4397 499 4484 glorisissimi
516 4397 658 4466 martiris
674 4395 798 4464 domini
813 4394 980 4478 Anastasij
1007 4411 1198 4479 recuperare
1224 4400 1257 4460 et

128 4505 289 4591 ampliare
305 4525 365 4591 pro
382 4523 478 4591 posse
494 4503 536 4571 ob
553 4505 699 4590 ipsorum
715 4502 886 4570 martirum
911 4502 1146 4582 reuerenoiam,
1181 4519 1257 4584 quo·

40 4605 42 4706 ᾗ
128 4634 196 4680 rum
213 4613 368 4699 precibus
385 4613 507 4680 meritis
524 4631 618 4695 spero
635 4618 710 4678 ante
727 4611 830 4679 eterni
844 4610 967 4696 judicis
978 4625 1259 4676 eramenmunerc
