3120 5148
101 1213 326 1280 Kereslcedelmi
340 1213 502 1279 sacredde'a
527 1212 663 1298 Repete
689 1213 860 1280 deleeetiee‘
886 1217 917 1283 de
941 1211 1029 1297 Melfi
1052 1212 1220 1278 duretent

484 1321 619 1386 edreaele
634 1321 714 1388 teet.
732 1323 828 1386 1208.

200 1517 267 1586 Nos
283 1517 432 1584 homiues
448 1517 603 1603 Mollicte,
620 1515 698 1600 quia
714 1536 754 1584 ex
771 1515 908 1584 iuridice
925 1515 1031 1584 relatu
1056 1515 1219 1584 seniorum

100 1631 273 1692 nestrorum
288 1624 436 1710 diligenti
453 1644 532 1692 cura
548 1623 741 1714 invenimus,
758 1627 843 1693 inter
859 1623 1005 1692 hemines
1020 1623 1155 1708 Ragusii
1186 1627 1221 1689 et

100 1731 233 1800 llolficte
248 1733 339 1800 cives
355 1739 467 1801 matuc
483 1730 657 1800 dilectione
685 1741 716 1802 et
747 1731 1038 1817 consanguinitatis
1069 1730 1219 1818 proximi·

100 1847 164 1908 tate
178 1841 223 1908 sic
237 1860 310 1908 esse
325 1849 519 1908 conventum
535 1847 568 1908 et
583 1841 761 1908 stabilitum
779 1867 787 1909 ι
804 1846 840 1908 ut
855 1860 915 1908 nee
930 1839 1064 1926 Ragusii
1080 1839 1168 1906 cives
1184 1839 1219 1905 iu

100 1948 235 2016 llolfieta
250 1949 378 2035 plazam
395 1950 574 2016 tribuerent
589 1951 641 2018 vel
673 1948 874 2036 scalaticnm,
906 1969 966 2017 nec
998 1949 1219 2016 Mellioeenses

99 2056 269 2142 Ragmium
284 2059 412 2143 plauam
428 2058 482 2125 vel
498 2059 688 2125 scalaticnm
704 2064 737 2126 et
752 2057 908 2125 familiam
924 2059 976 2125 vel
987 2055 1218 2141 ancoratieum,

100 2164 288 2249 quodetiam
305 2164 424 2234 mutuis
440 2165 621 2252 privilegiis
636 2165 853 2254 firmaverunt,
880 2165 915 2232 iu
945 2185 1044 2233 unum
1074 2183 1218 2249 quorum,

101 2273 212 2340 lactum
236 2295 258 2340 a
282 2271 413 2340 domine
438 2272 562 2340 Gemite
586 2273 747 2342 Robberto
774 2271 964 2359 cupersani,
996 2271 1084 2358 apud
1113 2273 1219 2356 Raga-

101 2381 177 2446 siam
193 2382 324 2464 resedit,
342 2387 374 2448 et
388 2379 477 2448 aliud
494 2381 527 2447 in
543 2381 692 2450 Melficta.
711 2383 752 2449 Et
768 2382 844 2468 quia
860 2381 996 2467 Ragusii
1013 2378 1218 2467 privilegium

101 2489 273 2575 apredieto
288 2490 420 2558 demine
436 2489 558 2557 Gemite
572 2490 692 2558 lactum
724 2491 862 2557 inveniri
894 2509 958 2557 nen
989 2489 1103 2576 potuit,
1135 2487 1220 2556 sieut

103 2597 188 2666 nobis
202 2619 261 2684 per
276 2597 405 2666 litteras
421 2598 687 2682 significaverunt
703 2604 885 2686 querentes,
913 2606 948 2666 nt
973 2596 1140 2683 exemplar
1155 2595 1218 2682 pri·

102 2705 205 2791 rilcgii
221 2705 372 2776 distinete
387 2705 587 2775 mitteremus
604 2732 612 2774 :
629 2706 712 2774 sient
728 2707 819 2774 uobis
835 2727 894 2794 per
915 2705 1058 2775 seniores
1091 2712 1218 2773 uestros

103 2814 158 2880 luit
171 2815 387 2901 significatum
403 2814 526 2884 saniori
541 2815 687 2903 consilio,
704 2814 867 2882 dominum
879 2815 1054 2900 Regerium
1070 2812 1111 2882 de
1130 2813 1218 2880 Pisa·

103 2941 152 3008 na,
166 2922 264 2990 lilium
280 2923 405 2988 demini
423 2923 556 2992 Comitis
573 2922 720 3011 Berardi,
736 2924 892 2990 vicarium
907 2922 1087 3004 adivimus3
1111 2927 1144 2987 et
1158 2917 1220 2986 hee

104 3028 211 3117 emnia,
227 3029 370 3114 qualiter
385 3031 468 3098 inter
484 3051 542 3099 nos
558 3033 697 3100 decursa
712 3031 831 3100 luerint
847 3033 955 3116 spatio
972 3029 1146 3114 sexaginta
1161 3049 1217 3094 an·

103 3156 216 3223 norum,
232 3139 447 3223 significando
462 3140 630 3208 mandavit
646 3140 749 3226 nobis,
765 3148 800 3207 ut
816 3142 917 3208 bonos
943 3157 1047 3206 mores
1063 3135 1216 3202 Civitatis

104 3249 134 3309 et
148 3246 200 3312 lres
213 3247 354 3314 maxime
369 3247 473 3316 modis
489 3248 635 3316 omnibus
653 3259 856 3316 servaremus
872 3245 1023 3332 iubendo,
1049 3251 1084 3311 ut
1114 3243 1219 3328 predi·

103 3359 164 3420 etos
178 3353 322 3422 hemines
339 3355 473 3440 Ragusii
490 3375 511 3422 a
527 3355 622 3440 plana
639 3357 763 3442 reliqua
778 3354 910 3424 datione
925 3355 959 3420 in
974 3351 1113 3420 Melficte
1123 3349 1219 3417 liberi

102 3469 198 3529 meent
213 3468 245 3529 et
260 3463 372 3546 quieti.
396 3465 533 3550 Insuper
548 3463 716 3532 mandavit
731 3463 835 3550 nobis,
853 3469 888 3530 ut
899 3461 1061 3548 predictos
1071 3458 1219 3527 homines

102 3567 223 3655 Ragusii
239 3591 501 3640 assecurarcmus
518 3577 605 3640 omni
621 3581 697 3640 tunc
713 3573 746 3638 in
764 3571 913 3660 predicta
929 3589 1039 3638 causa.
1078 3567 1220 3636 Proinde

102 3697 155 3744 nes
167 3683 342 3766 decernas,
359 3678 417 3746 Dei
434 3681 540 3765 gratia
556 3681 765 3750 Mellietensis
782 3680 973 3767 Episcopus,
990 3685 1022 3746 et
1039 3697 1098 3746 nes
1116 3675 1215 3744 homi-

102 3805 155 3852 nes
167 3788 378 3854 llelfictenses
393 3787 551 3872 volentes,
567 3795 612 3875 ut,
630 3789 716 3874 qnod
733 3809 792 3874 per
808 3788 949 3876 spatium
965 3785 1140 3872 sexaginta
1163 3807 1221 3852 an·

102 3913 202 3961 nerum
218 3895 303 3962 inter
319 3915 379 3962 uos
396 3903 560 3963 servatum
585 3895 655 3984 luit,
679 3897 713 3963 in
745 3901 843 3964 antea
874 3901 1091 3980 servarentur,
1124 3898 1157 3960 et
1184 3893 1219 3958 in

103 4003 232 4084 presenti
250 4023 491 4089 renovaremus,
508 4003 735 4070 mandavimus
762 4003 887 4071 Jesalle
918 4001 1088 4086 Navolere,
1120 4007 1155 4065 nt
1184 3999 1219 4064 iu

103 4107 203 4176 anina
219 4111 361 4178 omnium
378 4109 480 4177 iurari
497 4111 539 4178 ad
556 4111 658 4180 Sacra
673 4111 734 4178 Dei
751 4111 931 4196 Evangelia
946 4109 1006 4178 hee
1023 4108 1132 4176 emnia
1161 4107 1216 4174 eb·

104 4233 220 4285 servare
236 4225 268 4285 et
284 4218 475 4307 adtendere,
491 4220 576 4287 sicut
592 4241 649 4306 per
679 4220 813 4304 lengum
846 4226 973 4305 tempus
1006 4219 1214 4284 observatum

105 4329 148 4388 eet
161 4331 189 4391 et
203 4327 368 4395 usitatum.
408 4327 443 4394 Si
460 4327 534 4411 qais
550 4336 659 4394 antem
675 4340 792 4396 centra
809 4325 904 4393 huius
930 4325 1044 4411 scripti
1071 4330 1215 4390 tenorem

104 4433 201 4501 venire
215 4437 463 4522 contravenerit,
482 4434 702 4504 anathematis
721 4434 852 4504 vinculo
869 4431 1052 4518 innodetur,
1078 4435 1111 4498 et
1142 4427 1219 4494 duo·

108 4537 202 4608 decim
217 4544 372 4612 librarum
389 4545 462 4611 auri
478 4543 623 4630 pondere
638 4543 780 4610 feriatur.
791 4541 861 4610 Hoc
877 4547 984 4610 autem
999 4535 1222 4610 renovationis

103 4647 247 4737 scriptum
265 4659 375 4722 aetum
392 4659 443 4724 est
458 4673 545 4723 anne
557 4653 730 4722 millesime
742 4650 964 4722 ducentesimo
974 4657 1099 4735 octavo,
1109 4663 1220 4714 mense
