3098 5132
561 204 720 306 *raa-

79 403 314 464 snerameutum
331 397 441 464 facere
458 399 701 486 presumpserit,
728 400 791 470 sibi
815 402 1042 486 calumpnians
1067 403 1203 470 testibus

79 505 262 573 astantibus
278 507 444 593 restituat,
462 513 494 574 et
512 528 573 592 res,
591 527 649 592 pro
666 529 731 594 qua
747 509 955 597 causabatur,
971 509 1015 576 ad
1037 511 1203 596 requiren-

80 619 137 680 tem
153 610 354 681 deuoluatnr.
380 615 466 680 Etsi
484 616 559 700 quis
576 617 687 682 sillam
705 616 802 684 istum
819 617 941 686 intrare
967 618 1105 688 uoluerit
1134 639 1200 688 rno-

78 729 209 808 raturus,
228 722 341 790 omnia
357 722 444 790 bona
460 743 529 812 sne,
547 721 660 792 domos
676 745 753 794 suas
780 725 945 815 videlieet,
978 733 1010 794 ot
1044 728 1114 796 alia
1141 749 1217 814 quo.

79 831 273 918 possederat,
291 833 440 900 omnibns
455 833 632 902 scientibus
647 835 784 902 liberam
819 835 937 904 habeat
964 833 1125 906 vendendi
1155 835 1203 902 so·

79 940 245 1025 cultatem;
272 949 304 1008 et
321 939 481 1008 recedens
496 939 537 1008 de
553 941 635 1008 uilla
651 941 715 1009 ista
730 943 873 1011 retineat
889 942 1015 1010 eadem.
1040 945 1082 1011 Et
1100 943 1201 1030 ligne,

82 1068 138 1131 qne
153 1046 194 1113 nd
211 1069 290 1117 rsus
307 1070 396 1131 suos,
413 1050 567 1118 uidelicet
582 1050 652 1135 igni
669 1050 929 1140 superponenda,
956 1052 1009 1120 uel
1040 1049 1083 1119 od
1114 1047 1202 1118 edili·

81 1155 195 1223 candas
211 1156 326 1225 domos
342 1177 421 1225 suas
438 1157 650 1245 expedierint,
668 1160 888 1228 concessimus
904 1159 1117 1248 possidenda.
1158 1157 1200 1225 lit

82 1265 258 1354 satuimus,
275 1265 362 1348 qnod
389 1267 591 1334 sacerdotem
618 1287 841 1351 quemcunque
872 1268 1042 1349 voluerint,
1074 1268 1108 1335 in
1140 1285 1202 1334 sua

81 1371 233 1456 recipiant
250 1371 421 1457 Ecclesia,
445 1372 486 1440 de
503 1373 636 1441 decimis
653 1374 808 1461 ipsorum,
826 1383 922 1462 prout
937 1397 1007 1443 mos
1024 1383 1075 1444 est
1089 1373 1200 1451 hospi·

82 1477 159 1544 tibus
176 1481 362 1564 ubicunque
378 1481 594 1566 manentibus,
611 1483 832 1568 disponentes.
867 1483 953 1550 Sane
968 1503 1067 1570 snper
1084 1482 1143 1550 lree
1158 1481 1202 1548 ad

82 1586 247 1653 viditatem
267 1589 413 1674 ipsorum
428 1597 568 1657 montem
586 1589 746 1676 quendam
764 1590 894 1658 nomine
911 1591 1062 1678 (iraohis,
1081 1598 1113 1658 et
1136 1595 1199 1656 ter·

81 1713 151 1779 ram,
167 1715 308 1764 necnon
326 1696 507 1780 ubieunque
523 1698 609 1765 intra
624 1697 730 1765 Zabat
747 1699 858 1766 vineas
868 1699 1018 1784 plantare
1029 1698 1202 1782 voluerint,

83 1804 160 1869 omni
177 1803 416 1873 reclamacione
432 1807 613 1892 postposita
645 1807 889 1892 assignauimus
914 1807 1048 1875 eisdem.
1088 1806 1130 1874 Et
1159 1825 1202 1872 nc

82 1912 202 1979 termini
219 1919 379 1982 terrarum
396 1914 582 1982 dubitentur
598 1914 641 1982 ab
657 1916 780 2004 aliquo,
797 1915 934 1984 lecimus
945 1915 1104 1984 annotari.
1115 1913 1201 1994 Qua-

83 2041 144 2086 rum
161 2023 270 2107 prima
285 2023 402 2109 incipit
418 2025 459 2089 ab
475 2023 607 2111 oriente,
625 2024 677 2090 rbi
705 2024 809 2090 Minor
841 2023 1052 2092 (lhemernioa
1083 2023 1201 2090 transit

83 2148 133 2210 per
148 2131 246 2213 riam,
263 2153 327 2216 gne
343 2131 514 2214 vulgariter
538 2133 638 2200 tedet
669 2137 824 2216 vocatur;
849 2139 881 2198 et
912 2131 966 2198 via
998 2131 1111 2216 dirigit
1140 2130 1201 2198 illa

83 2257 190 2304 sersus
205 2245 333 2322 partem
351 2239 608 2322 meridionalem,
625 2239 680 2306 vbi
701 2245 786 2306 meta
811 2237 954 2324 ipsorum
989 2237 1119 2322 existit3
1145 2237 1198 2304 ab·

84 2343 151 2411 inde
167 2345 338 2414 diuertitur
354 2346 557 2414 dextrorsum
576 2368 633 2434 per
648 2353 787 2414 montem
805 2368 912 2435 vnum,
928 2346 983 2414 vbi
999 2345 1104 2412 Minor
1124 2345 1198 2413 Pct

84 2453 144 2521 nita
160 2455 249 2522 cadit
265 2456 299 2520 in
324 2455 479 2538 Magnum
504 2455 644 2540 Petnita,
676 2457 721 2522 ibi
753 2461 803 2524 est
834 2459 939 2542 meta,
962 2453 1081 2524 exinde
1114 2453 1200 2521 idem

84 2563 179 2628 llinor
195 2561 325 2628 Petnita
342 2560 492 2649 dirigitur
507 2583 619 2631 sersus
636 2563 835 2632 occidentem
855 2584 913 2648 per
939 2563 1037 2652 viam,
1068 2583 1132 2648 que
1157 2563 1200 2628 ad

84 2669 258 2738 Croeiieres
273 2671 376 2757 vadit,
394 2671 441 2738 ibi
458 2679 506 2740 est
522 2679 610 2739 meta
627 2673 813 2757 ansigisum
830 2680 861 2738 et
878 2673 919 2740 dc
930 2670 1056 2739 viailla
1067 2671 1201 2740 descen·

85 2779 253 2846 dits-ersus
269 2778 611 2866 septemtrionem,vbi
642 2780 717 2866 ipse
749 2781 813 2869 ria,
847 2787 880 2847 et
911 2777 1136 2866 Prichlisnica,
1168 2785 1200 2848 et

84 2889 182 2955 Perna
199 2888 294 2954 simul
313 2887 456 2970 veniunt,
473 2889 527 2954 vbi
544 2896 595 2954 est
621 2889 723 2954 eciam
752 2895 856 2973 meta3
882 2883 1098 2956 Prichlisnioa
1123 2906 1200 2955 uero

85 2996 222 3063 ascendit
237 2995 359 3064 abhinc
373 2997 416 3062 ad
433 3005 531 3082 caput
546 2995 649 3082 ipsius
676 2995 785 3082 lentis,
812 3005 843 3064 et
875 2995 922 3064 ibi
953 3003 1004 3064 est
1035 3003 1142 3080 meta;
1167 3002 1200 3063 ct

84 3104 192 3171 abinde
208 3104 414 3190 progreditur
437 3103 528 3172 iuxta
553 3103 701 3172 semitam
728 3104 941 3192 dextrorsum,
973 3111 1006 3171 et
1036 3102 1128 3170 uedit
1159 3102 1202 3170 ad

85 3219 274 3300 caputoque
290 3211 478 3281 Jelesnieha
494 3221 652 3299 vocatum,
672 3210 757 3302 (lgyl
786 3219 818 3279 et
841 3211 886 3281 ibi
920 3221 1007 3280 mete
1038 3211 1101 3280 sita
1131 3218 1208 3296 este

85 3337 159 3406 aqua
177 3341 255 3388 uero
272 3321 441 3389 nominata
457 3319 589 3389 confluit
604 3321 726 3388 abinde
742 3320 833 3388 iuxta
859 3320 971 3388 uillam
1002 3321 1138 3403 Drascu,
1170 3324 1203 3386 et

84 3427 164 3495 uadit
187 3431 222 3496 in
258 3429 356 3508 niam,
384 3451 446 3514 que
462 3431 552 3496 venit
569 3427 607 3495 de
626 3429 694 3497 fore
710 3429 823 3514 Regio,
856 3435 888 3497 et
902 3427 948 3496 ibi
966 3434 1016 3495 est
1035 3433 1139 3512 meta;
1170 3434 1202 3494 et

15 3609 16 3616 χ
85 3535 130 3599 ria
145 3537 202 3603 illa
218 3537 369 3604 ascendit
385 3537 429 3604 ad
446 3535 602 3606 orientem
628 3537 721 3604 iuxta
753 3538 1010 3624 prenominatum
1043 3536 1200 3604 Minorem

86 3643 318 3724 Glemernieha,
335 3651 368 3710 et
384 3644 428 3712 ibi
445 3644 648 3729 contignatur
664 3651 749 3711 mete
765 3643 876 3730 priori.
888 3643 930 3712 lit
947 3651 981 3710 vt
996 3644 1057 3714 hoc
1073 3646 1198 3711 firmum

15 3755 17 3786 ³
85 3761 111 3818 et
124 3753 241 3820 stabile
258 3759 459 3837 permaneat,
479 3773 538 3819 nee
553 3773 611 3838 per
627 3751 764 3818 alicuius
781 3749 1060 3820 machinacienem
1077 3752 1110 3817 in
1128 3749 1200 3817 irri·

15 3855 16 3910 3
85 3868 140 3930 tum
155 3863 268 3928 ualeat
285 3862 468 3946 retractari,
483 3861 584 3944 sigilli
602 3859 705 3928 nestri
722 3864 888 3928 caractere
898 3858 1033 3927 fecimus
1044 3859 1199 3928 reborari.

15 4047 16 4056 ἵ
87 3969 244 4036 Pristaldis
263 3990 340 4036 uero
356 3969 452 4035 Petro
469 3969 592 4036 Gemite
610 3967 787 4053 Pilisiensi,
813 3974 846 4034 et
870 3965 1014 4035 Mirizlao
1039 3969 1080 4035 de
1108 3967 1211 4050 (iori-¹

15 4071 16 4076 ’
86 4078 138 4143 cha
151 4079 314 4164 terrigeno
332 4077 557 4144 existentibus.
583 4079 704 4145 Datum
722 4096 779 4164 per
796 4097 910 4144 manus
932 4075 1054 4142 Mathis
1079 4075 1199 4162 Prepe-

15 4237 17 4278 3
86 4187 132 4252 siti
147 4187 376 4272 Zagrabiensis
393 4193 471 4252 tune
487 4186 640 4272 temporis
657 4186 732 4253 aule
748 4194 860 4252 nostre
880 4183 1086 4272 Cancellarij,
1114 4203 1199 4250 anno

15 4301 17 4362 ἶ
87 4296 191 4363 dracic
225 4295 405 4363 millesimo
438 4291 589 4361 ΟΟΟΧΧο
621 4293 748 4380 quinto.
788 4291 1038 4360 venerabilibus
1072 4291 1198 4375 Vgrino

87 4403 248 4491 colocensi,
267 4403 454 4471 Gunuulino
471 4403 659 4489 spalatensi
676 4400 938 4488 Archiepiscopis
963 4399 1178 4467 existentibus
1190 4422 1201 4484 3¹

15 4493 17 4568 ἕ
87 4509 235 4600 Stephano
251 4511 478 4598 Zagrabicnsi,
496 4512 637 4580 llartino
654 4510 875 4599 Cerbanieusi,
892 4510 993 4578 llicus
1010 4507 1199 4595 Pyzeciensi
