3120 5148
325 1241 409 1308 Imre
432 1239 542 1326 birdly
567 1239 749 1326 moperostn·
779 1235 918 1306 Cbcama
948 1235 1084 1302 dirtolra't
1114 1261 1135 1302 c
1167 1237 1304 1324 za'prdbi
1334 1237 1445 1326 epybdr
1539 1199 1540 1218 ³

747 1350 905 1411 certmdrc.
931 1343 1030 1410 1200.

436 1543 472 1612 in
490 1543 621 1611 nomine
636 1544 756 1612 Sancte
774 1540 942 1609 Trinitatis
960 1547 992 1608 et
1013 1539 1184 1608 individue
1208 1541 1362 1610 Uuitntis.
1390 1517 1445 1611 He·
1540 1503 1541 1568 ᾖ

329 1653 466 1722 merieus
481 1649 533 1718 dei
553 1650 666 1734 gracia
683 1651 837 1737 ngarie,
855 1648 1035 1735 Dalmacie,
1052 1649 1185 1716 Oroacie
1201 1650 1368 1736 Rameque
1381 1653 1446 1718 Rex

330 1761 363 1828 in
394 1763 595 1844 perpetuum.
618 1757 707 1823 Inter
731 1763 842 1826 cetera
864 1758 1019 1824 virtutum
1044 1755 1201 1822 exercitia
1216 1755 1277 1824 boc
1300 1757 1447 1826 nobisad

330 1873 521 1953 proventum
546 1883 688 1951 superne
711 1864 986 1933 remuneracionis
1011 1862 1156 1932 conferre
1179 1861 1367 1956 dinoscitur,
1391 1887 1449 1954 quo
1541 1865 1542 1914 t

330 1975 549 2044 Ecclesismm
567 1969 629 2040 Dei
653 1973 726 2044 iura
748 1973 922 2059 diligenter
945 1972 1159 2061 protegimus,
1185 1979 1253 2039 eta
1277 1974 1449 2064 calumpui·
1541 1961 1542 1966 ἵ

329 2085 457 2154 annium
480 2083 771 2172 inportunitatibus
788 2084 926 2170 provide
941 2083 1194 2171 dispensacione
1211 2083 1385 2152 salubriter
1400 2105 1449 2154 ox·

330 2192 489 2280 pedimus.
522 2189 627 2260 Huius
657 2191 769 2275 itaque
800 2192 847 2259 rei
879 2189 1109 2280 speculacione
1135 2199 1254 2260 terrem
1287 2189 1448 2276 quandam

331 2299 460 2366 nomina
490 2299 682 2384 Chaoniam,
712 2319 810 2383 quam
841 2299 1091 2383 gtoriostssimus
1122 2299 1314 2388 progenitor
1345 2306 1450 2368 noster
1542 2333 1543 2342 =

330 2409 402 2476 Rex
430 2406 608 2474 Ladialaus
630 2405 774 2474 Ecclesia
804 2406 1016 2492 Zagrabieusi
1052 2406 1198 2492 contulit,
1212 2425 1271 2494 per
1300 2408 1449 2477 clericum

332 2522 477 2584 nostrum
498 2513 666 2602 Thomam,
683 2512 879 2583 canonicum
903 2515 1088 2600 ripensem,
1122 2514 1261 2584 fideliter
1287 2515 1452 2603 peragrari

334 2623 492 2692 iacientes
512 2621 673 2707 presentis
689 2621 802 2708 scripti
818 2622 1011 2690 auctoritate
1027 2622 1134 2690 eidem
1150 2623 1300 2692 Ecclesia
1324 2621 1455 2691 inretra-
1543 2629 1544 2648 ¹

334 2729 484 2815 gabiliter
514 2731 751 2816 confirmamus,
784 2737 815 2798 et
845 2733 1001 2820 populum
1033 2734 1068 2801 in
1094 2751 1133 2798 ea
1174 2733 1384 2800 constitutum
1414 2731 1455 2800 ad

334 2838 436 2907 instar
454 2838 745 2926 Dumbrogensium
771 2847 804 2906 et
834 2839 971 2907 aliorum
1002 2839 1157 2926 Ecclesie,
1191 2837 1232 2906 de
1265 2859 1331 2925 qua
1357 2841 1455 2926 loqui·

333 2965 423 3033 mur,
461 2947 661 3017 subditorum
700 2947 731 3014 iu
774 2947 1023 3014 marturinarum
1064 2953 1096 3014 et
1135 2967 1265 3014 aunone
1304 2949 1457 3034 pensione

334 3056 405 3125 sive
435 3055 574 3143 hospicii
598 3057 706 3124 debito
736 3075 801 3122 non
826 3055 927 3144 Bauo,
954 3055 1012 3125 sed
1036 3053 1098 3124 soii
1128 3053 1290 3142 Episcopo
1328 3073 1457 3144 respon·

335 3167 414 3234 dere
428 3165 639 3236 decernimus.
663 3165 944 3252 supramemorato
967 3184 1043 3230 vero
1060 3171 1147 3232 terre
1170 3169 1258 3232 meta
1284 3165 1389 3250 prima
1412 3176 1460 3237 est

337 3293 419 3361 pons
434 3275 534 3358 Regis
551 3272 727 3358 Octomani,
744 3291 838 3340 secus
856 3292 951 3356 quem
967 3293 1085 3340 nomen
1097 3273 1252 3360 Episcopi
1267 3273 1411 3342 Prodani
1427 3274 1459 3344 iu

335 3382 511 3454 corticibus
527 3381 679 3448 arborum
703 3379 903 3467 insculptum
920 3387 980 3446 est.
999 3379 1083 3447 Hinc
1099 3381 1154 3447 via
1171 3379 1251 3448 dicti
1268 3379 1369 3466 Regis
1387 3381 1461 3450 diri·

337 3493 424 3578 gitur
438 3509 536 3575 super
552 3509 706 3574 maguum
723 3496 863 3556 montem
880 3505 983 3572 usque
994 3488 1037 3555 ad
1053 3495 1185 3575 puteum
1204 3489 1363 3578 eiusdem,
1376 3512 1461 3578 apu-

337 3609 390 3670 teo
404 3605 513 3667 autem
530 3596 574 3663 ad
596 3595 719 3684 Rosuk,
737 3595 857 3679 dequo
874 3597 917 3663 ad
934 3601 1074 3663 montem
1099 3595 1235 3682 Sythua,
1250 3596 1327 3664 iude
1345 3597 1389 3666 ad
1406 3599 1460 3668 flu·

337 3708 425 3776 vium
441 3704 592 3789 Dobouk,
609 3701 727 3770 deiude
744 3703 788 3770 ad
803 3703 985 3787 Betabiata,
1003 3703 1078 3770 hinc
1090 3703 1134 3770 ad
1150 3702 1283 3770 fiuvium
1299 3702 1464 3786 Prestika

340 3815 394 3900 qui
420 3833 553 3882 correus
578 3811 722 3897 iungitur
745 3811 975 3898 prenominato
998 3811 1097 3880 fluvio
1123 3810 1359 3880 Chasmau.1n
1384 3816 1465 3882 villa

339 3943 417 3992 uero
432 3921 549 3990 Zeliua
564 3919 666 4006 prima
683 3927 771 3986 meta
788 3927 838 3986 est
854 3938 969 3988 uersus
986 3919 1248 4006 septemtrionem
1265 3921 1359 3988 iuxta
1374 3931 1465 4008 pute-

339 4049 404 4114 um,
420 4052 442 4098 a
459 4049 521 4114 quo
545 4026 747 4115 protenditur
765 4029 799 4093 iu
817 4027 923 4096 medio
947 4027 1047 4095 uallis
1072 4047 1173 4112 usque
1196 4047 1351 4110 maguam
1375 4031 1465 4098 viam

342 4137 540 4206 dividentem
558 4142 675 4204 terram
702 4135 850 4204 Bereslai
867 4141 900 4202 et
917 4135 1020 4203 tendit
1036 4135 1078 4201 ad
1095 4135 1269 4202 ecclesiam
1287 4137 1395 4204 sancti
1411 4137 1464 4208 Jo-

339 4247 469 4332 hcuuis,
487 4243 528 4314 de
539 4245 656 4332 quaed
674 4245 820 4313 arborem
838 4264 932 4312 cruce
950 4243 1114 4329 signatam
1132 4243 1329 4311 dividentem
1347 4251 1467 4313 terram

339 4354 463 4440 Vgrini,
478 4353 554 4420 hinc
569 4353 747 4422 reflectitur
770 4373 883 4422 uersus
908 4373 1058 4420 oceasum
1076 4351 1119 4418 ad
1136 4355 1266 4437 pontem
1283 4349 1467 4422 Wratuslai

340 4463 380 4530 de
396 4463 522 4550 Lemni,
540 4463 600 4528 sub
617 4481 681 4548 quo
697 4467 794 4548 ponte
811 4460 910 4528 currit
926 4461 1042 4528 fluvius
1062 4459 1189 4546 Zeliua,
1205 4457 1280 4526 hinc
1297 4461 1463 4544 protendi-

340 4577 391 4637 tur
414 4571 458 4637 ad
479 4575 787 4654 magnummontem
805 4587 906 4653 usquc
922 4576 1041 4635 metam
1060 4567 1248 4654 Rarumeui,
1266 4567 1344 4636 inde
1356 4571 1402 4638 ad
1419 4593 1470 4640 su·

342 4684 627 4766 prememoratum
645 4685 775 4764 puteum
793 4677 992 4746 terminatur.
1012 4677 1060 4754 ¹Ut
1075 4675 1175 4761 igitur
1198 4675 1335 4744 istarum
1361 4700 1472 4751 rerum
