3150 5162
831 923 909 994 341.

436 1126 465 1190 A
482 1127 590 1213 vsqiot'
606 1129 638 1193 e's
653 1129 768 1192 osseroi
782 1124 901 1212 yrtifoie
915 1125 997 1191 torti
1013 1123 1184 1212 kibeitt'tito.
1211 1123 1308 1189 1260.

413 1324 451 1388 Iu
499 1321 617 1389 Christi
655 1323 784 1390 nomine
821 1321 934 1388 Amen.
993 1319 1087 1386 Auno
1125 1321 1166 1384 ab
1206 1319 1424 1385 Iueamatione

306 1429 436 1496 Domini
473 1431 574 1496 nostri
612 1431 691 1498 Jesu
732 1428 850 1496 Christi
889 1429 1060 1494 millesimo
1092 1426 1311 1493 ducentesimo
1338 1445 1425 1492 sexa·

304 1539 436 1622 gesimo,
475 1537 653 1604 indictione
694 1543 818 1622 quarta,
851 1536 971 1604 mensis
1003 1535 1132 1619 Aprilis.
1172 1534 1259 1612 Quia
1298 1534 1426 1618 dignum

304 1645 374 1711 iore
412 1644 630 1730 dignoscitur,
678 1653 731 1730 ut,
782 1665 843 1730 que
891 1644 934 1709 ad
983 1642 1170 1708 memoriam
1219 1661 1277 1726 per
1324 1641 1429 1708 futura

305 1757 450 1834 tempora
488 1761 728 1840 construuntur,
776 1774 817 1820 ne
854 1751 1012 1819 oblivioni
1050 1751 1232 1835 tradantur,
1273 1750 1428 1834 scripture

306 1859 435 1925 vinonio
467 1858 608 1927 debeant
647 1860 806 1946 adnotari,
848 1861 985 1944 ideoque
1035 1879 1093 1925 nos
1131 1856 1301 1924 Rainerius
1342 1857 1429 1924 Ceno

308 1968 370 2032 Dei
409 1970 515 2050 gratia
555 1969 779 2050 Veneoiarum,
819 1969 989 2035 Dalmatio
1029 1975 1127 2050 utque
1167 1963 1324 2050 Chroaoie
1349 1966 1430 2043 Dur,

306 2077 466 2144 Dominus
497 2075 617 2155 Quarte
649 2076 754 2143 Partis
780 2081 811 2142 et
826 2075 970 2144 Dimidio
996 2075 1100 2142 tonius
1117 2073 1251 2158 Imperii
1269 2073 1426 2138 Romauie

306 2206 377 2250 oum
394 2191 504 2252 nostro
522 2186 665 2252 Consilio
682 2192 793 2251 uotum
820 2184 957 2252 iaoimus
989 2182 1149 2250 universis
1179 2181 1384 2264 presentibus
1400 2186 1431 2246 et

307 2292 421 2356 futuris
438 2317 445 2357 :
464 2293 548 2375 quod
580 2308 652 2360 oum
684 2291 768 2358 inter
793 2291 933 2359 nobilem
950 2293 1054 2358 virum
1070 2289 1251 2355 Jobaunem
1270 2288 1427 2374 Teupolo,

306 2399 405 2464 tilium
422 2401 505 2466 bone
521 2400 673 2466 memorie
690 2398 811 2466 domini
828 2399 943 2466 Jacobi
960 2399 1105 2483 Tenpolo
1139 2395 1240 2462 Duois
1272 2396 1429 2462 Veneoia·

306 2527 374 2572 rum
407 2507 520 2593 inoliti,
553 2507 707 2574 Comitem
738 2507 965 2591 Absorensem,
999 2527 1055 2590 pro
1072 2525 1106 2571 se
1123 2509 1156 2569 et
1171 2503 1357 2571 homiuibus
1375 2505 1425 2570 sui

307 2614 484 2679 Comitatus
517 2615 709 2681 Abserensis
737 2621 769 2680 et
785 2614 897 2681 Cbsrsi
930 2634 969 2680 ex
1002 2632 1066 2678 uua
1095 2619 1200 2698 parte,
1231 2633 1269 2678 ao
1300 2611 1430 2677 nobiles

307 2717 392 2786 viros
408 2722 624 2807 Frederioum,
641 2723 900 2790 Bartholomenm
919 2729 950 2788 et
966 2705 1148 2787 Cnidonem
1167 2719 1308 2786 Comites
1325 2721 1430 2804 Vegle

306 2847 364 2910 pro
380 2849 416 2896 se
432 2837 464 2896 et
480 2851 588 2897 eorum
615 2831 786 2898 heredibus
803 2839 835 2896 et
852 2829 1034 2896 hominibus
1066 2827 1244 2896 Comitatus
1271 2830 1378 2912 Vegle
1396 2835 1429 2894 et

307 2935 469 3021 Viuadoli,
501 2959 540 3004 ao
570 2939 646 3006 aliis
677 2939 815 3004 aliarum
847 2945 1003 3005 terrarum
1034 2936 1116 3020 ipsis
1148 2933 1325 3002 Comitibus
1351 2939 1427 3003 sub-

306 3044 407 3132 iectis,
435 3045 544 3114 fideles
568 3055 694 3114 nostros
726 3047 871 3132 dimotos,
904 3045 945 3110 de
977 3044 1167 3130 quibusdam
1201 3045 1431 3110 intervenisset

308 3157 480 3243 eontentio,
514 3154 645 3222 taudem
661 3155 703 3221 ad
719 3161 848 3242 paetum
866 3162 897 3221 et
913 3153 1119 3220 oonoordiam
1137 3161 1355 3237 pervenerunt
1371 3155 1430 3219 ad·

304 3261 443 3328 iuvioem
476 3263 569 3328 modo
600 3269 632 3328 et
664 3262 767 3328 formo
798 3263 933 3328 interius
950 3259 1190 3345 comprehensa.
1207 3259 1430 3346 Remiserunt,

305 3368 432 3451 quidem
464 3369 564 3436 tibere
595 3375 626 3435 et
656 3371 804 3436 absolute
823 3367 965 3455 'predioti
987 3367 1128 3434 Comites
1146 3366 1248 3449 Vegle
1265 3387 1325 3452 pro
1343 3387 1380 3434 se
1397 3375 1430 3434 et

306 3475 490 3542 bominibus
508 3477 664 3543 dicturum
683 3484 840 3544 terrarum
868 3477 930 3544 sibi
956 3476 1108 3543 subieotis
1134 3477 1243 3540 omnia
1275 3475 1431 3563 dampna,

308 3584 454 3671 iniurias,
470 3585 651 3652 violentias
661 3591 694 3650 et
705 3585 907 3668 offensiones,
924 3603 1007 3668 quas
1023 3582 1175 3649 fecissent
1192 3581 1269 3648 olim
1288 3581 1429 3650 Comites

307 3711 346 3756 ao
360 3691 506 3758 homiues
524 3693 702 3760 Comitatus
718 3691 910 3760 Abserensis
927 3713 966 3758 ao
982 3693 1084 3758 tooius
1105 3690 1216 3756 Insuie
1234 3690 1429 3758 Abserensis

308 3797 456 3882 personis
472 3805 504 3864 et
518 3800 596 3866 loeis
614 3801 790 3868 Comitatus
809 3802 910 3884 Vegle
928 3808 961 3867 et
976 3798 1135 3882 Viuadoli,
1152 3818 1191 3864 ao
1207 3797 1311 3864 eniam
1328 3797 1431 3865 homi-

306 3906 401 3970 nibus
431 3925 487 3972 seu
520 3907 664 3990 personis
697 3915 728 3973 ot
753 3907 836 3974 loeis
858 3908 1018 3973 diotarum
1036 3913 1191 3972 terrarum
1209 3904 1426 3990 predictorum

306 4011 443 4077 tiliorum
475 4013 611 4081 Comitis
629 4013 800 4102 Gnidonis‚
818 4023 851 4080 et
867 4013 1066 4098 quibuslibet
1083 4012 1159 4078 aliis
1174 4013 1322 4097 personis
1339 4014 1428 4098 ipsa·

305 4141 374 4187 rum
392 4127 549 4188 terrorum
567 4121 717 4202 subisotip
734 4121 855 4189 eisdem
873 4122 988 4187 tamin
1006 4122 1152 4206 personis
1169 4140 1265 4202 quam
1283 4121 1317 4186 in
1329 4123 1429 4188 rebus

307 4249 408 4312 usque
440 4229 482 4294 ad
514 4235 700 4313 presentem
733 4228 829 4316 diem,
862 4229 957 4295 finem
990 4237 1022 4295 et
1053 4228 1275 4294 remissionem
1291 4227 1332 4294 de
1349 4229 1431 4314 ipsis

306 4335 455 4419 dampnis
472 4342 505 4401 et
520 4335 645 4402 iniuriis
663 4356 702 4402 ao
726 4336 957 4406 offensionibus
987 4337 1129 4403 totaliter
1161 4335 1335 4414 facientem
1362 4341 1430 4401 ete

307 4462 462 4508 converso
502 4441 605 4509 dietus
643 4441 762 4510 nobilis
800 4445 966 4511 Jobanues
1006 4445 1150 4529 Teupolo
1183 4441 1298 4508 Comes
1330 4441 1430 4508 Abse-

306 4549 408 4626 tensis
439 4571 498 4636 pro
530 4570 565 4616 se
597 4557 628 4618 et
660 4551 839 4618 bominibus
870 4553 974 4620 tooius
1017 4553 1127 4620 luente
1162 4548 1354 4616 Absereusis
1396 4555 1429 4618 et
