3120 5148
838 201 1002 320 *Q-

359 400 436 468 inde
453 400 622 467 deseendit
638 421 659 466 a
674 401 779 466 latere
794 400 914 466 montis
930 401 1065 468 inferius
1082 403 1126 470 ad
1141 403 1270 492 pothoo,
1296 405 1352 490 qui
1377 405 1475 470 Lisco·

360 508 463 576 wiehe
495 508 631 592 dicitnr,
664 512 695 571 et
710 507 754 574 ibi
772 513 822 573 est
836 513 924 572 meta
941 515 1067 592 terrea;
1097 517 1129 576 et
1145 512 1230 578 sieut
1245 511 1302 578 ille
1330 508 1475 596 r(ivulns)

358 615 528 684 ‹leseeudit
551 616 585 682 in
603 613 793 700 Ouproniee,
819 615 868 680 sie
883 623 934 682 εει
958 621 1046 682 terra
1070 617 1215 702 Templi3
1244 617 1286 684 de
1303 618 1473 703 Coprouioe

358 724 426 792 exit
441 722 531 792 foras
547 723 591 790 ad
607 722 738 805 fontem,
766 721 843 788 iude
859 722 950 788 vadit
978 723 1123 808 superius
1140 723 1183 792 ad
1200 733 1342 794 montem
1360 744 1419 812 per
1433 743 1474 790 re·
1557 740 1558 786 ι

359 831 482 916 mitam,
498 828 614 898 deinde
639 829 730 896 vadit
746 829 789 896 ad
803 829 923 895 vallem
940 849 1036 916 super
1052 834 1157 917 ripam
1175 832 1216 900 de
1233 833 1415 920 Ooprouiee
1438 830 1471 897 ad

358 941 468 1024 fagum
485 957 549 1022 que
565 944 615 1004 est
630 937 777 1022 gibboso,
790 935 832 1002 de
842 935 919 1018 fago
937 936 1028 1002 vadit
1043 939 1190 1022 superius
1200 937 1243 1030 ad
1254 947 1397 1008 montem
1413 957 1472 1006 uer·

356 1068 413 1116 sus
431 1045 631 1114 oaoidentem
650 1043 690 1110 de
707 1033 837 1130 s(upra)
856 1041 976 1126 vineas,
991 1049 1023 1109 et
1038 1044 1155 1111 exindo
1172 1045 1263 1112 vadit
1289 1047 1345 1114 nbi
1362 1054 1414 1114 est
1428 1048 1474 1111 ria

358 1175 422 1240 qne
438 1161 541 1220 terras
557 1152 688 1237 Templi
704 1157 736 1216 ει
750 1149 918 1234 Sepulchri
951 1148 1077 1238 dividit,
1096 1159 1128 1217 et
1144 1173 1202 1238 per
1215 1153 1301 1218 viam
1333 1153 1426 1221 vadit
1439 1151 1474 1218 ad

358 1267 485 1332 foveam
514 1281 575 1343 qne
592 1257 724 1324 kalieha
741 1257 775 1323 in
792 1257 965 1323 Slavonieo
982 1263 1195 1342 nuncupatur.
1218 1258 1340 1327 Villam
1357 1279 1474 1345 qnoque

340 1369 421 1454 'que
435 1369 533 1438 Esdel
553 1373 696 1450 vocatur,
714 1385 808 1448 quam
827 1363 938 1430 Barrus
961 1364 1107 1432 Borioius
1123 1365 1164 1432 de
1179 1366 1289 1432 Bonna
1305 1389 1364 1452 pro
1381 1387 1472 1435 rome·

360 1480 414 1546 dio
432 1477 539 1542 anime
555 1493 614 1540 sue
630 1472 756 1558 prolate
779 1471 897 1537 Domui
921 1469 1042 1536 Milieie
1057 1471 1184 1557 Templi
1201 1491 1242 1538 ex
1274 1476 1469 1540 eouoessioue

357 1587 456 1670 Regis
473 1581 641 1665 Stephani,
659 1599 753 1662 quem
771 1579 872 1644 esiam
891 1585 1110 1662 paternoster
1127 1579 1207 1646 Bela
1217 1579 1286 1645 Rex
1303 1581 1408 1664 sigilli
1423 1584 1465 1650 sui

358 1689 535 1758 munimine
550 1687 715 1754 roboravit
731 1695 762 1751 et
778 1686 811 1750 in
829 1693 1021 1771 perpetuum
1037 1686 1181 1767 eontulit,
1195 1695 1227 1752 et
1238 1686 1341 1753 eoiam
1359 1697 1469 1756 terram
1558 1717 1559 1760 r

355 1819 451 1882 quam
468 1796 611 1862 eiusdem
627 1791 745 1860 Borieii
762 1797 896 1876 nepotes
914 1793 979 1856 iam
996 1789 1080 1858 diote
1091 1791 1208 1858 Domui
1219 1791 1390 1882 dederunt,
1408 1815 1470 1862 enm
1558 1821 1559 1866 t

359 1908 426 1972 suis
442 1903 535 1970 metis
552 1911 585 1968 et
601 1901 748 1968 terminis
781 1907 935 1983 perpetuo
952 1898 1186 1966 confirmamus.
1219 1900 1356 1966 Terram
1374 1905 1467 1968 eoiam
1558 1919 1559 1936 ¹

356 2011 498 2100 (Sane)ti
513 2009 656 2090 Martini,
673 2030 693 2072 a
709 2008 826 2074 Castro
851 2006 1062 2090 Zagrabiensi
1090 2014 1283 2092 exemptam,
1308 2019 1405 2074 antea
1420 2029 1470 2093 pro

355 2124 459 2188 salute
476 2119 584 2186 anime
606 2125 765 2184 nostwet
783 2135 839 2199 pro
856 2111 1000 2180 remedio
1026 2123 1267 2182 antecessorum
1299 2125 1471 2183 nostrornm

353 2230 471 2296 Domui
482 2225 604 2292 Milieie
619 2223 748 2308 Templi
765 2222 798 2286 iu
809 2241 922 2306 puram
939 2220 1086 2286 dedimus
1102 2222 1312 2290 elemosinam
1330 2245 1400 2290 eum
1411 2244 1468 2290 om·

352 2339 448 2403 nibus
474 2337 542 2402 suis
577 2329 780 2418 appendiciis
813 2329 926 2412 libere,
959 2329 1076 2412 quiete,
1111 2329 1180 2394 iure
1197 2341 1352 2415 perpetuo
1380 2332 1470 2417 possi·

353 2443 491 2510 (leudam
505 2441 601 2524 ,lieet
610 2436 746 2505 eandem
759 2443 877 2502 terram
889 2435 1030 2502 Craknni
1041 2435 1167 2520 Volpot,
1181 2456 1252 2502 eum
1263 2437 1372 2504 adhue
1382 2439 1467 2505 nobis

353 2555 436 2620 satis
452 2549 557 2617 fidelis
576 2548 733 2630 existerit,
751 2545 972 2632 donassemus,
990 2551 1022 2610 et
1032 2551 1125 2628 prout
1141 2545 1287 2611 meminit
1303 2566 1398 2630 super
1414 2545 1469 2610 hoe

354 2661 399 2725 ad
414 2663 523 2746 partes
557 2665 686 2722 nostras
703 2655 812 2736 regale
829 2651 1035 2738 privilegium
1068 2651 1282 2737 impetrasset,
1300 2653 1465 2719 versatile

354 2769 469 2852 ipsius,
485 2763 584 2832 veluti
601 2762 769 2830 universos
785 2781 846 2827 non
863 2758 967 2844 latuit,
986 2760 1069 2826 siout
1085 2769 1116 2826 et
1132 2769 1230 2846 eaput
1240 2768 1273 2828 et
1282 2762 1391 2826 omnia
1405 2781 1467 2846 pro-

353 2875 425 2962 pria
443 2871 587 2960 (in)fumi
605 2870 719 2936 fraude
735 2867 886 2953 perdidit,
905 2867 952 2935 sio
969 2877 1000 2934 et
1016 2868 1198 2950 predictam
1215 2867 1327 2934 Sanoti
1344 2869 1466 2934 Martini

351 2993 479 3066 terram,
511 2981 687 3064 dampnato
701 2975 829 3062 pre-sato
856 2975 1036 3061 privilegio,
1053 2978 1123 3040 eius
1138 2973 1313 3042 heredibus
1345 2975 1466 3057 Regalis

350 3090 528 3158 auotoritas
553 3096 585 3154 et
600 3087 782 3172 principum
815 3105 909 3167 quem
927 3083 1095 3149 eonsilium
1125 3082 1254 3166 exemit,
1273 3090 1305 3148 et
1323 3089 1359 3148 ut
1372 3082 1465 3148 fideli·

350 3219 424 3268 ores
454 3215 587 3266 munere
617 3191 846 3276 congaudeant
878 3191 1030 3278 digniori,
1048 3190 1152 3276 ipsam
1169 3199 1287 3254 terram
1305 3195 1466 3274 pretaxate

351 3304 468 3372 Domni
484 3303 535 3370 lris
552 3301 646 3370 metis
676 3297 917 3366 eireumdatam.
949 3297 1058 3362 Prima
1075 3305 1160 3362 meta
1177 3306 1229 3362 est
1245 3295 1397 3362 Prelistia
1411 3315 1462 3380 prr

348 3417 452 3480 rivum
470 3411 636 3478 Orieonox
652 3405 876 3472 descendendo
893 3403 937 3469 ad
952 3402 1078 3484 Liooos,
1098 3401 1216 3468 deinde
1232 3403 1337 3468 tendit
1354 3402 1397 3468 ad
1411 3401 1463 3468 Gu-

350 3522 436 3606 ehia,
447 3519 525 3586 hine
536 3516 627 3584 vadit
639 3515 682 3580 ad
692 3533 844 3599 magnam
856 3513 1022 3596 Sehernet,
1034 3511 1074 3576 de
1084 3531 1204 3593 magna
1215 3510 1372 3578 Schernet
1388 3509 1467 3576 vadit

351 3647 453 3713 usque
463 3647 526 3712 quo
536 3625 625 3692 eadit
634 3625 666 3690 in
679 3623 803 3707 Poliea,
814 3623 855 3688 de
866 3621 979 3688 Poliea
996 3619 1289 3702 oaditinmagnam
1307 3619 1465 3702 Sohernet,

349 3748 382 3804 et
398 3737 439 3802 de
454 3734 611 3800 Schernet
627 3731 714 3798 eadit
730 3733 763 3796 in
782 3727 937 3816 (Zel)ina,
953 3728 1009 3795 ubi
1026 3733 1074 3798 est
1089 3735 1174 3794 terra
1200 3728 1409 3812 episeopalis,
1426 3730 1464 3792 in·

352 3846 394 3910 de
410 3862 487 3910 vero
503 3839 607 3908 tendit
623 3859 753 3906 sursum
772 3838 926 3918 Zelinam,
945 3845 976 3902 et
992 3835 1068 3904 inde
1084 3836 1152 3902 exit
1169 3836 1258 3902 foras
1279 3843 1311 3902 et
1326 3836 1415 3902 venit
1429 3834 1465 3898 ad

350 3970 485 4036 parvam
517 3946 665 4032 Chermet,
694 3945 812 4014 deinde
827 3965 904 4013 vero
920 3946 1011 4010 vadit
1028 3945 1069 4009 ad
1086 3943 1341 4028 Terbensapole,
1358 3943 1465 4009 exinde

352 4058 502 4146 graditur
517 4058 560 4124 ad
576 4056 712 4140 Choren,
731 4053 1061 4139 deindeprotenditnr
1076 4051 1119 4116 ad
1136 4050 1335 4137 Lupoglaue,
1361 4049 1465 4116 deinde

351 4189 426 4235 vero
443 4165 621 4252 protelatur
636 4165 678 4230 ad
690 4165 810 4230 siceum
826 4163 997 4247 Loiguam,
1013 4160 1106 4225 iuxta
1124 4154 1274 4242 (tertiam
1290 4156 1464 4236 Petehnnis,

349 4277 389 4344 de
405 4277 492 4342 sieeo
508 4273 634 4356 Loigna
659 4269 864 4355 progreditur
895 4290 1023 4336 sursum
1040 4274 1072 4331 et
1088 4266 1176 4332 eadit
1192 4265 1224 4331 iu
1242 4283 1394 4349 maguam
1409 4262 1462 4328 Lo·

348 4389 470 4470 ignem,
482 4381 610 4452 dehine
622 4399 696 4446 vero
712 4381 892 4464 protelatur
909 4379 1002 4444 iuxta
1016 4383 1134 4444 terram
1151 4371 1297 4456 Philippi
1317 4389 1414 4456 usque
1427 4367 1464 4436 ad

349 4510 502 4576 magnam
534 4489 622 4556 viam
639 4506 701 4570 qne
717 4486 808 4554 ducit
839 4485 1047 4570 Zagrabiam‚
1079 4481 1199 4552 abhino
1213 4499 1291 4547 vero
1323 4478 1411 4548 vadit
1426 4474 1462 4540 ad
