3098 5132
585 307 642 391 tii

70 519 139 586 miae
167 515 399 587 roboraaimus.
448 521 563 590 Datum
595 545 680 591 anno
712 525 755 591 ab
791 525 1022 594 [noarnaoione
1042 517 1173 650 Domini

69 630 94 694 ii
99 627 151 694 ‘GC
157 625 321 696 0axx1111

68 833 185 892 (arenata
201 833 389 896 borhartyan,
421 833 540 900 molyrttl
558 847 575 886 a
590 833 750 899 'peesetmek
779 835 910 886 toredtke
937 835 1174 905 nartyammegen

70 923 130 988 ffipg,
146 937 161 972 a
177 923 259 974 onom
278 923 333 974 kin.
355 923 485 975 kamarai
503 924 686 976 leveltarban.
717 923 774 976 Sok
792 924 907 976 hibaval
925 925 1028 976 kiadva
1046 926 1174 992 najernel

361 1013 429 1065 cod.
447 1013 521 1078 ssipi.
541 1013 593 1066 111.
612 1015 639 1065 k.
661 1019 683 1065 1.
703 1028 726 1066 r.
746 1019 808 1066 aaa
827 1015 857 1080 ι.)

577 1856 648 1926 llt.

72 2057 254 2147 Teupare'aaeti
264 2083 328 2148 per
346 2057 535 2125 &manento
552 2057 685 2122 Lanord
700 2057 851 2122 aeleaeaai
866 2057 1048 2144 maenada,
1064 2084 1079 2125 a
1104 2060 1171 2128 ίὸὂό

151 2169 291 2258 spalaten·
307 2171 340 2232 aa
359 2163 488 2232 Caenica
504 2165 740 2250 nemaeoopoatt
755 2169 848 2252 hajoa
861 2166 942 2232 kiza
971 2165 1067 2236 1224.

152 2366 198 2431 De
222 2383 337 2431 menso
362 2360 496 2448 Aprilis.
523 2359 792 2430 Reoordationem
819 2359 898 2428 taoit
923 2360 1075 2431 dominns
1101 2365 1175 2430 Dux

21 2511 22 2520 η
69 2491 124 2536 eom
138 2471 353 2538 suoOonsilio
371 2469 413 2536 de
424 2491 474 2556 eo,
491 2469 576 2554 qnod
587 2472 672 2537 siout
682 2468 761 2536 dioit
775 2468 965 2538 Leonardus
980 2469 1174 2540 Semiteealo

21 2645 22 2658 p
67 2577 217 2648 desanato
243 2579 332 2665 Vita,
361 2598 433 2646 oum
451 2577 506 2643 din
532 2583 582 2646 est
609 2577 763 2644 transiret
787 2578 820 2642 io
848 2577 990 2660 quadam
1016 2580 1116 2648 baroa
1134 2581 1176 2648 ab

21 2683 22 2718 ³
67 2685 178 2754 nnoona
200 2707 319 2755 varana
344 2685 536 2768 Pisoairam,
560 2684 706 2752 homines
722 2685 764 2752 de
780 2685 949 2771 Spalanto,
967 2693 999 2756 et
1015 2687 1173 2774 hominos,

21 2883 22 2888 Ἰ
67 2796 109 2873 qni
122 2794 268 2862 (linuntur
284 2813 361 2862 esse
377 2791 510 2880 anioii,
522 2792 696 2860 existentes
707 2793 814 2859 inuno
826 2793 961 2860 barnoso
977 2793 1009 2860 in
1026 2802 1176 2863 contrata

66 2901 112 2966 itia
125 2903 155 2969 in
172 2904 253 2970 mari
270 2902 402 2970 soitioet
422 2919 522 2987 snpra
538 2907 680 2968 montom
697 2901 841 2983 Anoone,
857 2900 940 2970 siout
956 2901 1073 2970 dioitur
1089 2903 1176 2970 idem

21 3085 22 3096 χ
66 3005 241 3095 bonanus,
277 3019 439 3078 venerunt
462 3011 496 3075 in
521 3029 604 3096 eam,
632 3008 806 3093 sagitando
826 3013 859 3076 et
874 3009 1047 3094 proliando
1073 3031 1177 3094 unque

21 3107 22 3172 ἶ
63 3115 86 3182 in
110 3127 199 3204 terra,
241 3127 276 3187 et
309 3126 387 3186 tuno
417 3117 553 3186 dimissa
584 3116 691 3202 barca,
722 3118 809 3201 fugit
839 3117 873 3184 in
909 3123 1038 3202 terram,
1066 3129 1098 3186 et
1111 3119 1177 3203 ipsi

63 3225 202 3309 Spalatini
220 3235 254 3296 et
272 3227 393 3294 anioii
420 3232 574 3311 oeperunt
591 3227 721 3292 beroam
737 3225 830 3292 iliam
855 3233 887 3293 et
916 3226 1175 3310 negociationem

62 3337 113 3401 aim
132 3347 162 3404 et
185 3335 354 3406 Dominioi
379 3334 501 3402 Valerii
527 3333 568 3401 de
587 3333 710 3402 Sanoto
726 3334 905 3420 Raphaela‚
921 3351 984 3419 qne
1001 3332 1063 3402 suit
1077 3341 1171 3402 tanta

61 3441 131 3509 iader
157 3444 298 3531 drapum
326 3451 359 3509 et
383 3443 504 3510 sentum
528 3448 561 3508 et
580 3461 704 3509 ramum
730 3447 762 3506 et
789 3441 873 3509 alias
900 3461 952 3508 reo
980 3441 1169 3528 minutulas,

21 3581 23 3620 t
60 3549 253 3620 innatassent
271 3549 355 3617 idem
372 3549 574 3636 Leonardua,
601 3549 687 3633 quod
716 3549 816 3615 valuit
833 3567 933 3632 usquo
954 3550 1060 3617 libras
1084 3549 1173 3616 Moe

21 3629 187 3750 ttffenetm
215 3665 251 3727 et
281 3659 413 3725 barnam
442 3658 533 3725 iliam
550 3676 621 3723 anm
639 3664 708 3725 tota
733 3655 965 3741 negooiationo
981 3655 1041 3724 illa
1067 3657 1176 3724 absta-

60 3764 184 3834 lernnt·'
151 3789 250 3855 ;1pse
268 3775 378 3834 antem
405 3768 605 3853 Dominious,
622 3765 704 3833 siout
728 3763 856 3846 dieitur,
872 3771 949 3831 tuno
975 3775 1177 3834 remanserat

21 3865 23 3934 i
60 3873 83 3940 in
95 3877 231 3944 Anoona.
247 3874 355 3961 Super
371 3875 431 3942 hoo
447 3895 523 3942 vero
539 3873 621 3940 dixit
637 3873 786 3942 dominus
803 3873 886 3958 Dux,
903 3873 987 3956 quod
1004 3895 1062 3960 per
1079 3873 1165 3941 homi

21 3981 23 4072 J
60 3987 252 4052 noanneane
277 4003 385 4050 aonam
411 4003 450 4050 eo
475 3983 536 4050 suit
561 3981 779 4068 testifioatam,
811 3981 895 4064 qaod
920 3981 1015 4048 homo
1044 3982 1177 4066 quidam

21 4075 22 4128 3
60 4090 87 4157 is
101 4095 242 4181 Annona,
257 4113 330 4160 oum
357 4092 473 4159 ivisset
487 4090 520 4156 in
537 4091 705 4178 Spaianto‚
731 4089 884 4173 eognovit
899 4088 1032 4156 barsam
1062 4090 1178 4175 ipsam,

21 4221 23 4288 t
60 4202 237 4286 aquestvit
263 4221 346 4285 eam,
372 4208 404 4268 et
429 4219 493 4267 non
519 4199 620 4285 potuit
646 4218 718 4266 eam
745 4197 874 4284 habere,
899 4203 930 4264 ot
955 4196 1041 4281 quod
1065 4196 1112 4262 iili
1138 4196 1179 4262 de

21 4289 23 4370 Ι
60 4306 169 4377 intona
198 4317 278 4396 post
306 4308 368 4376 hoo
399 4301 613 4395 preceperant
645 4327 702 4393 pro
719 4306 886 4374 Communi
920 4325 1040 4390 eorum,
1069 4311 1105 4370 at
1122 4304 1177 4370 ubi

21 4371 23 4424 7
60 4413 220 4486 invenirent
272 4416 472 4504 SpalatinoS,
523 4417 734 4504 pignorarent
773 4434 841 4481 eos.
881 4413 923 4480 Et
962 4414 1024 4479 hoo
1064 4412 1177 4480 audita

60 4528 215 4613 tumentia,
234 4527 386 4594 dominas
411 4525 486 4592 Dux
517 4523 768 4622 manoaviteias
804 4522 931 4590 litteras
958 4523 990 4587 in
1019 4522 1178 4608 Spatanto

61 4635 253 4712 parnassum
269 4634 443 4721 Feriolum,
461 4633 674 4720 capitaneum
687 4633 874 4716 Galoarum,
893 4652 950 4716 pro
978 4631 1177 4714 inquirendis

147 4773 252 4811 nonan.
269 4771 354 4812 anae.
370 4772 441 4808 men.
462 4779 498 4790 -·
517 4771 588 4810 nisa.
604 4771 648 4809 xx.
1030 4743 1070 4806 12
