3120 5148
877 865 930 932 74.

339 1073 387 1137 ΙΙ.
407 1068 515 1134 Endos
530 1069 638 1151 tirotp
654 1088 674 1127 o
690 1067 838 1150 ioposlroi
854 1073 1026 1128 meander-t
1043 1065 1219 1147 megerdar'ti
1235 1063 1452 1130 br'rtolto‘bane‘s

678 1170 999 1258 jopoao'toa'ayoiduo.
1025 1171 1122 1233 1213.

450 1369 597 1434 Andreas
613 1365 675 1432 Dei
691 1365 802 1449 gracia
812 1363 979 1446 Hungarie
991 1367 1061 1430 Rex
1072 1370 1131 1431 etc.
1147 1363 1339 1432 Theobaldo
1350 1365 1455 1433 Abbati

344 1483 376 1542 et
393 1476 545 1542 fratribus
561 1472 696 1558 'Poplioe
714 1471 945 1557 Cystereiensis
972 1471 1103 1537 Ordinis
1118 1472 1151 1537 in
1169 1481 1367 1557 perpetuum.
1383 1471 1453 1536 dum

343 1586 451 1652 omnia
492 1580 724 1668 Cystereieusis
765 1579 899 1647 Ordinis
941 1573 1147 1663 monasteria,
1188 1600 1250 1662 que
1282 1581 1358 1646 olim
1383 1581 1457 1645 bone

344 1691 495 1758 memorie
510 1695 617 1774 patres
629 1688 729 1754 nostri
746 1689 852 1772 Reges
862 1689 1004 1770 Vngarie
1015 1693 1272 1774 construxerunt,
1283 1687 1456 1772 specialiter

344 1801 530 1884 diligamus,
557 1817 594 1861 eo
620 1795 705 1880 quod
724 1800 756 1858 et
771 1797 841 1860 Deo
868 1794 995 1860 firmius
1012 1795 1169 1879 inherere,
1187 1803 1219 1861 et
1234 1804 1300 1861 tam
1326 1797 1457 1865 assiduis

344 1927 441 1991 quam
458 1903 583 1972 devotis
600 1902 785 1967 oracionem
802 1902 973 1985 gemitibus
998 1903 1085 1968 celos
1102 1905 1295 1988 propulsare
1311 1913 1343 1970 et
1358 1905 1456 1990 ipsum

343 2015 485 2081 calorum
512 2012 674 2078 dominum
701 2009 885 2091 frequenter
911 2029 968 2092 pro
986 2011 1103 2076 nostris
1129 2015 1314 2080 excessibus
1330 2033 1454 2079 exorare

344 2122 535 2189 ereduntur:
562 2118 760 2184 Monasterio
787 2123 894 2180 tamen
923 2114 963 2181 de
987 2117 1135 2203 Toplioa,
1159 2119 1246 2200 quod
1273 2119 1314 2184 dc
1339 2119 1460 2205 proprio

343 2227 548 2294 fundavimus
574 2224 678 2306 Regni
703 2223 804 2289 nostri
837 2243 923 2290 aune
959 2224 1074 2306 primo,
1105 2225 1258 2310 ampliori
1284 2225 1461 2294 dileccionis

347 2333 554 2421 prerogativa
595 2339 752 2416 tenemur,
786 2349 823 2398 eo
856 2331 941 2412 quod
982 2331 1097 2398 fratres
1122 2333 1381 2402 Olareuallcnaes
1419 2333 1457 2400 ad

344 2444 553 2508 sacrosancte
586 2436 755 2520 religionis
781 2443 992 2519 augmentum
1020 2439 1101 2505 inibi
1125 2445 1382 2527 convocavimus,
1408 2447 1457 2526 qui
1537 2499 1538 2526 ,

347 2557 378 2614 et
396 2549 465 2612 Deo
482 2545 627 2610 serviant
643 2543 804 2612 indefesse
820 2543 903 2610 etin
920 2543 1067 2612 districto
1092 2549 1241 2614 examine
1259 2551 1350 2616 cobis
1367 2552 1462 2636 ipsius

346 2649 601 2718 misericordiam
633 2650 764 2716 valeant
804 2648 984 2732 impetrare.
1034 2651 1078 2717 Ut
1109 2653 1207 2736 igitur
1238 2657 1460 2742 temporalibus
1537 2675 1538 2730 l

348 2756 503 2843 subsidiis
516 2755 710 2822 sufficienter
721 2756 823 2823 adiuti
835 2758 971 2824 liberius
983 2757 1051 2826 Deo
1063 2768 1191 2849 vacent,
1200 2761 1267 2828 illis
1283 2785 1343 2848 pro
1359 2769 1463 2833 anime

352 2847 461 2934 nostre
502 2884 536 2930 es
568 2870 809 2932 antecessorum
848 2873 1031 2934 nostrornm
1071 2855 1216 2936 ¹remedio
1256 2873 1406 2943 dedimus
1434 2881 1464 2943 in
1537 2909 1538 2990 p

347 2976 646 3054 perpetuumtotum
659 2973 853 3038 Comitatnm
870 2971 910 3040 de
923 2973 1037 3060 Gerra,
1060 2976 1142 3042 sicut
1157 2978 1249 3048 illum
1266 2985 1464 3070 possedimus
1537 3007 1538 3088 p

345 3098 417 3146 curn
432 3079 506 3146 Dux
530 3079 651 3145 fuimus
677 3079 761 3144 ultra
778 3079 933 3166 Dravam,
959 3103 1031 3147 curn
1057 3085 1180 3166 prediis
1191 3094 1224 3152 et
1239 3091 1332 3157 metis
1349 3113 1465 3180 eorum,
1537 3101 1538 3114 ¹

346 3204 417 3250 curn
442 3185 536 3266 aquis
553 3195 584 3252 et
610 3185 860 3270 piscacionibus,
879 3207 951 3253 cum
968 3189 1063 3258 terris
1090 3199 1122 3257 et
1138 3194 1251 3282 pratis,
1267 3216 1340 3263 cum
1357 3221 1477 3288 nemoy
1537 3239 1538 3292 ι

345 3294 435 3358 ribus
452 3299 484 3356 et
500 3291 594 3358 silvis
612 3298 644 3359 et
661 3295 905 3381 venationibus,
922 3314 994 3362 eum
1021 3297 1200 3366 redditibus
1218 3311 1250 3368 et
1265 3310 1464 3376 eonsuetudi-
1537 3301 1538 3390 ᾖ

346 3398 444 3464 nibus
461 3405 493 3464 et
509 3399 658 3467 serviciis
674 3405 706 3465 et
721 3402 846 3468 cunetis
872 3401 1076 3492 utilitatibus,
1091 3427 1155 3491 que
1181 3414 1290 3481 omnia
1305 3413 1353 3481 ita
1369 3417 1467 3486 libere
1537 3393 1538 3480 i

345 3513 488 3588 teneant,
515 3506 598 3572 siout
622 3525 663 3573 ea
688 3507 850 3576 tenuimus
874 3531 946 3576 cum
963 3511 1038 3581 Dux
1066 3515 1187 3584 fuimus
1204 3519 1288 3587 ultra
1312 3523 1462 3608 Draram,
1537 3535 1538 3590 l

344 3614 491 3696 exeeptis
507 3633 565 3680 sex
590 3616 867 3696 generacionibus.
894 3617 1051 3689 Addimus
1077 3621 1181 3691 eciam
1197 3626 1272 3694 hnic
1287 3629 1463 3700 donaciani
1537 3641 1538 3664 ¹

345 3722 454 3783 nostra
485 3726 609 3784 tantam
639 3720 799 3790 libertatis
839 3727 1089 3816 prerogativam,
1121 3734 1207 3815 qood
1239 3737 1346 3805 nullus
1377 3739 1469 3806 iudex
1537 3751 1538 3820 t

345 3841 451 3903 neque
476 3822 594 3908 aliquis
619 3827 704 3896 alius
721 3837 829 3916 preter
855 3831 973 3898 bonam
991 3838 1190 3905 uoluntatem
1215 3844 1351 3912 Abbatis
1370 3868 1463 3932 super

346 3927 465 3994 dietum
491 3933 722 4000 monasterium
748 3937 801 4002 rel
818 3957 915 4023 super
933 3943 1086 4024 populum
1111 3945 1256 4015 eiusdem
1282 3952 1469 4022 Monasterii

345 4034 465 4103 audeat
495 4035 692 4105 descendere
735 4042 785 4108 vel
817 4045 953 4110 eundem
984 4049 1141 4133 populum
1180 4055 1323 4124 iudicare
1356 4064 1408 4128 vel
1439 4063 1469 4126 in

344 4141 496 4209 iudicium
514 4145 639 4211 trahere
665 4155 740 4212 ante
765 4151 941 4230 quamlibet
967 4173 1139 4236 personam
1163 4170 1271 4244 preter
1297 4185 1471 4248 personam
1537 4157 1538 4252 l

343 4247 451 4331 Regis.
498 4251 536 4316 In
564 4251 624 4318 hac
658 4253 789 4322 tandem
816 4257 1006 4328 donacionis
1032 4273 1140 4331 nostre
1164 4271 1288 4353 pagina
1313 4273 1473 4342 duximus

345 4352 554 4422 inserendum
578 4382 584 4422 :
603 4359 689 4444 qood
707 4361 820 4444 siquis
836 4365 945 4432 Banus
962 4371 1014 4436 vel
1031 4372 1137 4441 Jndex
1153 4377 1206 4441 vel
1225 4377 1364 4461 quilibet
1380 4383 1479 4464 alius,
1537 4365 1538 4420 l

342 4477 465 4544 exque
490 4461 628 4546 primam
655 4465 869 4536 donacionem
895 4473 1043 4565 fecimus,
1069 4481 1221 4549 videlicet
1244 4485 1353 4571 Regni
1370 4491 1476 4556 nostri
