3150 5162
702 189 862 290 Q.

218 389 261 454 rit
277 385 364 475 (igy)
383 387 470 454 silua
486 405 596 456 eorum
613 385 820 470 hereditaria,
838 391 871 451 et
885 387 927 452 ab
952 383 1033 469 ipsis
1064 389 1157 468 pater
1187 383 1347 450 dietorum

219 495 374 578 Langrab
391 501 422 562 et
437 493 656 561 Bartholomei
673 493 815 562 seeundo
832 514 919 560 anno
935 498 1008 579 post
1024 489 1202 558 discessum
1214 489 1349 558 Tartha·

220 623 335 688 rorum,
354 623 452 669 manu
468 603 673 690 usurpauerit
690 603 841 670 uiolenta.
877 602 927 668 Ex
957 599 1098 668 aduerso
1129 599 1285 682 Langrab
1317 605 1350 666 et

221 710 470 778 Bartholomeus
488 709 625 796 predicti
640 711 885 796 responderunt,
917 708 1004 794 qnod
1029 707 1088 774 illa
1118 706 1234 775 eadem
1265 703 1351 772 silua

221 837 349 903 semper
365 815 467 884 suerit
482 817 586 903 petris
602 816 755 910 ipsorum,
780 815 916 884 Comitis
946 815 1086 901 Remigij
1119 812 1286 898 videlieet,
1317 820 1350 880 et

221 947 356 994 anorum
371 926 532 1014 ipsorum;
557 933 588 993 et
604 929 690 1010 quod
706 946 898 1014 permanes
914 925 1082 993 hominnm
1113 922 1199 990 silua
1229 940 1348 988 memo·

222 1040 295 1101 rata
311 1032 353 1101 de
368 1034 543 1118 glandibus
559 1035 750 1104 seminando
765 1035 864 1102 inerit
879 1041 1060 1120 proereata.
1098 1033 1140 1097 Et
1171 1049 1245 1098 oum
1277 1033 1350 1116 post

222 1142 474 1228 prodnenionem
489 1143 623 1210 testium
639 1161 736 1230 super
762 1142 909 1230 parcium
939 1142 1126 1210 assereione
1157 1139 1192 1205 in
1224 1137 1352 1206 oetaeis

223 1250 338 1318 Saneti
352 1251 482 1319 Nicolai
498 1251 640 1319 duellum
656 1249 879 1318 adiudieatum
894 1249 1012 1318 luisset
1021 1248 1106 1316 inter
1115 1253 1236 1334 partes,
1253 1245 1351 1312 adne-

223 1360 333 1428 niente
348 1360 420 1446 ipso
437 1361 574 1428 termino
591 1356 691 1426 duelli
706 1363 815 1445 partas
831 1363 1056 1443 eomparentes
1072 1356 1115 1422 ad
1131 1355 1278 1423 duellum
1311 1351 1352 1418 de

224 1475 336 1536 nostra
353 1465 567 1554 permissione
582 1467 618 1534 in
634 1465 706 1534 loeo
723 1485 832 1552 pugne
848 1463 1027 1534 seeundum
1052 1463 1250 1532 sentenciam
1279 1480 1351 1547 pro·

225 1578 337 1643 borum
354 1574 497 1642 virorum
523 1575 557 1640 in
582 1575 679 1640 talem
712 1572 985 1658 eomposieionem
1017 1571 1238 1654 deuenerunt;
1263 1567 1350 1654 quod

133 1761 138 1772 ¹
225 1681 326 1768 ijdem
341 1683 497 1766 Langrab
514 1687 546 1750 et
561 1681 811 1750 Bartholomeus
827 1679 945 1748 dietam
963 1680 1085 1747 siluam
1101 1677 1194 1766 Arky
1219 1677 1254 1742 in
1283 1684 1351 1744 tres

226 1795 335 1876 partes
352 1789 530 1858 diuidendo
546 1808 654 1856 eoram
672 1787 854 1857 testimonio
882 1785 1022 1874 Capituli
1053 1785 1264 1856 Posoniensis
1294 1805 1352 1870 per

224 1895 417 1986 pristaldum
435 1904 581 1965 noenum
596 1895 818 1964 Alexandrum
836 1897 878 1964 de
894 1916 1013 1982 genere
1028 1894 1115 1962 Teeh
1132 1891 1214 1962 duas
1239 1905 1350 1978 partes

225 2005 370 2074 eiusdem
387 2004 471 2072 silue
485 2004 705 2090 relinquerent
721 2003 817 2070 Marlr
833 2009 867 2071 et
881 2004 994 2071 Budou
1011 2002 1223 2089 supradietis3
1247 2018 1351 2068 rema·

224 2119 321 2180 nante
339 2113 440 2180 teroia
456 2119 550 2197 parte
566 2114 600 2180 in
617 2112 668 2178 ins
684 2111 839 2196 Langrab
856 2109 1114 2178 etBsrtholomei
1124 2109 1351 2195 prediotorum.

225 2221 341 2289 Dinisa
356 2220 560 2306 postmodnm
577 2221 652 2306 ipsa
666 2219 761 2308 silua,
779 2225 875 2305 prout
890 2217 1042 2307 diximus,
1076 2220 1110 2285 in
1125 2219 1175 2286 ius
1206 2218 1351 2306 paralum

113 2365 119 2374 -
226 2327 320 2395 modo
336 2327 483 2412 prediolo
500 2347 557 2411 per
572 2325 833 2413 prenominatum
852 2325 1045 2410 pristaldum
1077 2327 1136 2393 sub
1169 2324 1354 2394 testimonio

227 2437 306 2530 dieti
323 2435 469 2523 Capituli
485 2443 535 2502 est
551 2441 694 2520 statuta;
717 2437 922 2521 permittente
939 2441 970 2500 et
986 2437 1214 2502 eonseneiente
1239 2433 1355 2501 Buzad

226 2544 269 2611 de
285 2543 448 2630 Karanis,
480 2548 573 2629 prout
589 2543 621 2609 in
637 2543 754 2610 litteris
772 2543 915 2610 eiusdem
932 2543 1073 2629 Capituli
1089 2542 1228 2610 vidimus
1253 2545 1353 2609 eonti-

226 2653 307 2734 neri,
324 2650 418 2717 metis
435 2651 477 2718 ab
493 2651 632 2718 inuicem
649 2651 848 2739 separando.
882 2651 967 2718 Mete
992 2657 1100 2716 nutem
1131 2651 1212 2718 duas
1243 2657 1356 2736 partes

226 2759 314 2826 diete
329 2757 415 2826 silue
430 2759 463 2826 in
479 2759 530 2826 ius
547 2760 642 2826 llnrk
658 2767 690 2826 et
706 2759 820 2827 Budua
836 2759 1065 2846 predictorum,
1082 2779 1102 2826 a
1126 2759 1229 2826 tercia
1261 2762 1355 2842 parte

227 2867 383 2952 eiusdem,
409 2887 471 2952 que
496 2867 651 2954 predialis
683 2868 837 2952 Langrab
869 2875 901 2933 et
933 2867 1165 2936 Bartholomeo
1197 2872 1353 2950 remanet,

227 2982 419 3062 separantes
436 2975 497 3042 hoe
523 2975 635 3044 ordine
667 2974 907 3061 distinguntur;
933 2977 1016 3043 siout
1045 2975 1139 3044 nobis
1170 2976 1356 3060 Capitulum

226 3081 428 3151 Posoniense
444 3082 478 3150 in
495 3083 562 3150 suis
579 3082 695 3150 litteris
711 3083 916 3151 remandauit
932 3111 940 3152 :
958 3083 1069 3151 Prima
1086 3089 1174 3150 meta
1189 3083 1305 3170 insipit
1321 3083 1355 3149 in

226 3193 334 3278 eapite
351 3192 435 3260 silue
451 3190 637 3278 incipiendo
655 3212 676 3258 a
692 3199 787 3276 parte
803 3193 1069 3278 septemtrionali,
1099 3193 1155 3260 vbi
1181 3200 1257 3259 sunt
1289 3191 1354 3259 due

227 3307 311 3366 mete
326 3299 419 3366 iuxta
434 3300 598 3384 quandam
617 3300 783 3384 antiquam
801 3307 919 3367 metam
938 3323 946 3386 3
967 3301 1086 3368 deinde
1109 3299 1257 3385 procedit
1287 3321 1356 3367 ver-

226 3427 282 3474 sus
296 3407 467 3475 meridiem
495 3407 693 3476 transeundo
724 3409 885 3475 fossatum
906 3410 1086 3493 antiquum
1118 3408 1280 3476 veniendo
1311 3410 1356 3476 ad

226 3513 374 3582 arborem
390 3515 562 3600 querkum,
578 3515 681 3595 donee
697 3515 848 3582 veniatur
864 3516 908 3582 od
925 3535 1042 3582 uenam
1054 3535 1148 3600 aque,
1165 3535 1227 3600 que
1236 3515 1356 3584 dieitur

224 3623 359 3708 Lapsar,
374 3621 576 3707 procedendo
595 3644 722 3711 semper
737 3625 978 3709 quatuordeeim
990 3625 1082 3692 metis
1093 3626 1127 3691 in
1137 3631 1262 3712 septem
1273 3624 1355 3692 loeis

226 3730 341 3818 positis
356 3751 470 3800 versus
486 3731 676 3817 meridiem
701 3731 821 3800 deinde
837 3733 984 3800 declinat
1008 3754 1121 3802 versus
1152 3735 1356 3802 oeoidentem

225 3838 318 3904 iuxta
333 3837 518 3926 predictam
535 3861 651 3908 venam
668 3859 751 3926 aque
767 3839 853 3915 diota
869 3841 1007 3927 Lapsae,
1023 3842 1128 3910 donea
1142 3843 1293 3909 veniatur
1313 3841 1355 3910 ad

225 3943 361 4013 fundum
378 3946 466 4014 ouria
480 3947 616 4015 Barleus
633 3946 692 4033 lilij
710 3946 834 4032 Bunad‚
850 3947 905 4014 vbi
922 3951 998 4014 sunt
1014 3947 1077 4016 due
1109 3956 1213 4031 mete;
1237 3949 1355 4016 dende

227 4053 359 4119 vertitur
376 4073 486 4122 versus
502 4056 763 4141 septemtrionem
780 4055 823 4123 ad
849 4059 995 4123 arborem
1027 4057 1100 4142 piri,
1132 4077 1197 4141 que
1226 4056 1356 4124 seilicet

226 4157 321 4225 arbor
336 4157 396 4245 piri
415 4167 464 4227 est
479 4161 513 4229 in
529 4161 636 4231 medio
653 4163 746 4230 vuius
763 4170 868 4249 mete;
894 4161 1011 4230 deinde
1043 4163 1170 4230 venitur
1200 4164 1243 4230 ad
1274 4165 1357 4230 anti-

225 4287 322 4351 quum
340 4265 511 4357 fossatum,
544 4269 631 4356 quod
646 4279 791 4339 remanet
806 4272 840 4337 ln
856 4276 943 4339 terra
958 4269 1053 4337 Maris
1071 4276 1103 4337 et
1133 4271 1291 4357 Budonis‚
1323 4281 1357 4339 ot

225 4373 273 4441 ibi
289 4380 397 4442 ereete
411 4383 487 4444 sunt
503 4377 566 4445 due
581 4385 666 4446 mete
682 4380 773 4446 iuxta
782 4377 948 4462 antiquam
959 4383 1081 4444 metam
1091 4398 1205 4446 versus
1214 4383 1356 4463 septem·

228 4480 384 4578 trionem5
408 4484 527 4564 deinde
543 4487 749 4577 protenditur
764 4485 856 4552 iuxta
882 4485 968 4554 idem
995 4487 1166 4571 antiquum
1196 4483 1354 4556 fossatum
