3120 5148
709 383 710 386 ψ
816 289 976 388 „aa

335 485 477 566 graviter
493 484 635 550 incurret
650 491 681 550 et
698 489 800 550 totam
817 483 1056 569 possessionem
1080 502 1174 550 suam
1199 481 1280 548 darc
1310 479 1469 548 abbacie

335 591 368 654 in
385 596 541 676 perpetuo
558 587 787 675 possidendam
803 609 868 656 non
885 587 1020 656 dubitet.

416 785 575 849 (Thalesies,
595 787 718 838 Menum.
738 787 803 837 bist.
822 786 912 850 Epire.
934 785 1131 850 Zagrabiensis
1150 785 1173 834 1.
1193 785 1252 835 lot.
1274 787 1315 834 34.
1337 785 1367 846 l.)

759 1070 1026 1079 ———-—-——

862 1597 916 1662 81.

329 1797 375 1860 II.
392 1794 499 1859 Eadre
514 1793 689 1879 kirdtyauit
705 1793 772 1858 to'dd
788 1791 921 1880 adprrtbi
936 1797 1057 1878 odradp
1064 1793 1193 1880 fdldJ'c't
1210 1797 1368 1880 tirpyuzo
1377 1796 1465 1859 ado-

489 1905 607 1988 mdaya
622 1903 738 1966 Barac
753 1900 888 1985 adprdbt'
904 1901 1011 1966 dckda
1027 1907 1185 1970 emutire.
1205 1904 1300 1968 1214.

434 2099 472 2163 In
510 2095 639 2162 nomine
677 2092 796 2160 Sancte
829 2094 999 2162 Trinitatis
1031 2101 1062 2162 et
1092 2091 1264 2162 Indiuidua
1295 2094 1464 2163 Unitatis.

324 2205 471 2272 Andreas
508 2203 570 2268 Dei
596 2201 708 2287 gracia
743 2202 918 2289 Hungarie,
954 2203 1134 2286 Dalmacie,
1161 2203 1306 2291 Groaeic,
1331 2203 1451 2292 Rame,

324 2312 446 2397 Scruie,
479 2309 614 2396 Galieie,
648 2307 903 2393 Lodomerieque
933 2311 1003 2376 Rex
1033 2311 1067 2377 in
1100 2317 1306 2395 perpetuum.
1347 2311 1459 2395 Regia

327 2417 513 2501 benignitas
539 2416 626 2482 eirea
641 2415 703 2482 sibi
729 2416 946 2484 benemeritos
972 2415 1138 2484 eonsvevit
1153 2435 1295 2500 congrue
1309 2436 1449 2483 manum

325 2523 490 2608 largitatis
507 2523 675 2607 ampliare,
701 2543 758 2607 pro
776 2524 893 2607 quibus
918 2523 1090 2592 intercedit
1105 2523 1302 2610 longanimis
1317 2525 1459 2593 servicii

322 2631 478 2713 fidelitas,
495 2639 526 2696 et
544 2651 601 2716 pro
621 2630 735 2713 quibus
753 2651 875 2697 morum
892 2631 1038 2715 probitas
1056 2631 1256 2715 dignoscitur
1273 2631 1454 2699 efficaciter

323 2739 476 2822 allegare.
503 2735 716 2805 Attendentcs
747 2739 857 2824 itaque
888 2737 999 2806 dilecti
1015 2759 1054 2806 ae
1081 2737 1186 2807 fidelis
1204 2739 1307 2806 nostri
1323 2737 1453 2806 Barani

192 2859 194 2863 ’
321 2844 446 2912 Decani
472 2845 712 2931 Zagrabiensis,
755 2843 920 2913 fidelitatis
956 2847 1185 2930 constanciam,
1223 2864 1320 2928 quam
1346 2847 1450 2913 nobis

322 2953 356 3018 in
382 2953 530 3020 omnibus
558 2953 779 3020 favorabiliter
806 2951 961 3032 exhibuit,
989 2961 1023 3020 et
1048 2950 1149 3037 digna
1180 2953 1456 3021 remuneracione

323 3059 456 3143 dignam
476 3079 548 3127 esse
565 3059 814 3146 perpendentes,
824 3060 857 3124 in
874 3060 1210 3145 recompensationem
1243 3057 1293 3124 sui
1317 3059 1456 3126 servicii

320 3173 440 3232 terram
473 3165 686 3250 quorumdam
729 3165 863 3231 duorum
903 3163 1048 3250 fratrum,
1082 3165 1237 3231 videlicet
1268 3163 1379 3230 Gebna
1414 3173 1451 3231 et

319 3273 465 3362 Weretk,
491 3275 706 3342 castrensium
732 3273 961 3356 Zagrabiensis
986 3272 1102 3358 Castri,
1121 3272 1183 3340 sibi
1211 3279 1243 3337 et
1275 3273 1341 3338 suis
1372 3292 1447 3338 sue-

318 3383 499 3449 cessoribus
551 3380 744 3446 contulimus
783 3381 886 3448 libere
928 3389 960 3446 et
999 3381 1137 3468 pacifice
1176 3385 1334 3466 perpetuo
1374 3379 1453 3446 iure

319 3487 559 3573 possidendam,
588 3485 729 3552 seilicet:
758 3495 792 3552 ut
808 3489 876 3554 sive
900 3487 1062 3554 vendendi
1088 3488 1157 3554 sive
1175 3485 1319 3553 donandi
1334 3504 1393 3552 seu
1411 3485 1451 3550 in

318 3599 512 3661 testamento
546 3591 692 3658 ecclesiis
708 3593 759 3656 vel
792 3593 865 3660 allis
882 3595 1031 3679 personis
1047 3592 1262 3676 relinquendi,
1295 3597 1451 3658 cessante

318 3701 407 3765 omni
423 3696 686 3780 contradictione,
713 3699 849 3766 liberam
867 3701 907 3767 de
926 3709 1031 3767 cetero
1053 3723 1093 3769 ex
1109 3707 1220 3767 nostra
1245 3697 1457 3766 auctoritate·

318 3804 438 3870 babeat
463 3807 666 3887 potestatem.
693 3805 729 3869 In
756 3807 846 3872 cuius
871 3815 958 3873 terre
983 3808 1225 3892 possessionem
1252 3809 1359 3892 ipsum
1390 3823 1454 3887 per

318 3907 511 3994 pristaldum
538 3915 681 3977 nostrum
707 3912 881 3979 Martinum
907 3913 1044 4001 Beuum,
1062 3914 1116 3996 qui
1133 3921 1208 3979 tunc
1224 3911 1379 3997 temporis
1411 3910 1452 3975 in

320 4017 387 4083 illis
405 4017 550 4101 partibus
568 4019 715 4086 Banatus
742 4017 935 4104 fungebatur
959 4020 1128 4105 dignitate,
1146 4019 1322 4087 seeundum
1339 4017 1450 4099 Regni

314 4123 416 4190 nostri
441 4124 706 4192 consvetudinem
734 4125 868 4194 fecimus
898 4127 1080 4195 indroduci.
1106 4125 1216 4192 Prima
1232 4125 1331 4208 igitur
1355 4130 1454 4190 meta

318 4241 402 4297 terre
434 4229 623 4317 supradicte
654 4233 768 4318 incipit
799 4253 820 4299 a
851 4231 1140 4319 villaSeepnicha,
1170 4227 1275 4315 predii
1290 4227 1452 4296 eiusdem

314 4340 420 4404 Baran
446 4338 589 4423 Decani3
618 4337 734 4404 deinde
760 4339 863 4406 tendit
889 4359 1002 4407 versus
1028 4339 1212 4424 aquilonem
1240 4346 1271 4404 et
1287 4337 1380 4404 venit
1397 4336 1444 4401 ad

312 4443 477 4528 quandam
504 4445 667 4528 publicam
694 4453 840 4533 stratam,
867 4447 985 4532 quein
1013 4445 1081 4514 illis
1107 4447 1257 4531 partibus
1273 4442 1329 4510 via
1346 4442 1449 4526 regis-

309 4555 455 4635 voeatur,
472 4555 504 4614 et
519 4569 578 4632 per
607 4552 743 4618 eandem
759 4554 846 4620 viam
879 4551 970 4620 vadit
994 4573 1096 4637 usque
1124 4552 1200 4619 dum
1217 4550 1365 4638 predicta
1385 4550 1448 4614 ria
