3164 5154
667 185 827 294 A

179 405 250 458 eoas
266 385 524 476 conceperimus,
542 389 778 457 contumaoiam
795 392 827 481 et
841 385 1118 478 presumptionem
1133 393 1223 460 tuam
1235 409 1310 478 gra·

180 495 263 562 riter
277 503 417 564 auctore
432 495 572 564 Domino
588 497 780 584 puniemus3
805 495 892 584 quod
907 517 995 584 pena
1010 505 1069 566 tue
1085 497 1224 568 subditis
1249 501 1312 572 erit

178 602 375 689 exemplum,
391 603 536 672 Prolatia
553 603 620 674 suis
637 603 858 674 obedientiam
875 606 1055 692 prestandi.
1072 607 1192 678 Datum
1209 607 1308 680 Beue·

178 713 266 782 renti
281 711 380 780 tertio
397 709 560 780 kalendas
576 711 754 780 Februarii.

398 911 519 973 (llarlati
539 911 687 978 myrtoum
705 913 820 966 suorum
840 914 888 968 1v.
908 914 968 966 tros.
989 915 1047 968 lis.
1063 915 1093 980 l.)

612 1201 879 1216 m

717 1741 773 1809 26.

179 1941 313 2030 Rapum
337 1938 515 2008 dalmatiai
540 1943 572 2008 a
603 1940 683 2008 Piso
712 1941 877 2009 olosalsoos'
907 1945 1029 2030 temperi
1058 1947 1193 2013 odrouole
1223 1945 1308 2013 ibsts‘

603 2047 776 2117 deleebdts'a.
795 2051 892 2116 1169.

282 2241 322 2314 Io
337 2245 469 2314 nomine
483 2245 563 2314 Jeau
593 2242 715 2314 Christi
731 2245 800 2314 veri
819 2245 879 2314 Doi
895 2245 1004 2314 llberni
1021 2245 1134 2316 Amen.
1152 2249 1226 2334 Ego
1243 2249 1298 2318 Al-

178 2356 291 2423 bertua
306 2352 500 2422 Pisandrum
511 2349 631 2422 ΟοιιειιΙ
641 2359 673 2422 et
689 2354 816 2422 Merene
827 2359 859 2420 et
867 2353 1072 2440 Burgundios
1083 2354 1199 2444 ludex,
1212 2358 1302 2427 simi·

176 2463 252 2531 liter
265 2461 393 2550 Legati,
418 2461 645 2530 constituimus
664 2467 697 2530 et
712 2461 899 2530 ordinamus
917 2469 984 2530 tam
1000 2482 1059 2549 pro
1084 2464 1178 2531 nobis
1205 2486 1302 2552 quam

176 2577 241 2638 toto
256 2571 379 2658 populo
393 2569 541 2638 Civitatis
567 2576 676 2638 nosue
692 2570 812 2638 Pisana
842 2571 965 2637 firmam
997 2578 1029 2638 et
1055 2570 1217 2664 illibatam
1252 2594 1305 2660 pa-

177 2699 246 2748 oem
268 2677 361 2746 robis
378 2677 572 2746 Oonsmibus
587 2677 726 2764 Raguaii
751 2677 852 2745 Vitali
871 2685 903 2747 et
919 2678 1044 2746 Laouro
1061 2686 1093 2747 et
1110 2680 1301 2767 Lampridio

177 2793 209 2854 et
221 2785 349 2854 l'elioio
364 2793 397 2854 et
412 2785 565 2853 Miebatio
582 2792 615 2854 et
630 2786 839 2854 Dubraalavo
855 2791 887 2853 ot
919 2787 1072 2855 universo
1097 2789 1217 2875 populo
1241 2808 1295 2856 au-

176 2892 324 2982 pradiote
340 2891 491 2962 civitatis
507 2892 644 2980 &gusti
660 2892 718 2961 tali
734 2893 848 2976 modo;
865 2899 900 2960 ut
914 2893 1110 2978 quicumque
1126 2895 1298 2981 Reguseus

177 3002 299 3070 noetus
324 3001 359 3066 iu
374 3000 519 3087 partibus
534 3001 588 3070 rel
604 3001 763 3069 innostro
779 2999 934 3069 Distrioto
952 3001 1129 3088 devenerit,
1148 3010 1213 3069 tam
1231 3004 1303 3089 ipos

179 3129 274 3194 quam
291 3115 445 3176 etomneu
456 3127 508 3176 res
520 3107 588 3177 eius
598 3105 768 3178 salvesint
778 3115 810 3174 et
820 3107 935 3194 rieure,
947 3115 980 3175 et
990 3128 1010 3174 a
1020 3108 1109 3176 nullo
1120 3117 1301 3178 nostratum

177 3216 364 3286 violentiam
379 3221 438 3284 aut
453 3217 608 3283 damnum
624 3215 777 3302 patiatur.
817 3214 852 3282 Si
868 3235 946 3284 vero
978 3215 1054 3282 aliis
1086 3214 1120 3281 iu
1151 3216 1301 3302 partibus

178 3324 465 3409 qualibuscumque
511 3322 632 3408 aliquis
677 3325 847 3409 Ragusens
886 3324 929 3392 ab
961 3321 1073 3405 aliquo
1105 3321 1225 3390 Pisano
1257 3321 1305 3390 iu·

177 3431 343 3519 venietur,
384 3431 511 3497 nullum
549 3433 591 3498 ab
631 3451 669 3500 eo
699 3429 861 3498 ,damnum
900 3429 934 3495 in
973 3447 1115 3514 persona
1156 3449 1216 3498 sua
1248 3429 1301 3498 uel

178 3540 209 3609 in
223 3541 322 3610 rebus
338 3541 407 3608 suis
423 3541 594 3624 Raguseus
610 3539 768 3625 patiatur,
785 3557 845 3606 nee
862 3539 922 3606 erit
937 3537 973 3604 in
990 3537 1126 3606 oonsilio
1142 3538 1193 3605 vel
1210 3537 1298 3606 laeto

178 3649 297 3736 aliquis
314 3648 503 3717 Pisanorum
521 3645 750 3732 qualicumque
765 3646 800 3712 iu
811 3649 907 3732 parte
923 3649 1197 3730 ututaquoquam
1213 3641 1302 3712 dam·

181 3756 333 3825 rietatem
349 3757 383 3824 iu
399 3775 542 3843 persona
558 3763 616 3822 aut
632 3755 727 3822 rebus
751 3754 819 3821 suis
837 3754 963 3820 habeat.
979 3751 1016 3818 Si
1032 3773 1109 3819 vero
1128 3750 1302 3836 eontigerit

178 3865 316 3950 aliquem
333 3865 524 3933 Pisanorum
541 3863 683 3948 aliquam
699 3861 892 3930 iniustitiam
909 3857 1005 3928 alieni
1021 3862 1171 3946 B-aguseo
1182 3859 1303 3946 faeere,

178 3970 259 4040 inira
270 3971 408 4058 triginta
417 3970 489 4039 dies
500 3969 657 4038 rationem
669 3991 707 4036 ao
717 3969 873 4036 iustitium
895 3968 1026 4055 plenam
1043 3987 1152 4036 eoram
1170 3965 1301 4033 Viooeo·

182 4081 312 4146 mitibus
328 4077 380 4146 vel
398 4077 592 4148 Consulibus
602 4079 654 4145 vel
664 4078 806 4145 Prelatis
818 4077 937 4144 uostris
953 4078 987 4144 in
1003 4076 1175 4160 regimine,
1191 4075 1224 4141 in
1237 4093 1302 4158 qua

184 4183 372 4255 iniustitiam
390 4205 507 4272 passus
525 4189 585 4274 est,
602 4191 826 4270 consequatur.
843 4183 902 4250 Sin
917 4189 1025 4250 autem
1041 4181 1074 4249 in
1090 4182 1224 4268 regione
1239 4179 1297 4248 illa

181 4294 302 4362 nullum
319 4295 519 4382 prepositum
537 4293 756 4381 habuerimus,
774 4315 796 4362 a
811 4293 977 4360 nuuolerio
993 4289 1097 4376 navis,
1113 4310 1176 4374 que
1192 4287 1238 4356 ibi
1255 4287 1303 4356 in·

181 4411 277 4478 ronta
294 4401 401 4489 luerit,
419 4402 577 4470 iustitium
595 4399 745 4468 similiter
762 4401 893 4470 habeat.
909 4397 973 4467 Sed
987 4397 1015 4465 ai
1032 4395 1218 4466 naucleriua
1233 4395 1303 4466 uui·

178 4507 228 4578 lus
242 4509 286 4580 ibi
297 4509 417 4599 aderit,
433 4509 557 4597 aliquis
568 4509 620 4577 vel
632 4507 734 4598 aliqui
750 4507 945 4578 Pisanorum
963 4507 1121 4577 bonorum
1138 4503 1302 4576 hominum
