3078 5128
783 317 944 424 jos-

304 511 433 602 quidem
450 517 609 600 Magister
623 518 760 586 Hancho
777 527 891 586 contra
908 520 1087 606 predictum
1104 519 1266 586 Achatem
1282 517 1326 588 ad
1342 525 1431 587 octa·
1454 497 1459 508 ’

303 643 362 692 uas
378 625 470 691 Beati
488 627 588 710 Regis
603 625 762 712 Stephani
779 636 856 695 tunc
872 629 1000 694 venturi
1017 625 1181 693 racionem
1199 627 1430 694 contradiccio·

301 735 352 800 nis
369 754 428 800 sue
443 732 627 825 redditurus
647 733 785 801 indilate
799 735 833 802 in
862 736 1000 818 Regiam
1031 734 1238 801 Prescnciam
1270 741 1430 801 euocatus

300 841 465 908 extitisset
481 843 543 908 stb.
559 839 791 910 Exhibiciones
808 842 987 910 litterarum
1005 843 1090 908 inter
1107 851 1217 926 partes
1234 848 1428 927 prenotatas

299 949 392 1014 iuxta
407 949 646 1016 continenciam
662 949 800 1016 aliarum
817 951 995 1017 litterarum
1022 957 1206 1016 nostrarum
1238 959 1428 1034 prorogato·

297 1055 419 1122 riarum
436 1056 479 1122 ad
494 1063 629 1150 octauas
645 1057 721 1123 testi
738 1058 923 1143 Epiphanio
947 1056 1086 1124 Domine
1112 1057 1285 1124 extiterant
1317 1075 1426 1140 proro-

298 1172 386 1248 gate.
413 1163 499 1248 Ipsis
515 1165 628 1248 itaquo
644 1164 767 1233 octauis
784 1165 858 1234 sesti
875 1163 1059 1250 Epiphanio
1083 1161 1215 1229 Domini
1239 1161 1426 1231 adherenti-

298 1275 356 1339 bus
373 1272 518 1359 presatus
549 1271 648 1340 frater
678 1275 799 1340 Paulus
826 1295 886 1360 pro
911 1273 1092 1359 prescripto
1122 1271 1253 1339 domino
1285 1271 1425 1339 Seffrido

294 1381 421 1448 Abbatc
437 1380 550 1448 Sancti
566 1382 696 1448 Martini
712 1381 753 1448 de
768 1383 868 1450 Sacro
885 1384 994 1448 Monte
1010 1381 1178 1447 Pannonio
1194 1381 1256 1446 stb.
1275 1381 1317 1446 ab
1345 1401 1420 1467 vna,

297 1489 374 1554 item
389 1490 504 1556 Petrus
520 1489 562 1555 de
578 1491 687 1556 Torua
705 1509 762 1573 pro
779 1491 960 1576 prescripto
977 1489 1136 1572 Magistro
1168 1485 1349 1554 Hanchonc
1381 1489 1422 1554 de

296 1593 422 1664 Ncamil
438 1597 500 1662 stb.
519 1616 628 1664 coram
646 1597 739 1664 nobis
757 1597 964 1681 constitutis;
988 1597 1155 1682 prodictus
1170 1597 1273 1664 frater
1299 1598 1422 1662 Paulus

295 1703 454 1788 quasdam
471 1706 594 1772 litteras
610 1705 835 1792 priuilegialcs
861 1705 984 1772 domini
1010 1707 1089 1772 Bclc
1121 1705 1247 1791 Quarti,
1277 1703 1418 1770 Secundi

293 1810 425 1878 Andros
439 1811 538 1898 Regio
556 1813 625 1898 filij,
641 1812 719 1880 olim
749 1813 849 1898 Regis
881 1813 1048 1898 Hungarie
1078 1815 1139 1880 sub
1169 1832 1257 1878 anno
1287 1811 1422 1878 Domini

293 1919 466 1987 millesimo
483 1919 707 1987 ducentesimo
722 1923 889 1988 tricesimo
905 1927 1011 2006 sexto,
1042 1927 1135 1988 sexto
1167 1939 1272 1986 nonas
1304 1919 1419 2004 Marcij

292 2026 466 2110 coniectas,
481 2033 625 2096 tenorem
641 2028 819 2094 litterarum
836 2027 1092 2112 priuilegialium
1107 2026 1313 2095 serenissimi
1328 2027 1420 2093 Prin·

292 2137 374 2221 cipis
390 2135 594 2204 Sanctissimi
609 2136 709 2220 Regis
726 2135 874 2203 Ladislai
900 2138 972 2204 sine
1005 2157 1092 2202 anno
1124 2141 1347 2203 emanaturum
1379 2135 1420 2202 de

291 2243 390 2311 verbo
407 2244 450 2310 ad
467 2247 601 2314 verbum
618 2245 836 2312 transumtiue
853 2245 938 2312 inse
955 2249 1160 2314 continentes
1176 2252 1209 2311 ot
1225 2241 1416 2310 confirman-

290 2361 340 2420 tes
357 2353 449 2438 nobis
465 2354 715 2422 demonstrarat.
732 2355 771 2421 In
788 2355 880 2424 cuius
889 2355 1019 2440 quidem
1031 2355 1192 2440 priuilegij
1206 2352 1303 2420 Primi
1315 2349 1416 2434 Regis

290 2461 441 2528 Ladislai
457 2463 560 2528 multa
576 2463 691 2547 predia
708 2469 742 2531 ct
757 2463 827 2530 alia
842 2463 916 2531 iura
931 2463 1011 2530 dicti
1027 2461 1217 2547 Monosterij
1249 2461 1417 2528 declaran-

289 2570 332 2636 tis
347 2579 460 2637 tenore
476 2570 561 2637 inter
577 2581 685 2639 cetera
700 2572 785 2639 hanc
810 2571 992 2640 clausulam
1024 2571 1208 2647 videramus
1238 2568 1415 2636 contineri:

290 2676 524 2744 ›Vndccimom
540 2679 688 2765 predium
705 2688 754 2747 est
769 2681 856 2766 quod
871 2689 1009 2750 vocatur
1024 2681 1121 2748 Alma
1131 2704 1172 2744 u«
1206 2680 1289 2744 Mete
1304 2681 1414 2742 autem

290 2787 368 2853 dicti
384 2787 488 2872 prcdij
505 2787 618 2854 Almas
633 2788 667 2853 in
684 2786 798 2854 eodem
814 2787 988 2874 priuilegio
1005 2809 1070 2855 non
1085 2787 1335 2854 continebantur
1352 2785 1413 2850 stb.

286 2895 348 2962 stb.
372 2897 492 2961 Datum
510 2897 544 2963 in
559 2897 751 2981 Wissegrad
779 2898 937 2982 vigesimo
968 2895 1193 2965 sccund00dic
1223 2899 1412 2962 octonarum

286 3004 361 3071 testi
379 3005 472 3072 Beati
489 3003 606 3074 Jacobi
622 3005 771 3090 Apostoli
789 2993 875 3073 anno
891 3004 1024 3073 Domini
1039 3005 1210 3072 millesimo
1237 3001 1314 3069 000
1322 2999 1412 3066 ⁰LX⁰
1537 3029 1538 3082 1

286 3121 410 3197 quarto.

289 3311 430 3374 (Ercdetie
449 3312 632 3378 borhtrtytn,
652 3327 669 3364 a
687 3313 889 3380 pannonhalmi
907 3313 1057 3380 itapttotg
1088 3310 1289 3365 levtltrlrtban.
1319 3309 1354 3363 V.
1384 3311 1409 3359 ὃ.

457 3404 693 3472 Okmtnyttrunlr
710 3408 733 3458 Ι.
753 3407 811 3458 ket.
833 3407 931 3458 361.1.
951 3406 980 3458 te
999 3407 1062 3459 VIL
1082 3406 1141 3457 leot.
1162 3409 1186 3456 9.
1206 3407 1235 3466 l)
