3080 5146
834 1045 910 1114 286.

302 1249 365 1316 IV.
382 1247 463 1316 Belo
479 1247 655 1334 ktretyeak
672 1243 759 1312 Chen
767 1244 878 1330 sordet
893 1248 1049 1330 tdryyaae
1064 1244 1251 1332 cdomdnya
1261 1270 1282 1311 a
1292 1243 1419 1331 spent

645 1351 804 1440 cenddqek
819 1355 976 1418 ezdmciru.
1000 1350 1098 1417 1255.

415 1550 496 1618 Bela
511 1548 574 1616 Dei
591 1548 705 1634 gracia
720 1547 897 1631 Hungarie,
921 1545 1101 1632 Dalmatis,
1132 1543 1301 1630 Crenacic,
1323 1550 1421 1633 Rama,

305 1655 429 1742 Seruis,
447 1653 597 1734 Callicle,
614 1651 806 1724 Lodomerie
822 1653 1045 1738 Cumanieqne
1074 1653 1143 1721 Rex
1175 1655 1337 1722 uniuersis
1363 1675 1423 1741 pre

306 1769 416 1831 sentes
431 1763 560 1830 litteras
575 1761 773 1848 inspecturis
789 1761 931 1828 salutem
949 1761 982 1826 in
999 1779 1037 1828 eo
1054 1761 1109 1846 qui
1125 1759 1270 1844 Regibus
1287 1761 1341 1829 dat
1351 1762 1423 1829 salu·
1518 1809 1519 1818 η

306 1877 381 1936 tem.
391 1867 441 1934 Ad
458 1868 683 1936 uniuersitatis
701 1875 812 1936 uestra
826 1866 984 1934 noticiam
999 1874 1110 1937 tenore
1125 1869 1329 1953 presencium
1343 1869 1425 1936 uolu·
1519 1917 1520 1920 ,

306 1995 377 2044 mus
393 1974 575 2064 peruenire,
590 1973 678 2058 quod
695 1993 765 2042 cum
794 1971 940 2060 hospites
965 1974 1067 2042 nostri
1098 1971 1139 2042 de
1169 1973 1305 2060 Seynna
1332 1973 1425 2060 eduis,
1520 1976 1521 2010 r

304 2083 490 2152 nemoribus
506 2089 539 2150 et
553 2083 658 2170 pratis
673 2081 846 2168 plurimum
863 2080 1058 2167 indigerent,
1083 2090 1116 2150 et
1132 2101 1231 2168 super
1247 2079 1425 2150 huiusmodi
1521 2092 1522 2100 ¹

306 2191 506 2262 necessitate
521 2211 583 2260 sna
598 2189 693 2258 nobis
708 2190 881 2274 sepissime
913 2188 1175 2275 supplicassent3
1207 2189 1353 2258 volentes
1381 2189 1425 2257 eis

307 2303 341 2366 in
357 2299 420 2366 bae
437 2305 532 2384 parte
545 2295 691 2382 graciam
706 2294 815 2364 faeere
831 2295 1018 2382 specialem,
1033 2295 1315 2384 perllenhardum
1330 2295 1427 2366 Coni-

305 2413 370 2474 tem
388 2407 429 2473 de
444 2425 563 2491 genere
578 2404 662 2487 Aba,
690 2409 722 2470 et
737 2404 799 2488 syl
816 2402 972 2472 Comitem
989 2405 1030 2473 de
1045 2403 1185 2492 sernia,
1202 2403 1339 2474 militem
1354 2405 1429 2472 dile·

306 2514 350 2580 cti
366 2521 399 2580 et
414 2511 521 2580 fidelis
536 2511 640 2580 nostri
656 2510 829 2596 Smaragdi
847 2510 1007 2598 Prepesiti
1031 2511 1187 2580 Albensis
1218 2512 1293 2580 aule
1325 2519 1432 2580 nostre
1525 2550 1526 2558 κ

305 2618 386 2686 Viee
401 2619 607 2706 Cancellarij,
624 2619 737 2687 fideles
753 2626 892 2705 nostros,
910 2626 942 2686 et
958 2640 1015 2708 per
1031 2617 1121 2706 ipsos
1132 2620 1278 2705 hospites
1290 2619 1430 2704 aliquam

307 2731 427 2794 terram
443 2725 560 2812 inspici
576 2726 731 2794 iussimus
748 2725 795 2794 eis
811 2733 941 2814 aptem3
956 2729 1012 2812 qui
1030 2727 1235 2812 postmodum
1245 2728 1433 2810 retuterunt,

306 2841 429 2902 terrem
444 2833 591 2902 Marcelli
607 2833 668 2920 filij
685 2833 791 2920 Moeh,
803 2833 995 2923 jobagionis
1011 2834 1120 2902 Caetri
1135 2834 1238 2904 nostri
1253 2835 1431 2923 deAbauy·

307 2961 389 3010 nara
403 2941 534 3010 nomine
550 2941 641 3010 Chen
657 2949 790 3028 propter
805 2941 870 3009 loci
886 2941 1086 3009 uicinitatem
1103 2942 1151 3008 eis
1167 2962 1239 3010 esee
1262 2943 1434 3030 plurimum

307 3057 510 3137 oportunam.
521 3049 625 3135 Super
636 3069 699 3134 quo
712 3049 777 3134 ipsi
787 3047 936 3136 hospites
946 3047 1182 3118 instantissime
1197 3051 1434 3137 supplicarunt,

306 3164 341 3226 ut
349 3160 455 3244 ipsam
472 3158 520 3225 eis
535 3158 681 3226 conferre
696 3156 876 3224 liberaliter
891 3157 1111 3241 dignaremur.
1126 3157 1196 3224 Nos
1206 3156 1315 3245 igitur,
1326 3159 1383 3243 qui
1395 3157 1437 3225 de

305 3266 523 3334 subiectorum
538 3264 745 3332 multitudine
762 3265 976 3350 gratulamur,
989 3265 1137 3333 volentes
1154 3265 1310 3334 dictorum
1326 3267 1433 3352 hospi·

309 3383 376 3441 tum
388 3379 568 3440 nostrorum
578 3391 745 3438 numerum
756 3375 970 3458 augmentari,
981 3371 1100 3439 dietam
1110 3379 1231 3440 terram
1243 3369 1345 3461 Chon,
1354 3377 1433 3443 sieut

306 3481 491 3548 nominatus
507 3480 684 3546 Marcellus
715 3479 829 3567 tenuit,
861 3478 999 3562 prefatis
1030 3479 1213 3566 hospitibus
1242 3484 1364 3552 nostrie
1395 3481 1433 3548 de

307 3591 440 3674 Seynna
456 3587 649 3654 contulimus
665 3591 824 3672 perpetuo
841 3585 1084 3672 possidendam,
1116 3588 1247 3655 eosdem
1264 3610 1321 3675 per
1348 3593 1435 3660 hien-

307 3695 441 3762 hardum
459 3701 491 3762 et
506 3695 569 3780 Fyl
586 3695 727 3762 Comites
745 3695 910 3781 predictos
926 3696 961 3762 in
976 3695 1221 3782 possessionem
1253 3697 1359 3784 ipsius
1389 3699 1433 3765 in·

309 3801 435 3870 troduci
452 3801 587 3886 pacifice
603 3801 770 3870 facientes.
793 3804 877 3870 Mete
893 3808 1003 3871 autem
1020 3803 1109 3870 illius
1124 3809 1221 3880 terre,
1253 3805 1338 3874 sicut
1356 3805 1434 3875 dieti

306 3908 506 3977 Menhardus
523 3915 554 3975 et
570 3907 632 3994 Fyl
658 3906 800 3976 Comites
831 3911 1020 3994 retulerunt,
1052 3909 1161 3975 taliter
1192 3909 1433 3998 distinguntur:

305 4016 414 4083 Prima
429 4021 517 4083 meta
532 4015 644 4101 incipit
659 4015 746 4102 apud
763 4036 861 4082 unam
877 4019 985 4102 pirum
1002 4017 1036 4085 in
1053 4037 1175 4102 magna
1191 4019 1247 4085 uia
1262 4039 1326 4104 que
1341 4018 1432 4092 uenit

307 4123 350 4190 de
367 4121 526 4211 Sceplok3
549 4123 626 4190 inde
644 4123 735 4190 uadit
750 4125 794 4191 ad
810 4125 942 4192 fluuium
974 4123 1128 4207 Scortas3
1151 4125 1271 4195 exinde
1302 4137 1432 4214 proten·

304 4231 391 4298 ditur
406 4229 450 4298 sd
467 4231 687 4317 Gunupotoha
704 4231 747 4298 ad
764 4233 914 4301 arborem
941 4253 1032 4317 egur,
1063 4219 1120 4300 nbi
1150 4239 1199 4302 est
1230 4233 1349 4304 dumus
1382 4232 1434 4320 qui

304 4340 403 4422 uulgo
435 4336 546 4406 hulsen
563 4337 699 4422 dieitur;
722 4337 797 4406 inde
813 4361 872 4426 per
888 4340 994 4426 ripam
1011 4339 1144 4408 Hernad
1162 4341 1267 4408 tendit
1284 4341 1328 4408 ad
1343 4341 1434 4410 arbo·

303 4465 371 4514 rem
388 4447 582 4531 popularem,
607 4452 724 4533 postea
749 4447 853 4514 tendit
876 4447 1108 4516 descendendo
1140 4469 1198 4536 per
1228 4449 1363 4518 Hernad
1393 4443 1434 4514 ad

302 4565 454 4640 stagnum
471 4553 618 4636 Mortua;
641 4553 761 4622 abinde
778 4554 881 4622 tendit
897 4557 940 4622 ad
956 4562 1083 4640 partem
1109 4557 1360 4626 meridionalem
1394 4551 1436 4620 ad

300 4661 466 4747 quoddam
482 4666 613 4744 pratum
630 4660 675 4728 ad
691 4661 834 4728 arborem
851 4664 1044 4749 populeam;
1072 4661 1150 4731 inde
1165 4664 1261 4732 uadit
1277 4666 1321 4734 ad
1338 4664 1432 4734 arbo·
