3208 5158
814 301 974 404 „Q
1101 297 1108 305 .

331 497 468 568 oonsilio
484 499 646 570 Baronum
662 505 854 589 nostrorum,
871 497 1076 587 supradictas
1090 496 1184 566 villas
1201 515 1275 566 oum
1289 497 1455 586 pertinen-

332 606 390 674 eiis
407 605 475 676 suis
506 605 767 676 adiudieasimus
798 607 950 693 Capitale
980 611 1167 693 memorato,
1199 605 1287 694 parti
1318 604 1459 674 adverse

330 723 522 802 perpetuum
552 716 723 785 silenoium
755 716 960 804 imponendo.
993 715 1034 782 llt
1051 715 1080 783 si
1109 734 1264 800 umquam
1281 712 1399 798 uliquis
1416 732 1458 780 ex

329 823 410 910 ipsis
442 825 494 892 vel
525 825 697 892 heredibus
728 824 874 911 ipsorum
904 822 1108 909 questionem
1148 823 1296 906 aliquam
1326 840 1460 889 movero

331 931 573 1019 acceptaverint
613 953 710 1020 super
750 933 1010 1021 possessionibus
1052 927 1257 1018 supradietis,
1289 935 1459 1016 tamquam

331 1039 607 1129 oalumpniatores
648 1043 718 1110 sine
758 1041 871 1126 aliqua
910 1041 1125 1109 excusatione
1164 1039 1270 1106 modis
1303 1038 1458 1105 omnibus

331 1149 517 1236 puniantur.
549 1152 599 1218 No
613 1151 715 1236 igitur
745 1149 839 1219 huius
857 1148 903 1218 rei
935 1149 1034 1218 series
1052 1167 1204 1234 praeessu
1220 1143 1380 1232 temporis
1396 1165 1459 1232 per

331 1257 502 1344 quospiam
518 1259 628 1327 valeat
643 1259 677 1326 in
693 1258 828 1327 dubium
842 1258 997 1346 resooari,
1014 1257 1048 1324 iu
1081 1263 1273 1344 perpetuam
1303 1251 1380 1322 huis
1405 1252 1457 1319 rei

331 1367 517 1432 memoriam
548 1373 717 1452 presentes
748 1365 876 1434 litteras
908 1365 1095 1450 supradicto
1127 1363 1280 1450 Capitulo
1296 1359 1462 1428 concessi·

330 1493 401 1540 mur
417 1473 517 1557 sigilli
532 1474 634 1542 nostri
650 1473 827 1544 munimine
845 1473 1021 1544 roboratas.
1039 1475 1159 1542 Datum
1180 1468 1344 1556 Zagrabie
1372 1489 1462 1538 anno

333 1579 466 1650 Domini
481 1581 638 1650 mcclx.
655 1603 752 1651 nono.

404 1781 565 1848 (Titulosios,
584 1783 707 1835 Menum.
725 1781 790 1834 hist.
810 1783 902 1848 Epioe.
921 1781 1116 1854 zagrsbiensis
1137 1781 1159 1832 Ι.
1180 1781 1240 1832 net.
1263 1783 1323 1834 147.
1342 1780 1373 1847 1.)

860 2718 938 2790 aab.

333 2919 418 2986 Belo
433 2921 609 2988 szlavoniae'
624 2924 812 3008 berezeqoelo
827 2925 910 3009 ae'py
925 2923 1079 3011 helysepet
1094 2925 1252 3012 tuluppam
1268 2923 1370 2990 itelete
1387 2921 1467 2992 Prr'·
1487 2885 1491 2905 Ι
1586 2901 1587 2908 ¹

401 3029 501 3096 baele
517 3053 615 3097 eomes
631 3040 764 3118 bzoepye
781 3035 811 3097 έε
827 3055 847 3097 a
863 3031 1003 3118 zaprdbi
1019 3033 1181 3119 tepralaa
1196 3034 1276 3100 kere.
1292 3031 1393 3099 1269.

440 3226 523 3294 Bela
552 3225 614 3296 Dei
645 3229 759 3312 gracia
789 3230 865 3294 Dux
896 3227 999 3298 tonius
1030 3227 1213 3313 Seleuouie,
1240 3227 1411 3296 Dalmatio
1428 3235 1465 3297 et

332 3329 631 3402 01·oaoieomuibus
648 3353 781 3421 presens
798 3339 933 3423 sriptum
949 3335 1145 3424 inspecturis
1166 3337 1304 3406 salutem
1321 3336 1356 3402 iu
1382 3357 1464 3404 vero
1583 3375 1584 3401 ι

328 3441 473 3508 salutari.
513 3442 565 3510 Aa
597 3442 819 3511 uniuersorum
862 3443 1018 3512 nebeten
1049 3445 1165 3513 harum
1196 3443 1279 3514 serie
1309 3445 1462 3514 volumus
1582 3509 1583 3541 ¹

330 3549 501 3633 pervenire
517 3575 525 3614 ε
542 3549 627 3635 quud
638 3568 710 3617 oum
726 3551 840 3620 relicta
855 3551 1011 3620 Pribialai
1027 3551 1173 3640 Comitis,
1190 3551 1321 3620 nomine
1337 3551 1462 3620 Lilium

332 3657 559 3726 assistentibus
583 3657 645 3725 sibi
673 3659 802 3742 generis
828 3659 906 3742 suis,
923 3661 1039 3745 Egidio
1055 3659 1209 3730 videlieet
1224 3661 1290 3730 filio
1308 3660 1465 3750 Berinlai,

333 3763 522 3832 Alexandro
538 3765 604 3832 filio
621 3767 735 3834 Oozme
750 3765 792 3834 de
808 3787 925 3850 genere
951 3770 1101 3855 Tyboldi,
1117 3777 1149 3836 et
1164 3773 1249 3838 Ivan
1272 3770 1340 3838 filio
1366 3767 1465 3836 Sala·
1580 3757 1581 3770 ³

334 3871 448 3955 monis,
473 3871 636 3939 traxisset
652 3893 761 3940 eoram
776 3873 870 3941 nobis
895 3876 1007 3944 fideles
1025 3885 1153 3946 nostros
1170 3877 1357 3964 Capitulum
1372 3876 1466 3945 vide·
1579 3873 1580 3890 ³

334 3977 409 4043 lieet
435 3979 664 4062 Zagrabieusis
689 3979 834 4049 Eeolesie
859 3981 892 4049 in
928 4003 1072 4071 oausam,
1105 3983 1294 4071 impetendo
1330 3983 1467 4054 eosdem
1578 4009 1579 4026 ι

334 4103 432 4170 super
458 4094 596 4170 quatuor
619 4087 705 4154 villis
721 4117 729 4158 ι
747 4091 856 4157 (lasne
872 4091 1048 4178 Superiori,
1063 4093 1219 4182 Blagusa‚
1236 4095 1331 4163 Novo
1345 4093 1467 4162 Predio

334 4193 460 4258 voeatis
475 4201 510 4259 et
525 4193 637 4261 Insula
653 4213 725 4261 eum
742 4204 837 4280 portu
852 4199 885 4266 iu
902 4201 1000 4286 Zana,
1018 4219 1100 4283 qaas
1120 4201 1244 4269 dietum
1264 4199 1466 4289 Capitulum,
1576 4255 1577 4260 ι

335 4297 418 4366 sieut
443 4297 542 4367 iidem
568 4299 788 4390 affirmabant,
814 4305 930 4376 habuit
945 4328 967 4376 a
982 4308 1220 4396 quinquaginta
1236 4311 1344 4398 annis,
1358 4309 1466 4378 tenuit

335 4404 469 4486 paoifios
484 4414 516 4472 et
540 4407 691 4494 possedit.
707 4411 853 4478 Tandem
869 4413 958 4484 diota
973 4415 1088 4484 relicta
1112 4415 1268 4487 Pribizlai
1293 4423 1326 4487 et
1350 4417 1465 4502 generi

334 4509 395 4592 sui,
412 4513 466 4592 qui
492 4516 622 4582 raeione
639 4523 761 4602 quarte,
778 4539 874 4602 quam
891 4521 1033 4590 debitam
1049 4524 1118 4592 suis
1142 4526 1301 4594 uxoribus
1316 4527 1350 4594 in
1367 4525 1465 4594 dietis

336 4613 422 4680 villis
438 4637 543 4686 eoram
560 4622 652 4692 nobis
672 4625 901 4718 venditabant,
926 4638 1058 4718 propter
1084 4633 1204 4704 bouum
1231 4635 1324 4722 pueis
1349 4636 1463 4704 huius·
