3080 5146
816 238 976 338 jue—

336 435 414 504 tutia
432 435 576 518 aliquam
593 433 715 502 eisdem
733 433 869 501 inferret
884 433 1077 516 molestiam,
1109 429 1369 518 indignacionem
1392 433 1448 500 Dei
1510 451 1511 458 ¹

340 543 590 630 omnipotentis,
606 548 639 608 et
654 545 758 610 Beate
772 541 915 628 Virginis
939 541 1041 608 Maris
1074 547 1106 608 ct
1136 546 1283 608 nostram
1312 541 1450 608 incurrat.

338 653 378 718 ut
394 651 421 718 si
439 650 550 736 alique
565 657 673 718 nostre
689 650 797 717 littere
812 648 904 735 prius
921 647 1079 733 confecto,
1103 665 1161 732 per
1175 647 1334 716 moniales
1348 667 1450 734 snpra
1511 716 1512 746 ἢ

336 759 443 828 dictas
459 764 572 826 eontra
588 759 648 826 hoe
663 763 807 825 nostrum
818 761 974 824 statutum
984 753 1317 840 fuerintpresentate,
1332 756 1447 824 nnllun

335 868 433 934 robur
451 867 610 934 firmitatis
626 867 776 935 velumus
791 865 947 932 obtinere.
971 865 1017 933 Ut
1032 870 1141 932 antem
1159 861 1221 930 hcc
1237 869 1346 932 nostre
1360 864 1450 930 donc

337 974 449 1042 cioues
466 973 562 1042 robur
577 980 731 1062 perpetue
747 973 906 1042 firmitatis
923 973 1105 1060 optineant,
1138 978 1309 1058 presentes
1334 973 1450 1038 litteras

337 1086 448 1150 nostro
463 1081 570 1166 sigillo
587 1090 619 1149 et
635 1081 737 1150 nostri
752 1080 896 1168 Capituli
912 1079 1050 1148 fecimus
1065 1079 1221 1148 roborari.
1260 1081 1377 1148 Datum
1401 1099 1451 1166 per

337 1209 452 1256 manus
466 1189 615 1274 Magistri
631 1191 719 1258 Petri
735 1187 965 1258 Archidlaconi
981 1187 1024 1256 do
1048 1187 1203 1272 Kemlulr,
1239 1208 1328 1256 anno
1343 1186 1450 1255 Grecis

339 1297 434 1365 MCC.
451 1299 701 1384 quadragesimo
717 1306 817 1367 sexto.

430 1497 735 1560 (Tkalcsies‚1rlonum.
755 1497 823 1547 hist.
842 1497 932 1561 Epiac.
953 1495 1149 1562 Zagrabiensie
1167 1495 1190 1546 1.
1210 1495 1271 1546 ket.
1292 1497 1333 1546 et.
1351 1495 1379 1557 l.)

347 2631 368 2695 l
376 2629 408 2696 V.
425 2630 505 2696 Be'lu
520 2655 542 2697 a
556 2635 705 2719 prodeozi
722 2637 833 2720 hepyet
849 2635 1084 2718 adomdayozao
1098 2656 1119 2698 o
1134 2634 1274 2718 ariprdbi
1297 2631 1456 2719 kriptoluo·

818 2745 893 2809 calc.
910 2744 1007 2812 1247.

455 2934 535 3000 Bela
549 2935 612 3003 Dei
627 2939 735 3020 gratia
750 2938 926 3026 Hungarie,
958 2939 1135 3024 Dalmatie,
1167 2938 1329 3024 Ohroetie,
1358 2937 1456 3016 sane,

346 3040 469 3128 Seruio,
489 3042 633 3127 Gallitie,
648 3044 848 3130 Lodomerie,
881 3047 1104 3130 Cumanieqne
1118 3046 1190 3112 Rex
1206 3043 1366 3113 universis
1381 3041 1458 3111 (ibri-

348 3151 389 3218 sti
406 3149 564 3234 fidelibus,
594 3152 797 3234 presencium
813 3153 970 3223 noticiam
986 3153 1159 3238 habituris,
1192 3154 1337 3220 salutem
1364 3153 1395 3218 iu
1419 3169 1459 3230 eo,

348 3258 403 3341 qui
418 3259 560 3342 Regibus
575 3259 633 3325 dat
647 3262 793 3329 salutem.
813 3262 906 3329 Oculi
923 3260 1068 3330 sedentis
1085 3262 1118 3327 in
1134 3261 1251 3328 throno
1261 3260 1363 3346 Regio
1374 3257 1459 3341 digne

348 3365 555 3436 considerare
571 3365 698 3454 debent,
717 3367 794 3452 quid
808 3371 850 3437 sit
866 3369 957 3453 utile,
975 3369 1053 3453 quid
1069 3383 1215 3457 neeesse,
1232 3370 1325 3437 euius
1340 3371 1458 3437 circum-

350 3455 478 3556 speceio
495 3475 529 3540 in
546 3495 585 3542 ea
600 3476 710 3560 pocius
725 3477 920 3561 provisionis
936 3479 1047 3562 specie
1063 3478 1255 3555 delectatur,
1289 3497 1352 3560 qne
1380 3479 1461 3540 extra

350 3577 385 3642 id
401 3581 485 3662 quod
502 3583 677 3666 reipublice
692 3585 865 3652 utilitatem
880 3587 1022 3672 respicit,
1048 3607 1130 3672 opus
1146 3585 1254 3654 eciam
1271 3583 1401 3672 pietatis
1416 3603 1460 3647 uo

351 3685 451 3752 scitur
466 3688 653 3772 importare.
692 3693 831 3760 Proinde
847 3694 890 3761 ad
907 3695 1141 3781 universorum,
1172 3701 1241 3760 tam
1273 3689 1461 3779 presencium

351 3813 449 3877 quam
465 3803 664 3880 posterorum
682 3801 835 3868 noticiam
851 3801 966 3868 harum
990 3805 1076 3870 serie
1106 3803 1257 3870 volumus
1288 3802 1462 3886 pervenire:

353 3902 440 3983 qood
477 3901 668 3972 accedentes
693 3907 736 3974 ad
766 3910 970 3992 presenciam
1001 3915 1146 3980 nostram
1177 3909 1261 3996 Fyle
1291 3906 1465 3994 Prepesitm

352 4007 595 4092 zagratieoais,
625 4013 858 4098 magistorum
874 4017 1061 4102 Propositus
1076 4017 1272 4086 Baehienois
1289 4015 1402 4084 (lomes
1415 4013 1465 4079 Ga·

355 4113 440 4196 pelle
463 4125 573 4186 nostre
603 4125 636 4186 et
667 4119 851 4190 Canonions
881 4123 1125 4210 zagrobionois
1155 4127 1259 4214 Zoym
1291 4121 1466 4211 Prepesitm

356 4220 574 4311 ebernensis,
591 4227 706 4296 Petrus
723 4231 843 4298 Cantor
859 4231 1122 4304 Archidiaconus
1139 4233 1383 4319 Zagrabiensis‚
1411 4227 1466 4312 My·

347 4331 449 4418 chael
465 4331 580 4400 Lector
595 4341 626 4402 et
640 4337 813 4404 Ledislaus
829 4339 981 4406 Decanus
1006 4339 1252 4428 Zagrabiensis,
1283 4343 1398 4408 Petrus
1420 4337 1466 4402 Gu-

358 4438 543 4506 maricensia
560 4448 591 4507 et
606 4443 717 4510 Petrus
732 4443 774 4511 de
789 4446 932 4515 Kemluk
948 4448 1192 4532 Archidiaooni,
1206 4454 1240 4516 et
1255 4448 1314 4516 alii
1329 4449 1370 4516 de
1386 4441 1468 4530 (lapi-

357 4545 424 4614 tulo
441 4545 651 4628 Zagrabieusi
667 4551 796 4624 nomine
811 4573 850 4620 ae
867 4555 945 4624 Viee
960 4555 1113 4642 Capituli,
1129 4555 1224 4624 nobis
1233 4556 1398 4626 humiliter
1406 4569 1467 4635 sup·
