<?xml version="1.0" encoding="UTF-8"?>
<!DOCTYPE html PUBLIC "-//W3C//DTD XHTML 1.0 Transitional//EN"
    "http://www.w3.org/TR/xhtml1/DTD/xhtml1-transitional.dtd">
<html xmlns="http://www.w3.org/1999/xhtml" xml:lang="en" lang="en">
 <head>
  <title>
</title>
<meta http-equiv="Content-Type" content="text/html;charset=utf-8" />
  <meta name='ocr-system' content='tesseract 3.04.00' />
  <meta name='ocr-capabilities' content='ocr_page ocr_carea ocr_par ocr_line ocrx_word'/>
</head>
<body>
  <div class='ocr_page' id='page_1' title='image "./codexdiplomatic10wenzgoog_0215.png"; bbox 0 0 3098 5132; ppageno 0'>
   <div class='ocr_carea' id='block_1_1' title="bbox 840 269 998 368">
    <p class='ocr_par' dir='ltr' id='par_1_1' title="bbox 840 269 998 368">
     <span class='ocr_line' id='line_1_1' title="bbox 840 269 998 368; baseline 0.013 -2"><span class='ocrx_word' id='word_1_1' title='bbox 840 269 998 368; x_wconf 50' lang='lat' dir='ltr'><strong>mm„</strong></span> 
     </span>
    </p>
   </div>
   <div class='ocr_carea' id='block_1_2' title="bbox 288 463 1546 2169">
    <p class='ocr_par' dir='ltr' id='par_1_2' title="bbox 288 463 1546 2169">
     <span class='ocr_line' id='line_1_2' title="bbox 354 463 1546 560; baseline -0.003 -27"><span class='ocrx_word' id='word_1_2' title='bbox 354 487 440 552; x_wconf 86' lang='lat' dir='ltr'><strong>pape</strong></span> <span class='ocrx_word' id='word_1_3' title='bbox 457 485 573 550; x_wconf 85' lang='lat' dir='ltr'><strong>gerens</strong></span> <span class='ocrx_word' id='word_1_4' title='bbox 590 463 837 532; x_wconf 85' lang='lat' dir='ltr'><strong>Bartholcmcus</strong></span> <span class='ocrx_word' id='word_1_5' title='bbox 863 464 1073 532; x_wconf 74' lang='lat' dir='ltr'><strong>hereticorum</strong></span> <span class='ocrx_word' id='word_1_6' title='bbox 1101 463 1290 552; x_wconf 74' lang='lat' dir='ltr'>Episcopus,</span> <span class='ocrx_word' id='word_1_7' title='bbox 1317 463 1486 532; x_wconf 77' lang='lat' dir='ltr'><strong>funestam</strong></span> <span class='ocrx_word' id='word_1_8' title='bbox 1545 489 1546 560; x_wconf 48' lang='lat'>3</span> 
     </span>
     <span class='ocr_line' id='line_1_3' title="bbox 354 571 1486 658; baseline -0.003 -18"><span class='ocrx_word' id='word_1_9' title='bbox 354 574 386 640; x_wconf 91' lang='lat' dir='ltr'><strong>ei</strong></span> <span class='ocrx_word' id='word_1_10' title='bbox 401 575 584 641; x_wconf 85' lang='lat' dir='ltr'><strong>exhibendo</strong></span> <span class='ocrx_word' id='word_1_11' title='bbox 599 575 823 658; x_wconf 57' lang='lat' dir='ltr'><strong>reuerentiam,</strong></span> <span class='ocrx_word' id='word_1_12' title='bbox 840 571 952 638; x_wconf 87' lang='lat' dir='ltr'><strong>sedem</strong></span> <span class='ocrx_word' id='word_1_13' title='bbox 968 580 1001 638; x_wconf 87' lang='lat' dir='ltr'><strong>et</strong></span> <span class='ocrx_word' id='word_1_14' title='bbox 1018 575 1124 640; x_wconf 91' lang='lat' dir='ltr'><strong>locum</strong></span> <span class='ocrx_word' id='word_1_15' title='bbox 1149 573 1309 641; x_wconf 87' lang='lat' dir='ltr'><strong>concessit</strong></span> <span class='ocrx_word' id='word_1_16' title='bbox 1333 575 1366 639; x_wconf 92' lang='lat' dir='ltr'><strong>in</strong></span> <span class='ocrx_word' id='word_1_17' title='bbox 1398 571 1486 658; x_wconf 80' lang='lat' dir='ltr'><strong>uilla,</strong></span> 
     </span>
     <span class='ocr_line' id='line_1_4' title="bbox 352 679 1546 768; baseline -0.001 -20"><span class='ocrx_word' id='word_1_18' title='bbox 352 702 414 766; x_wconf 83' lang='lat' dir='ltr'><strong>que</strong></span> <span class='ocrx_word' id='word_1_19' title='bbox 430 680 544 748; x_wconf 88' lang='lat' dir='ltr'><strong>Porlcs</strong></span> <span class='ocrx_word' id='word_1_20' title='bbox 561 679 757 766; x_wconf 84' lang='lat' dir='ltr'><strong>appellatur,</strong></span> <span class='ocrx_word' id='word_1_21' title='bbox 778 685 861 746; x_wconf 89' lang='lat' dir='ltr'><strong>etse</strong></span> <span class='ocrx_word' id='word_1_22' title='bbox 878 681 983 765; x_wconf 92' lang='lat' dir='ltr'><strong>ipsum</strong></span> <span class='ocrx_word' id='word_1_23' title='bbox 1002 681 1168 748; x_wconf 81' lang='lat' dir='ltr'><strong>transtulit</strong></span> <span class='ocrx_word' id='word_1_24' title='bbox 1194 683 1227 746; x_wconf 96' lang='lat' dir='ltr'><strong>in</strong></span> <span class='ocrx_word' id='word_1_25' title='bbox 1252 688 1364 766; x_wconf 84' lang='lat' dir='ltr'><strong>partes</strong></span> <span class='ocrx_word' id='word_1_26' title='bbox 1392 681 1487 747; x_wconf 81' lang='lat' dir='ltr'><strong>Tolo-</strong></span> <span class='ocrx_word' id='word_1_27' title='bbox 1545 757 1546 768; x_wconf 20' lang='lat'>2</span> 
     </span>
     <span class='ocr_line' id='line_1_5' title="bbox 352 786 1546 873; baseline -0.003 -16"><span class='ocrx_word' id='word_1_28' title='bbox 352 811 454 858; x_wconf 81' lang='lat' dir='ltr'><strong>sanas</strong></span> <span class='ocrx_word' id='word_1_29' title='bbox 469 797 529 856; x_wconf 87' lang='lat' dir='ltr'><strong>etc.</strong></span> <span class='ocrx_word' id='word_1_30' title='bbox 555 789 624 858; x_wconf 88' lang='lat' dir='ltr'><strong>Iste</strong></span> <span class='ocrx_word' id='word_1_31' title='bbox 640 786 887 856; x_wconf 82' lang='lat' dir='ltr'><strong>Bartholomeue</strong></span> <span class='ocrx_word' id='word_1_32' title='bbox 904 787 937 854; x_wconf 94' lang='lat' dir='ltr'><strong>in</strong></span> <span class='ocrx_word' id='word_1_33' title='bbox 965 789 1143 856; x_wconf 86' lang='lat' dir='ltr'><strong>litterarum</strong></span> <span class='ocrx_word' id='word_1_34' title='bbox 1176 809 1308 856; x_wconf 86' lang='lat' dir='ltr'><strong>suarum</strong></span> <span class='ocrx_word' id='word_1_35' title='bbox 1339 789 1486 873; x_wconf 88' lang='lat' dir='ltr'><strong>undique</strong></span> <span class='ocrx_word' id='word_1_36' title='bbox 1545 827 1546 844; x_wconf 63' lang='lat'>2</span> 
     </span>
     <span class='ocr_line' id='line_1_6' title="bbox 353 895 1546 982; baseline -0.003 -17"><span class='ocrx_word' id='word_1_37' title='bbox 353 897 607 966; x_wconf 75' lang='lat' dir='ltr'><strong>discurrentium</strong></span> <span class='ocrx_word' id='word_1_38' title='bbox 623 902 745 978; x_wconf 87' lang='lat' dir='ltr'><strong>tenore,</strong></span> <span class='ocrx_word' id='word_1_39' title='bbox 762 917 798 964; x_wconf 91' lang='lat' dir='ltr'><strong>se</strong></span> <span class='ocrx_word' id='word_1_40' title='bbox 814 898 847 963; x_wconf 93' lang='lat' dir='ltr'><strong>in</strong></span> <span class='ocrx_word' id='word_1_41' title='bbox 864 896 968 980; x_wconf 91' lang='lat' dir='ltr'><strong>primo</strong></span> <span class='ocrx_word' id='word_1_42' title='bbox 984 895 1188 964; x_wconf 81' lang='lat' dir='ltr'><strong>salutationis</strong></span> <span class='ocrx_word' id='word_1_43' title='bbox 1198 897 1338 982; x_wconf 81' lang='lat' dir='ltr'><strong>elloquio</strong></span> <span class='ocrx_word' id='word_1_44' title='bbox 1350 897 1485 963; x_wconf 85' lang='lat' dir='ltr'><strong>intuitu·</strong></span> <span class='ocrx_word' id='word_1_45' title='bbox 1545 899 1546 950; x_wconf 74' lang='grc' dir='ltr'><strong>ἓ</strong></span> 
     </span>
     <span class='ocr_line' id='line_1_7' title="bbox 354 991 1485 1073; baseline -0.003 0"><span class='ocrx_word' id='word_1_46' title='bbox 354 1009 401 1073; x_wconf 87' lang='lat' dir='ltr'><strong>lat</strong></span> <span class='ocrx_word' id='word_1_47' title='bbox 418 1007 452 1072; x_wconf 95' lang='lat' dir='ltr'><strong>in</strong></span> <span class='ocrx_word' id='word_1_48' title='bbox 462 991 553 1072; x_wconf 76' lang='lat' dir='ltr'><strong>&#39;hunc</strong></span> <span class='ocrx_word' id='word_1_49' title='bbox 569 1004 698 1072; x_wconf 90' lang='lat' dir='ltr'><strong>modum</strong></span> <span class='ocrx_word' id='word_1_50' title='bbox 716 1030 723 1070; x_wconf 92' lang='lat'><strong>:</strong></span> <span class='ocrx_word' id='word_1_51' title='bbox 744 1004 1011 1072; x_wconf 80' lang='lat' dir='ltr'><strong>›Bartholomeus</strong></span> <span class='ocrx_word' id='word_1_52' title='bbox 1038 1025 1151 1073; x_wconf 81' lang='lat' dir='ltr'><strong>seruus</strong></span> <span class='ocrx_word' id='word_1_53' title='bbox 1176 1023 1340 1072; x_wconf 83' lang='lat' dir='ltr'><strong>seruorum</strong></span> <span class='ocrx_word' id='word_1_54' title='bbox 1368 1011 1485 1070; x_wconf 85' lang='lat' dir='ltr'><strong>sancte</strong></span> 
     </span>
     <span class='ocr_line' id='line_1_8' title="bbox 352 1112 1484 1197; baseline -0.004 -18"><span class='ocrx_word' id='word_1_55' title='bbox 352 1113 427 1179; x_wconf 87' lang='lat' dir='ltr'><strong>fidei</strong></span> <span class='ocrx_word' id='word_1_56' title='bbox 444 1112 504 1180; x_wconf 84' lang='lat' dir='ltr'><strong>tali</strong></span> <span class='ocrx_word' id='word_1_57' title='bbox 519 1113 691 1180; x_wconf 78' lang='lat' dir='ltr'><strong>salutem«</strong></span> <span class='ocrx_word' id='word_1_58' title='bbox 717 1115 795 1197; x_wconf 90' lang='lat' dir='ltr'><strong>Ipse</strong></span> <span class='ocrx_word' id='word_1_59' title='bbox 811 1113 909 1178; x_wconf 89' lang='lat' dir='ltr'><strong>etiam</strong></span> <span class='ocrx_word' id='word_1_60' title='bbox 924 1112 1010 1180; x_wconf 89' lang='lat' dir='ltr'><strong>inter</strong></span> <span class='ocrx_word' id='word_1_61' title='bbox 1033 1112 1118 1180; x_wconf 84' lang='lat' dir='ltr'><strong>alias</strong></span> <span class='ocrx_word' id='word_1_62' title='bbox 1150 1112 1360 1180; x_wconf 82' lang='lat' dir='ltr'><strong>enormitates</strong></span> <span class='ocrx_word' id='word_1_63' title='bbox 1395 1119 1484 1178; x_wconf 82' lang='lat' dir='ltr'><strong>creat</strong></span> 
     </span>
     <span class='ocr_line' id='line_1_9' title="bbox 355 1218 1485 1308; baseline -0.003 -21"><span class='ocrx_word' id='word_1_64' title='bbox 355 1221 547 1308; x_wconf 80' lang='lat' dir='ltr'><strong>Episcopus,</strong></span> <span class='ocrx_word' id='word_1_65' title='bbox 566 1228 598 1288; x_wconf 91' lang='lat' dir='ltr'><strong>et</strong></span> <span class='ocrx_word' id='word_1_66' title='bbox 613 1222 779 1288; x_wconf 78' lang='lat' dir='ltr'><strong>Ecclesiae</strong></span> <span class='ocrx_word' id='word_1_67' title='bbox 795 1218 915 1306; x_wconf 89' lang='lat' dir='ltr'><strong>perfide</strong></span> <span class='ocrx_word' id='word_1_68' title='bbox 931 1221 1078 1288; x_wconf 86' lang='lat' dir='ltr'><strong>ordinare</strong></span> <span class='ocrx_word' id='word_1_69' title='bbox 1105 1220 1281 1288; x_wconf 86' lang='lat' dir='ltr'><strong>contendit.</strong></span> <span class='ocrx_word' id='word_1_70' title='bbox 1315 1221 1485 1304; x_wconf 85' lang='lat' dir='ltr'><strong>Rogamus</strong></span> 
     </span>
     <span class='ocr_line' id='line_1_10' title="bbox 354 1326 1485 1415; baseline -0.003 -21"><span class='ocrx_word' id='word_1_71' title='bbox 354 1330 454 1413; x_wconf 76' lang='lat' dir='ltr'><strong>igitur</strong></span> <span class='ocrx_word' id='word_1_72' title='bbox 471 1330 637 1414; x_wconf 87' lang='lat' dir='ltr'><strong>attentius,</strong></span> <span class='ocrx_word' id='word_1_73' title='bbox 658 1335 690 1394; x_wconf 91' lang='lat' dir='ltr'><strong>et</strong></span> <span class='ocrx_word' id='word_1_74' title='bbox 706 1349 765 1413; x_wconf 91' lang='lat' dir='ltr'><strong>per</strong></span> <span class='ocrx_word' id='word_1_75' title='bbox 781 1329 1002 1415; x_wconf 82' lang='lat' dir='ltr'><strong>aspersionem</strong></span> <span class='ocrx_word' id='word_1_76' title='bbox 1020 1328 1188 1414; x_wconf 87' lang='lat' dir='ltr'><strong>sanguinis</strong></span> <span class='ocrx_word' id='word_1_77' title='bbox 1206 1328 1285 1396; x_wconf 83' lang='lat' dir='ltr'><strong>lesu</strong></span> <span class='ocrx_word' id='word_1_78' title='bbox 1302 1326 1437 1412; x_wconf 81' lang='lat' dir='ltr'><strong>Christi,</strong></span> <span class='ocrx_word' id='word_1_79' title='bbox 1453 1335 1485 1394; x_wconf 90' lang='lat' dir='ltr'><strong>et</strong></span> 
     </span>
     <span class='ocr_line' id='line_1_11' title="bbox 351 1434 1484 1524; baseline -0.004 -22"><span class='ocrx_word' id='word_1_80' title='bbox 351 1438 546 1524; x_wconf 87' lang='lat' dir='ltr'><strong>propensius</strong></span> <span class='ocrx_word' id='word_1_81' title='bbox 563 1437 768 1505; x_wconf 85' lang='lat' dir='ltr'><strong>obsecramus</strong></span> <span class='ocrx_word' id='word_1_82' title='bbox 785 1437 978 1504; x_wconf 86' lang='lat' dir='ltr'><strong>anctoritate</strong></span> <span class='ocrx_word' id='word_1_83' title='bbox 995 1437 1117 1503; x_wconf 88' lang='lat' dir='ltr'><strong>demini</strong></span> <span class='ocrx_word' id='word_1_84' title='bbox 1133 1437 1223 1522; x_wconf 88' lang='lat' dir='ltr'><strong>Pape</strong></span> <span class='ocrx_word' id='word_1_85' title='bbox 1238 1457 1304 1520; x_wconf 85' lang='lat' dir='ltr'><strong>qua</strong></span> <span class='ocrx_word' id='word_1_86' title='bbox 1314 1434 1484 1520; x_wconf 84' lang='lat' dir='ltr'><strong>fungimur</strong></span> 
     </span>
     <span class='ocr_line' id='line_1_12' title="bbox 351 1543 1483 1631; baseline -0.004 -19"><span class='ocrx_word' id='word_1_87' title='bbox 351 1547 387 1612; x_wconf 91' lang='lat' dir='ltr'><strong>in</strong></span> <span class='ocrx_word' id='word_1_88' title='bbox 402 1546 465 1612; x_wconf 84' lang='lat' dir='ltr'><strong>hac</strong></span> <span class='ocrx_word' id='word_1_89' title='bbox 481 1552 575 1629; x_wconf 87' lang='lat' dir='ltr'><strong>parte</strong></span> <span class='ocrx_word' id='word_1_90' title='bbox 591 1545 735 1612; x_wconf 89' lang='lat' dir='ltr'><strong>districte</strong></span> <span class='ocrx_word' id='word_1_91' title='bbox 751 1545 978 1631; x_wconf 88' lang='lat' dir='ltr'><strong>precipientes,</strong></span> <span class='ocrx_word' id='word_1_92' title='bbox 995 1552 1156 1630; x_wconf 86' lang='lat' dir='ltr'><strong>quatenus</strong></span> <span class='ocrx_word' id='word_1_93' title='bbox 1171 1543 1312 1612; x_wconf 87' lang='lat' dir='ltr'><strong>veniatis</strong></span> <span class='ocrx_word' id='word_1_94' title='bbox 1339 1543 1483 1610; x_wconf 87' lang='lat' dir='ltr'><strong>Senonis</strong></span> 
     </span>
     <span class='ocr_line' id='line_1_13' title="bbox 351 1649 1484 1738; baseline -0.004 -19"><span class='ocrx_word' id='word_1_95' title='bbox 351 1654 385 1719; x_wconf 94' lang='lat' dir='ltr'><strong>in</strong></span> <span class='ocrx_word' id='word_1_96' title='bbox 403 1655 526 1720; x_wconf 83' lang='lat' dir='ltr'><strong>octaris</strong></span> <span class='ocrx_word' id='word_1_97' title='bbox 541 1652 767 1738; x_wconf 86' lang='lat' dir='ltr'><strong>Apostolorum</strong></span> <span class='ocrx_word' id='word_1_98' title='bbox 783 1653 871 1718; x_wconf 89' lang='lat' dir='ltr'><strong>Petri</strong></span> <span class='ocrx_word' id='word_1_99' title='bbox 888 1659 920 1718; x_wconf 93' lang='lat' dir='ltr'><strong>et</strong></span> <span class='ocrx_word' id='word_1_100' title='bbox 935 1653 1028 1718; x_wconf 89' lang='lat' dir='ltr'><strong>Pauli</strong></span> <span class='ocrx_word' id='word_1_101' title='bbox 1046 1652 1195 1738; x_wconf 87' lang='lat' dir='ltr'><strong>proxime</strong></span> <span class='ocrx_word' id='word_1_102' title='bbox 1211 1649 1336 1718; x_wconf 84' lang='lat' dir='ltr'><strong>futuris.</strong></span> <span class='ocrx_word' id='word_1_103' title='bbox 1360 1651 1427 1716; x_wconf 86' lang='lat' dir='ltr'><strong>Vbi</strong></span> <span class='ocrx_word' id='word_1_104' title='bbox 1454 1658 1484 1716; x_wconf 89' lang='lat' dir='ltr'><strong>et</strong></span> 
     </span>
     <span class='ocr_line' id='line_1_14' title="bbox 352 1757 1546 1844; baseline -0.006 -16"><span class='ocrx_word' id='word_1_105' title='bbox 352 1761 413 1828; x_wconf 85' lang='lat' dir='ltr'><strong>alii</strong></span> <span class='ocrx_word' id='word_1_106' title='bbox 430 1760 552 1828; x_wconf 83' lang='lat' dir='ltr'><strong>Prolati</strong></span> <span class='ocrx_word' id='word_1_107' title='bbox 568 1759 707 1826; x_wconf 79' lang='lat' dir='ltr'><strong>Francis</strong></span> <span class='ocrx_word' id='word_1_108' title='bbox 731 1757 859 1826; x_wconf 84' lang='lat' dir='ltr'><strong>favente</strong></span> <span class='ocrx_word' id='word_1_109' title='bbox 885 1759 1024 1825; x_wconf 92' lang='lat' dir='ltr'><strong>Domino</strong></span> <span class='ocrx_word' id='word_1_110' title='bbox 1049 1759 1348 1844; x_wconf 83' lang='lat' dir='ltr'><strong>congregabuntnr;</strong></span> <span class='ocrx_word' id='word_1_111' title='bbox 1374 1759 1482 1844; x_wconf 85' lang='lat' dir='ltr'><strong>parati</strong></span> <span class='ocrx_word' id='word_1_112' title='bbox 1545 1773 1546 1778; x_wconf 72' lang='grc'>’</span> 
     </span>
     <span class='ocr_line' id='line_1_15' title="bbox 352 1865 1478 1952; baseline -0.004 -17"><span class='ocrx_word' id='word_1_113' title='bbox 352 1869 525 1937; x_wconf 91' lang='lat' dir='ltr'><strong>consilium</strong></span> <span class='ocrx_word' id='word_1_114' title='bbox 540 1870 619 1935; x_wconf 86' lang='lat' dir='ltr'><strong>dare</strong></span> <span class='ocrx_word' id='word_1_115' title='bbox 636 1870 669 1935; x_wconf 93' lang='lat' dir='ltr'><strong>in</strong></span> <span class='ocrx_word' id='word_1_116' title='bbox 685 1869 815 1950; x_wconf 78' lang='lat' dir='ltr'><strong>negotio</strong></span> <span class='ocrx_word' id='word_1_117' title='bbox 831 1867 987 1952; x_wconf 85' lang='lat' dir='ltr'><strong>predicto,</strong></span> <span class='ocrx_word' id='word_1_118' title='bbox 1006 1874 1037 1933; x_wconf 89' lang='lat' dir='ltr'><strong>et</strong></span> <span class='ocrx_word' id='word_1_119' title='bbox 1063 1887 1135 1933; x_wconf 87' lang='lat' dir='ltr'><strong>cnm</strong></span> <span class='ocrx_word' id='word_1_120' title='bbox 1163 1867 1237 1934; x_wconf 87' lang='lat' dir='ltr'><strong>aliis</strong></span> <span class='ocrx_word' id='word_1_121' title='bbox 1269 1866 1324 1950; x_wconf 86' lang='lat' dir='ltr'><strong>qui</strong></span> <span class='ocrx_word' id='word_1_122' title='bbox 1355 1865 1478 1932; x_wconf 87' lang='lat' dir='ltr'><strong>ibidem</strong></span> 
     </span>
     <span class='ocr_line' id='line_1_16' title="bbox 351 1974 1546 2064; baseline -0.007 -18"><span class='ocrx_word' id='word_1_123' title='bbox 351 1979 500 2064; x_wconf 84' lang='lat' dir='ltr'><strong>aderunt,</strong></span> <span class='ocrx_word' id='word_1_124' title='bbox 517 1977 688 2063; x_wconf 89' lang='lat' dir='ltr'><strong>providere</strong></span> <span class='ocrx_word' id='word_1_125' title='bbox 705 1997 801 2063; x_wconf 89' lang='lat' dir='ltr'><strong>super</strong></span> <span class='ocrx_word' id='word_1_126' title='bbox 816 1977 946 2062; x_wconf 86' lang='lat' dir='ltr'><strong>negotio</strong></span> <span class='ocrx_word' id='word_1_127' title='bbox 963 1975 1141 2058; x_wconf 82' lang='lat' dir='ltr'><strong>Albigensi.</strong></span> <span class='ocrx_word' id='word_1_128' title='bbox 1181 1975 1337 2056; x_wconf 85' lang='lat' dir='ltr'><strong>Alioquin</strong></span> <span class='ocrx_word' id='word_1_129' title='bbox 1362 1974 1474 2040; x_wconf 91' lang='lat' dir='ltr'><strong>inobe-</strong></span> <span class='ocrx_word' id='word_1_130' title='bbox 1545 2003 1546 2008; x_wconf 39' lang='lat'>1</span> 
     </span>
     <span class='ocr_line' id='line_1_17' title="bbox 288 2081 1482 2169; baseline -0.005 -15"><span class='ocrx_word' id='word_1_131' title='bbox 288 2157 294 2165; x_wconf 79' lang='grc'>,</span> <span class='ocrx_word' id='word_1_132' title='bbox 351 2087 509 2154; x_wconf 87' lang='lat' dir='ltr'><strong>dientiam</strong></span> <span class='ocrx_word' id='word_1_133' title='bbox 527 2091 668 2150; x_wconf 87' lang='lat' dir='ltr'><strong>vestram</strong></span> <span class='ocrx_word' id='word_1_134' title='bbox 686 2082 815 2150; x_wconf 89' lang='lat' dir='ltr'><strong>domino</strong></span> <span class='ocrx_word' id='word_1_135' title='bbox 832 2081 922 2169; x_wconf 86' lang='lat' dir='ltr'><strong>Pape</strong></span> <span class='ocrx_word' id='word_1_136' title='bbox 951 2083 1134 2150; x_wconf 89' lang='lat' dir='ltr'><strong>curabimus</strong></span> <span class='ocrx_word' id='word_1_137' title='bbox 1160 2081 1348 2166; x_wconf 80' lang='lat' dir='ltr'><strong>significari.</strong></span> <span class='ocrx_word' id='word_1_138' title='bbox 1391 2084 1482 2148; x_wconf 83' lang='lat' dir='ltr'><strong>Data</strong></span> 
     </span>
    </p>
   </div>
   <div class='ocr_carea' id='block_1_3' title="bbox 351 2189 996 2280">
    <p class='ocr_par' dir='ltr' id='par_1_3' title="bbox 351 2189 996 2280">
     <span class='ocr_line' id='line_1_18' title="bbox 351 2189 996 2280; baseline -0.012 -16"><span class='ocrx_word' id='word_1_139' title='bbox 351 2195 502 2264; x_wconf 87' lang='lat' dir='ltr'><strong>Planium</strong></span> <span class='ocrx_word' id='word_1_140' title='bbox 527 2199 618 2262; x_wconf 85' lang='lat' dir='ltr'><strong>sexto</strong></span> <span class='ocrx_word' id='word_1_141' title='bbox 636 2213 740 2261; x_wconf 74' lang='lat' dir='ltr'><strong>ncne·</strong></span> <span class='ocrx_word' id='word_1_142' title='bbox 756 2193 837 2260; x_wconf 87' lang='lat' dir='ltr'><strong>Julii</strong></span> <span class='ocrx_word' id='word_1_143' title='bbox 854 2189 996 2280; x_wconf 58' lang='lat'>(1223).</span> 
     </span>
    </p>
   </div>
   <div class='ocr_carea' id='block_1_4' title="bbox 353 2389 1482 2543">
    <p class='ocr_par' dir='ltr' id='par_1_4' title="bbox 353 2389 1482 2543">
     <span class='ocr_line' id='line_1_19' title="bbox 353 2389 1482 2457; baseline -0.006 -12"><span class='ocrx_word' id='word_1_144' title='bbox 353 2396 502 2456; x_wconf 79' lang='lat' dir='ltr'><strong>(Matthaei</strong></span> <span class='ocrx_word' id='word_1_145' title='bbox 522 2394 609 2444; x_wconf 84' lang='lat' dir='ltr'><strong>Paris.</strong></span> <span class='ocrx_word' id='word_1_146' title='bbox 628 2393 755 2444; x_wconf 81' lang='lat' dir='ltr'><strong>Historia</strong></span> <span class='ocrx_word' id='word_1_147' title='bbox 774 2391 894 2457; x_wconf 78' lang='lat' dir='ltr'><strong>Angliue</strong></span> <span class='ocrx_word' id='word_1_148' title='bbox 912 2391 1004 2442; x_wconf 81' lang='lat' dir='ltr'><strong>Maior</strong></span> <span class='ocrx_word' id='word_1_149' title='bbox 1031 2391 1072 2441; x_wconf 91' lang='lat' dir='ltr'><strong>ed.</strong></span> <span class='ocrx_word' id='word_1_150' title='bbox 1094 2392 1185 2442; x_wconf 79' lang='lat' dir='ltr'><strong>Wstts</strong></span> <span class='ocrx_word' id='word_1_151' title='bbox 1213 2389 1329 2441; x_wconf 84' lang='lat' dir='ltr'><strong>Vilmos.</strong></span> <span class='ocrx_word' id='word_1_152' title='bbox 1349 2389 1482 2450; x_wconf 83' lang='lat' dir='ltr'><strong>London,</strong></span> 
     </span>
     <span class='ocr_line' id='line_1_20' title="bbox 814 2481 1019 2543; baseline -0.01 -11"><span class='ocrx_word' id='word_1_153' title='bbox 814 2485 889 2532; x_wconf 73' lang='lat' dir='ltr'><strong>rese.</strong></span> <span class='ocrx_word' id='word_1_154' title='bbox 910 2484 969 2530; x_wconf 81' lang='lat' dir='ltr'><strong>aar.</strong></span> <span class='ocrx_word' id='word_1_155' title='bbox 989 2481 1019 2543; x_wconf 87' lang='lat'><strong>1.)</strong></span> 
     </span>
    </p>
   </div>
   <div class='ocr_carea' id='block_1_5' title="bbox 785 2751 1050 2760">
    <p class='ocr_par' dir='ltr' id='par_1_5' title="bbox 785 2751 1050 2760">
     <span class='ocr_line' id='line_1_21' title="bbox 785 2751 1050 2760; baseline 0 -2"><span class='ocrx_word' id='word_1_156' title='bbox 785 2751 1050 2760; x_wconf 54' lang='grc' dir='ltr'><strong>μ</strong></span> 
     </span>
    </p>
   </div>
   <div class='ocr_carea' id='block_1_6' title="bbox 882 3195 957 3264">
    <p class='ocr_par' dir='ltr' id='par_1_6' title="bbox 882 3195 957 3264">
     <span class='ocr_line' id='line_1_22' title="bbox 882 3195 957 3264; baseline -0.027 -2"><span class='ocrx_word' id='word_1_157' title='bbox 882 3195 957 3264; x_wconf 81' lang='lat'>114.</span> 
     </span>
    </p>
   </div>
   <div class='ocr_carea' id='block_1_7' title="bbox 350 3391 1484 3588">
    <p class='ocr_par' dir='ltr' id='par_1_7' title="bbox 350 3391 1484 3588">
     <span class='ocr_line' id='line_1_23' title="bbox 350 3391 1484 3480; baseline -0.001 -21"><span class='ocrx_word' id='word_1_158' title='bbox 350 3397 397 3460; x_wconf 90' lang='lat' dir='ltr'><strong>II.</strong></span> <span class='ocrx_word' id='word_1_159' title='bbox 415 3395 524 3460; x_wconf 78' lang='lat' dir='ltr'><strong>Eudae</strong></span> <span class='ocrx_word' id='word_1_160' title='bbox 541 3391 719 3478; x_wconf 76' lang='lat' dir='ltr'><strong>ltirdlyncle</strong></span> <span class='ocrx_word' id='word_1_161' title='bbox 734 3392 820 3458; x_wconf 87' lang='lat' dir='ltr'><strong>Zoac</strong></span> <span class='ocrx_word' id='word_1_162' title='bbox 836 3391 939 3457; x_wconf 64' lang='lat' dir='ltr'><strong>tir-tot</strong></span> <span class='ocrx_word' id='word_1_163' title='bbox 954 3391 1176 3458; x_wconf 80' lang='lat' dir='ltr'><strong>uiceaceddsu&#39;t</strong></span> <span class='ocrx_word' id='word_1_164' title='bbox 1191 3396 1347 3480; x_wconf 74' lang='lat' dir='ltr'><strong>tdrqycad</strong></span> <span class='ocrx_word' id='word_1_165' title='bbox 1373 3393 1484 3458; x_wconf 74' lang='lat' dir='ltr'><strong>clamd-</strong></span> 
     </span>
     <span class='ocr_line' id='line_1_24' title="bbox 439 3499 1392 3588; baseline 0.001 -24"><span class='ocrx_word' id='word_1_166' title='bbox 439 3525 503 3587; x_wconf 74' lang='lat' dir='ltr'><strong>nya</strong></span> <span class='ocrx_word' id='word_1_167' title='bbox 518 3523 540 3566; x_wconf 84' lang='lat' dir='ltr'><strong>a</strong></span> <span class='ocrx_word' id='word_1_168' title='bbox 559 3501 778 3588; x_wconf 72' lang='lat' dir='ltr'><strong>Boldcpadqos</strong></span> <span class='ocrx_word' id='word_1_169' title='bbox 795 3499 940 3586; x_wconf 80' lang='lat' dir='ltr'><strong>Assaony</strong></span> <span class='ocrx_word' id='word_1_170' title='bbox 957 3501 1100 3588; x_wconf 74' lang='lat' dir='ltr'><strong>epybdau</strong></span> <span class='ocrx_word' id='word_1_171' title='bbox 1116 3505 1273 3568; x_wconf 76' lang='lat' dir='ltr'><strong>ezdmdrc.</strong></span> <span class='ocrx_word' id='word_1_172' title='bbox 1291 3502 1392 3568; x_wconf 78' lang='lat'><strong><em>1224.</em></strong></span> 
     </span>
    </p>
   </div>
   <div class='ocr_carea' id='block_1_8' title="bbox 347 3695 1546 4654">
    <p class='ocr_par' dir='ltr' id='par_1_8' title="bbox 347 3695 1546 4654">
     <span class='ocr_line' id='line_1_25' title="bbox 459 3695 1483 3766; baseline 0.002 -4"><span class='ocrx_word' id='word_1_173' title='bbox 459 3695 497 3762; x_wconf 94' lang='lat' dir='ltr'><strong>In</strong></span> <span class='ocrx_word' id='word_1_174' title='bbox 528 3697 658 3764; x_wconf 89' lang='lat' dir='ltr'><strong>nomine</strong></span> <span class='ocrx_word' id='word_1_175' title='bbox 697 3697 816 3764; x_wconf 85' lang='lat' dir='ltr'><strong>Sancte</strong></span> <span class='ocrx_word' id='word_1_176' title='bbox 854 3697 1025 3766; x_wconf 70' lang='lat' dir='ltr'><strong>‘Ibinitatis</strong></span> <span class='ocrx_word' id='word_1_177' title='bbox 1056 3703 1088 3764; x_wconf 88' lang='lat' dir='ltr'><strong>et</strong></span> <span class='ocrx_word' id='word_1_178' title='bbox 1117 3696 1291 3765; x_wconf 89' lang='lat' dir='ltr'><strong>Indiuidue</strong></span> <span class='ocrx_word' id='word_1_179' title='bbox 1323 3697 1483 3766; x_wconf 87' lang='lat' dir='ltr'><strong>Unitatis.</strong></span> 
     </span>
     <span class='ocr_line' id='line_1_26' title="bbox 350 3802 1483 3894; baseline 0.002 -24"><span class='ocrx_word' id='word_1_180' title='bbox 350 3802 497 3870; x_wconf 81' lang='lat' dir='ltr'><strong>Andreas</strong></span> <span class='ocrx_word' id='word_1_181' title='bbox 515 3805 577 3871; x_wconf 89' lang='lat' dir='ltr'><strong>Dei</strong></span> <span class='ocrx_word' id='word_1_182' title='bbox 593 3805 704 3890; x_wconf 83' lang='lat' dir='ltr'><strong>gracia</strong></span> <span class='ocrx_word' id='word_1_183' title='bbox 720 3804 919 3892; x_wconf 83' lang='lat' dir='ltr'><strong>Hunngarie,</strong></span> <span class='ocrx_word' id='word_1_184' title='bbox 934 3807 1108 3893; x_wconf 86' lang='lat' dir='ltr'><strong>Delmatie,</strong></span> <span class='ocrx_word' id='word_1_185' title='bbox 1126 3804 1267 3894; x_wconf 83' lang='lat' dir='ltr'><strong>croatie,</strong></span> <span class='ocrx_word' id='word_1_186' title='bbox 1279 3808 1391 3890; x_wconf 79' lang='lat' dir='ltr'><strong>Reme,</strong></span> <span class='ocrx_word' id='word_1_187' title='bbox 1407 3808 1483 3874; x_wconf 87' lang='lat' dir='ltr'><strong>Ser-</strong></span> 
     </span>
     <span class='ocr_line' id='line_1_27' title="bbox 349 3910 1484 4002; baseline 0.006 -26"><span class='ocrx_word' id='word_1_188' title='bbox 349 3910 416 3994; x_wconf 84' lang='lat' dir='ltr'><strong>uio,</strong></span> <span class='ocrx_word' id='word_1_189' title='bbox 433 3911 569 3998; x_wconf 83' lang='lat' dir='ltr'><strong>Galicie,</strong></span> <span class='ocrx_word' id='word_1_190' title='bbox 594 3911 840 3997; x_wconf 87' lang='lat' dir='ltr'><strong>Ludomirieqne</strong></span> <span class='ocrx_word' id='word_1_191' title='bbox 865 3916 934 3981; x_wconf 84' lang='lat' dir='ltr'><strong>Rex</strong></span> <span class='ocrx_word' id='word_1_192' title='bbox 964 3916 998 3980; x_wconf 93' lang='lat' dir='ltr'><strong>in</strong></span> <span class='ocrx_word' id='word_1_193' title='bbox 1029 3921 1231 4002; x_wconf 86' lang='lat' dir='ltr'><strong>perpetuum.</strong></span> <span class='ocrx_word' id='word_1_194' title='bbox 1270 3915 1362 3982; x_wconf 87' lang='lat' dir='ltr'><strong>Licet</strong></span> <span class='ocrx_word' id='word_1_195' title='bbox 1394 3915 1484 3983; x_wconf 84' lang='lat' dir='ltr'><strong>inter</strong></span> 
     </span>
     <span class='ocr_line' id='line_1_28' title="bbox 349 4020 1483 4111; baseline 0.005 -25"><span class='ocrx_word' id='word_1_196' title='bbox 349 4024 459 4086; x_wconf 88' lang='lat' dir='ltr'><strong>cetera</strong></span> <span class='ocrx_word' id='word_1_197' title='bbox 473 4020 624 4088; x_wconf 85' lang='lat' dir='ltr'><strong>virtutem</strong></span> <span class='ocrx_word' id='word_1_198' title='bbox 642 4041 742 4107; x_wconf 86' lang='lat' dir='ltr'><strong>opera</strong></span> <span class='ocrx_word' id='word_1_199' title='bbox 757 4021 916 4111; x_wconf 87' lang='lat' dir='ltr'><strong>largiendi</strong></span> <span class='ocrx_word' id='word_1_200' title='bbox 936 4024 1126 4092; x_wconf 87' lang='lat' dir='ltr'><strong>beneficium</strong></span> <span class='ocrx_word' id='word_1_201' title='bbox 1153 4047 1173 4092; x_wconf 89' lang='lat' dir='ltr'><strong>a</strong></span> <span class='ocrx_word' id='word_1_202' title='bbox 1199 4023 1367 4110; x_wconf 88' lang='lat' dir='ltr'><strong>plerisque</strong></span> <span class='ocrx_word' id='word_1_203' title='bbox 1393 4045 1483 4092; x_wconf 90' lang='lat' dir='ltr'><strong>com-</strong></span> 
     </span>
     <span class='ocr_line' id='line_1_29' title="bbox 351 4129 1482 4219; baseline 0.006 -26"><span class='ocrx_word' id='word_1_204' title='bbox 351 4129 526 4215; x_wconf 89' lang='lat' dir='ltr'><strong>probetnr;</strong></span> <span class='ocrx_word' id='word_1_205' title='bbox 553 4130 599 4198; x_wconf 92' lang='lat' dir='ltr'><strong>ibi</strong></span> <span class='ocrx_word' id='word_1_206' title='bbox 614 4139 723 4198; x_wconf 85' lang='lat' dir='ltr'><strong>tamen</strong></span> <span class='ocrx_word' id='word_1_207' title='bbox 738 4132 910 4218; x_wconf 77' lang='lat' dir='ltr'><strong>largientis</strong></span> <span class='ocrx_word' id='word_1_208' title='bbox 928 4133 1083 4200; x_wconf 88' lang='lat' dir='ltr'><strong>memoria</strong></span> <span class='ocrx_word' id='word_1_209' title='bbox 1098 4134 1254 4219; x_wconf 90' lang='lat' dir='ltr'><strong>precipue</strong></span> <span class='ocrx_word' id='word_1_210' title='bbox 1273 4134 1482 4200; x_wconf 88' lang='lat' dir='ltr'><strong>commenda-</strong></span> 
     </span>
     <span class='ocr_line' id='line_1_30' title="bbox 347 4235 1483 4325; baseline 0.006 -23"><span class='ocrx_word' id='word_1_211' title='bbox 347 4241 410 4320; x_wconf 83' lang='lat' dir='ltr'><strong>tur,</strong></span> <span class='ocrx_word' id='word_1_212' title='bbox 427 4255 499 4302; x_wconf 90' lang='lat' dir='ltr'><strong>cnm</strong></span> <span class='ocrx_word' id='word_1_213' title='bbox 514 4237 586 4304; x_wconf 87' lang='lat' dir='ltr'><strong>Deo</strong></span> <span class='ocrx_word' id='word_1_214' title='bbox 603 4235 714 4306; x_wconf 88' lang='lat' dir='ltr'><strong>datum</strong></span> <span class='ocrx_word' id='word_1_215' title='bbox 730 4241 819 4322; x_wconf 87' lang='lat' dir='ltr'><strong>qnod</strong></span> <span class='ocrx_word' id='word_1_216' title='bbox 836 4245 886 4308; x_wconf 89' lang='lat' dir='ltr'><strong>est</strong></span> <span class='ocrx_word' id='word_1_217' title='bbox 900 4247 1050 4308; x_wconf 86' lang='lat' dir='ltr'><strong>sanctum</strong></span> <span class='ocrx_word' id='word_1_218' title='bbox 1069 4263 1090 4308; x_wconf 86' lang='lat' dir='ltr'><strong>a</strong></span> <span class='ocrx_word' id='word_1_219' title='bbox 1114 4241 1231 4309; x_wconf 84' lang='lat' dir='ltr'><strong>denote</strong></span> <span class='ocrx_word' id='word_1_220' title='bbox 1255 4240 1483 4325; x_wconf 79' lang='lat' dir='ltr'><strong>dispensacio-</strong></span> 
     </span>
     <span class='ocr_line' id='line_1_31' title="bbox 348 4343 1482 4436; baseline 0.007 -28"><span class='ocrx_word' id='word_1_221' title='bbox 348 4343 400 4410; x_wconf 89' lang='lat' dir='ltr'><strong>nis</strong></span> <span class='ocrx_word' id='word_1_222' title='bbox 416 4343 593 4412; x_wconf 83' lang='lat' dir='ltr'><strong>cultoribus</strong></span> <span class='ocrx_word' id='word_1_223' title='bbox 610 4348 855 4433; x_wconf 84' lang='lat' dir='ltr'><strong>propagacicne</strong></span> <span class='ocrx_word' id='word_1_224' title='bbox 872 4349 1024 4416; x_wconf 89' lang='lat' dir='ltr'><strong>bonorum</strong></span> <span class='ocrx_word' id='word_1_225' title='bbox 1040 4371 1173 4436; x_wconf 90' lang='lat' dir='ltr'><strong>operum</strong></span> <span class='ocrx_word' id='word_1_226' title='bbox 1198 4351 1232 4417; x_wconf 93' lang='lat' dir='ltr'><strong>in</strong></span> <span class='ocrx_word' id='word_1_227' title='bbox 1258 4351 1320 4416; x_wconf 90' lang='lat' dir='ltr'><strong>Dei</strong></span> <span class='ocrx_word' id='word_1_228' title='bbox 1345 4349 1482 4418; x_wconf 85' lang='lat' dir='ltr'><strong>landem</strong></span> 
     </span>
     <span class='ocr_line' id='line_1_32' title="bbox 349 4451 1546 4544; baseline 0.009 -28"><span class='ocrx_word' id='word_1_229' title='bbox 349 4451 412 4517; x_wconf 86' lang='lat' dir='ltr'><strong>hae</strong></span> <span class='ocrx_word' id='word_1_230' title='bbox 428 4452 600 4519; x_wconf 87' lang='lat' dir='ltr'><strong>seruicium</strong></span> <span class='ocrx_word' id='word_1_231' title='bbox 616 4454 657 4520; x_wconf 92' lang='lat' dir='ltr'><strong>de</strong></span> <span class='ocrx_word' id='word_1_232' title='bbox 674 4455 727 4521; x_wconf 89' lang='lat' dir='ltr'><strong>die</strong></span> <span class='ocrx_word' id='word_1_233' title='bbox 742 4455 776 4520; x_wconf 92' lang='lat' dir='ltr'><strong>in</strong></span> <span class='ocrx_word' id='word_1_234' title='bbox 792 4457 877 4524; x_wconf 86' lang='lat' dir='ltr'><strong>diem</strong></span> <span class='ocrx_word' id='word_1_235' title='bbox 904 4456 1071 4528; x_wconf 86' lang='lat' dir='ltr'><strong>dilatatur.</strong></span> <span class='ocrx_word' id='word_1_236' title='bbox 1096 4461 1167 4527; x_wconf 86' lang='lat' dir='ltr'><strong>Hac</strong></span> <span class='ocrx_word' id='word_1_237' title='bbox 1192 4460 1303 4544; x_wconf 85' lang='lat' dir='ltr'><strong>itaque</strong></span> <span class='ocrx_word' id='word_1_238' title='bbox 1328 4458 1480 4526; x_wconf 87' lang='lat' dir='ltr'><strong>conside·</strong></span> <span class='ocrx_word' id='word_1_239' title='bbox 1545 4531 1546 4534; x_wconf 61' lang='grc'>,</span> 
     </span>
     <span class='ocr_line' id='line_1_33' title="bbox 347 4557 1546 4654; baseline 0.009 -30"><span class='ocrx_word' id='word_1_240' title='bbox 347 4557 479 4624; x_wconf 84' lang='lat' dir='ltr'><strong>racione</strong></span> <span class='ocrx_word' id='word_1_241' title='bbox 494 4560 669 4627; x_wconf 85' lang='lat' dir='ltr'><strong>salubriter</strong></span> <span class='ocrx_word' id='word_1_242' title='bbox 685 4561 807 4630; x_wconf 85' lang='lat' dir='ltr'><strong>inducti</strong></span> <span class='ocrx_word' id='word_1_243' title='bbox 823 4566 1029 4649; x_wconf 88' lang='lat' dir='ltr'><strong>presentibus</strong></span> <span class='ocrx_word' id='word_1_244' title='bbox 1045 4575 1078 4634; x_wconf 86' lang='lat' dir='ltr'><strong>et</strong></span> <span class='ocrx_word' id='word_1_245' title='bbox 1105 4567 1242 4654; x_wconf 87' lang='lat' dir='ltr'><strong>posteris</strong></span> <span class='ocrx_word' id='word_1_246' title='bbox 1267 4573 1380 4634; x_wconf 87' lang='lat' dir='ltr'><strong>notum</strong></span> <span class='ocrx_word' id='word_1_247' title='bbox 1406 4566 1483 4634; x_wconf 85' lang='lat' dir='ltr'><strong>csse&#39;</strong></span> <span class='ocrx_word' id='word_1_248' title='bbox 1545 4611 1546 4614; x_wconf 57' lang='lat'><em>=</em></span> 
     </span>
    </p>
   </div>
   <div class='ocr_carea' id='block_1_9' title="bbox 0 0 1554 5132">
    <p class='ocr_par' dir='ltr' id='par_1_9' title="bbox 0 0 1554 5132">
     <span class='ocr_line' id='line_1_34' title="bbox 0 0 1554 5132; baseline 0 2"><span class='ocrx_word' id='word_1_249' title='bbox 0 0 1554 5132; x_wconf 95' lang='lat' dir='ltr'><strong> </strong></span> 
     </span>
    </p>
   </div>
  </div>
 </body>
</html>
