3078 5128
562 275 722 378 ypr-

92 470 308 541 conriseremus
343 471 576 557 exequendum,
613 474 818 560 presentibus
845 474 947 542 eciam
974 474 1060 544 fideli
1089 477 1206 548 clerico

91 587 185 648 nostro
204 579 358 664 Magistro
378 578 532 646 Nikolino
549 578 592 644 ad
611 580 671 646 boc
688 603 747 666 pro
766 579 922 666 pristaldo
951 603 1009 667 per
1025 604 1084 652 nos
1101 586 1202 671 depu-

93 697 155 774 tato,
170 708 229 753 nee
245 709 309 754 non
334 688 463 754 homine
490 679 632 771 Capituli
657 689 886 772 Zagrabiensis
912 698 944 758 et
971 691 1102 758 bomine
1128 691 1203 760 Pre-

91 797 215 882 ceptoris
249 795 509 882 Templariorum
545 795 587 862 de
612 796 733 883 (doura,
760 817 799 863 ac
823 797 1009 886 hominibus
1035 798 1199 886 hospitum

94 911 259 970 nostrorum
277 899 318 969 de
333 901 440 967 Perna
458 909 491 967 et
509 901 655 988 Petrina,
676 907 708 968 et
733 902 878 988 pluribus
904 904 980 972 aliis
999 905 1063 972 tide
1079 905 1198 991 dignis,

93 1010 270 1078 neulterins
289 1029 349 1094 per
373 1009 439 1076 iarn
466 1007 569 1076 dictos
595 1009 770 1078 Glinenses
800 1011 902 1095 ipsius
917 1011 1068 1080 Ecclesia
1094 1021 1204 1098 posset

91 1117 221 1186 indebite
246 1115 423 1202 molestari,
451 1114 679 1184 favorabiliter
698 1125 870 1203 acceptare
895 1125 928 1186 et
953 1121 1074 1188 uostris
1100 1121 1204 1190 literis

92 1227 287 1311 dignaremur
303 1223 503 1290 confirmare.
533 1221 601 1290 Nos
617 1224 717 1308 igitur
737 1225 890 1310 precibus
910 1226 1024 1316 ipsius,
1050 1249 1113 1314 que
1140 1231 1204 1298 ius·

91 1336 186 1402 ticiam
202 1339 234 1400 et
250 1331 404 1416 pietatem
421 1331 589 1397 continere
605 1330 810 1418 videbantur,
821 1333 994 1423 clementer
1010 1342 1203 1424 annuentes,

89 1443 193 1510 seriem
208 1438 378 1508 divisionis
395 1439 565 1526 premisse,
586 1441 670 1534 sicut
685 1440 719 1506 in
735 1439 840 1508 literis
869 1441 1046 1528 supradicti
1073 1443 1206 1510 Comitis

89 1551 179 1617 Marci
218 1547 278 1615 sub
317 1547 449 1633 proprio
490 1567 549 1615 suo
589 1546 699 1630 sigilio
749 1547 844 1616 nobis
884 1549 1040 1635 porrectis
1064 1549 1205 1618 vidimus

90 1655 244 1740 contineri,
260 1661 366 1722 ratam
384 1663 416 1721 et
432 1660 600 1740 acceptam
627 1652 801 1722 habuimus
829 1662 864 1721 nt
889 1653 1036 1723 decebat.
1062 1657 1205 1724 Nomina

92 1771 186 1832 antem
212 1761 468 1849 possessionum,
495 1780 558 1845 que
585 1761 628 1827 ad
655 1760 794 1828 Abbatis
820 1767 943 1846 partem
969 1761 1142 1853 pertinent,
1167 1764 1204 1831 in

89 1871 243 1957 premissis
260 1887 417 1955 expressa
432 1869 547 1936 litteris
568 1875 645 1936 sunt
664 1868 733 1951 hec,
754 1867 907 1935 videlicet
923 1895 930 1935 :
948 1868 1095 1947 Gratbka
1119 1872 1204 1940 ultra

89 1981 214 2062 Sanam,
231 1978 312 2046 villa
328 1975 492 2046 Schuchia
508 1977 591 2044 citra
607 1977 717 2061 Zavra,
739 1975 886 2064 Lubugn,
912 1977 993 2044 villa
1017 1978 1203 2064 Terredyob

90 2097 115 2155 et
128 2087 212 2154 locus
230 2085 285 2154 ubi
311 2085 429 2170 Legna
455 2085 545 2151 cadit
569 2085 601 2151 in
614 2083 738 2170 -Zawa,
766 2093 834 2152 tarn
861 2083 942 2152 citra
967 2105 1064 2169 quarn
1091 2085 1202 2170 oltra;

88 2204 162 2263 terra
175 2193 251 2262 ville
270 2192 529 2278 Bratbkovyohy
548 2193 631 2259 citra
655 2191 789 2260 Zawam
816 2199 847 2259 et
872 2193 967 2276 ultra,
992 2193 1073 2259 villa
1097 2191 1202 2260 Rako-

89 2302 229 2388 lecbicbe,
264 2299 348 2367 villa
382 2299 577 2384 Treboohel,
614 2299 691 2366 vilia
716 2299 880 2388 Pyschsu,
908 2299 988 2368 villa
1013 2299 1201 2386 Heberkov,

87 2413 160 2480 villa
173 2408 353 2494 Peschena,
369 2407 450 2475 villa
464 2409 556 2493 Reth,
573 2427 635 2492 que
651 2407 713 2476 fuit
729 2407 968 2492 terraWeden;
987 2407 1066 2475 villa
1078 2405 1202 2476 Scerda

86 2539 172 2605 snper
203 2517 344 2584 rivulum
378 2515 506 2600 Soclna,
541 2514 622 2582 villa
646 2509 787 2602 Gregen,
814 2521 902 2583 terra
929 2516 1050 2582 Sancte
1077 2516 1192 2584 Crucis

87 2637 164 2692 terra
187 2624 244 2692 ubi
278 2621 474 2690 Steuenicba
501 2622 591 2689 cadit
615 2621 649 2688 in
674 2623 802 2709 Scelna,
827 2621 907 2689 villa
933 2621 1097 2710 Welenna,
1124 2623 1204 2690 villa

87 2733 288 2818 Steuenicba,
305 2749 368 2814 que
385 2735 435 2799 est
458 2731 559 2798 Borth
576 2753 583 2813 ;
609 2731 689 2799 villa
705 2729 849 2816 Dadecb,
865 2729 1104 2820 villaMoznav,
1122 2732 1204 2799 villa

86 2839 312 2926 Bebrernicha,
329 2837 412 2907 vilia
427 2837 659 2906 Yelseunicba.
677 2839 805 2905 Dividit
821 2843 929 2905 antem
954 2839 1060 2922 ipsam
1075 2843 1203 2926 partem

85 2949 212 3018 abbatis
236 2947 362 3015 rivulus
387 2944 531 3013 Gradina
555 2946 660 3013 eundo
686 2947 720 3012 in
745 2945 894 3028 Zavvam,
909 2951 953 3013 ‘et
977 2946 1077 3015 Zawa
1101 2966 1204 3030 nsque

84 3055 150 3124 dnm
166 3057 336 3124 derivatur
351 3055 385 3120 iu
402 3073 524 3138 aquam
540 3051 633 3140 (que)
650 3053 828 3140 Ohygovge
850 3051 975 3136 dieitur,
999 3073 1062 3137 que
1086 3053 1205 3120 transi·
1320 3055 1323 3060 '

84 3185 134 3233 ens
149 3164 266 3233 silvam
282 3163 374 3230 Zava
390 3161 482 3229 vadit
497 3181 557 3246 per
572 3181 723 3245 eampum
739 3181 908 3247 aquosum,
925 3158 981 3244 qui
998 3166 1048 3226 est
1064 3177 1200 3246 campus

84 3273 196 3359 Legna,
213 3279 247 3338 et
262 3269 352 3338 cadit
366 3269 399 3335 in
415 3268 548 3338 fluvium
566 3271 690 3353 Legna.
719 3267 794 3350 ¹Nec
821 3274 932 3334 tamen
952 3267 1203 3354 pretereundum

84 3387 135 3467 est,
150 3377 236 3465 qnod
251 3377 376 3445 rivulus
393 3375 537 3444 aradrza
553 3395 620 3444 non
637 3395 656 3441 a
674 3374 782 3461 capite
797 3373 912 3460 incipit
930 3393 1003 3443 esse
1027 3379 1124 3459 meta,
1142 3373 1203 3442 sed

84 3489 191 3574 eloco,
208 3487 265 3554 nbi
281 3485 404 3552 rivulus
429 3482 572 3570 Scopnik
599 3482 688 3551 eadit
712 3481 747 3548 in
776 3479 1035 3567 prenominatum
1060 3482 1201 3548 rivolum

86 3595 262 3663 (traditam.
298 3593 343 3660 Ut
369 3597 478 3659 autem
504 3590 670 3658 ordinacio
697 3587 842 3675 predicte
866 3586 1037 3658 divisionis
1061 3587 1157 3656 salva
1172 3595 1205 3653 et

85 3703 267 3772 inconcussa
282 3704 486 3787 permaneat,
516 3699 721 3783 presentibus
747 3717 819 3764 eam
846 3697 966 3764 litteris
992 3699 1052 3763 sub
1077 3693 1202 3780 duplici

87 3820 185 3879 nostro
199 3809 310 3893 sigillo
326 3811 483 3892 perpetuo
500 3805 737 3872 confirmamus.
764 3805 886 3870 Datum
912 3802 948 3869 in
971 3802 1100 3890 Segust,
1117 3822 1204 3869 anno

88 3917 248 3985 Dominioe
263 3913 506 3982 Incarnationis
523 3912 618 3980 MGO.
635 3911 905 3998 quadragresimo
921 3910 1074 3998 secundo,
1095 3909 1201 3994 Regni

88 4044 154 4094 vero
169 4024 269 4094 nostri
285 4043 372 4091 anno
388 4027 513 4091 octavo.
628 4071 630 4077 .

166 4223 328 4287 (rumores,
347 4220 471 4274 nonum.
490 4219 555 4271 nnc.
575 4207 668 4283 apion.
687 4216 885 4282 zagraorensn
902 4217 925 4267 1.
944 4217 1007 4268 noct
1025 4220 1067 4267 us.
1086 4215 1117 4282 r.)
1203 4275 1207 4282 p

508 4505 776 4518 u———ffl-unn
