3120 5148
962 1113 1016 1181 to.

423 1313 470 1382 ΙΙ.
487 1317 596 1382 Eridu-s
612 1315 790 1401 kirclyaat
805 1311 914 1378 Gerra
939 1314 1120 1398 odrmepytt
1145 1317 1299 1398 torpyast
1323 1311 1505 1398 adoradnya
1526 1335 1544 1375 c

713 1419 863 1509 mulae·
877 1423 960 1507 opdt
975 1423 1137 1512 szdmdro,
1162 1418 1264 1510 1213.-

533 1619 570 1690 111
602 1615 731 1684 nomine
770 1613 888 1680 Sancte
918 1611 1092 1680 Trinitatis
1125 1618 1158 1678 et
1189 1611 1364 1678 Indiuidua
1395 1611 1541 1679 Unitatia

421 1727 575 1796 Androm
590 1723 653 1790 Dei
668 1721 780 1806 gradu
796 1718 963 1803 Hungaric
978 1719 1048 1784 Rex
1065 1725 1126 1785 etc.
1151 1717 1242 1786 Licet
1257 1718 1368 1786 omnia
1392 1717 1543 1804 cysterci-

418 1835 507 1902 ansis
525 1829 657 1900 Ordinis
689 1827 898 1911 Mouasteria
931 1845 994 1910 que
1027 1825 1104 1893 olim
1137 1825 1222 1892 boue
1254 1825 1409 1892 memorie
1439 1835 1541 1912 patres

420 1942 524 2010 nostri
542 1941 647 2022 Reges
663 1934 834 2017 Hungarie
850 1937 1110 2016 construxerunt,
1142 1932 1330 2016 specialiter
1363 1931 1541 2015 diligamus,

419 2048 563 2116 maxime
580 2045 658 2129 quia
673 2042 791 2110 ceteris
814 2043 885 2108 Deo
911 2041 1034 2108 firmius
1066 2040 1215 2109 inherere
1247 2047 1279 2106 et
1311 2046 1377 2106 tam
1406 2039 1542 2108 assiduis

417 2178 514 2240 qoam
531 2151 657 2220 deuotis
673 2150 859 2218 oracionem
887 2148 1061 2233 gemitibus
1094 2147 1184 2214 celos
1216 2146 1348 2231 pulsare
1380 2153 1415 2214 et
1445 2147 1543 2233 ipsum

417 2264 559 2332 celorum
576 2256 742 2326 domiuum
758 2254 945 2340 frequenter
961 2272 1019 2340 pro
1049 2253 1170 2320 uostris
1196 2253 1388 2321 excessibus
1413 2274 1542 2321 exorare

418 2368 594 2435 creduntur
609 2390 616 2429 :
633 2362 829 2430 Monosterio
846 2369 955 2428 tamen
972 2360 1013 2426 de
1039 2359 1190 2445 Toplica,
1224 2359 1311 2444 quod
1343 2359 1385 2426 de
1417 2365 1542 2446 proprio

415 2483 525 2540 nostro
543 2469 750 2536 fundavimus
764 2469 869 2552 Regni
885 2469 985 2534 nostri
1003 2487 1089 2535 anno
1103 2469 1218 2554 primo,
1230 2465 1382 2553 ampliori
1394 2467 1545 2536 dileccio-

417 2580 467 2645 nis
484 2577 692 2662 prerogativa
707 2583 862 2660 tenemur,
879 2593 918 2642 eo
935 2574 1021 2659 quod
1038 2574 1170 2640 Fratres
1181 2572 1436 2642 clarevallensis
1447 2573 1544 2641 Geno-

418 2685 463 2752 bii
479 2683 558 2752 inibi
576 2684 824 2750 convocavimus
840 2683 883 2748 ad
908 2687 1114 2749 sacrosancte
1131 2680 1300 2764 religionis
1322 2671 1559 2765 augmentum*

414 2791 520 2875 quiet
549 2791 620 2856 Deo
650 2789 814 2856 indefesse
839 2789 991 2872 serviant,
1023 2796 1056 2854 et
1087 2788 1190 2872 ipsius
1221 2787 1477 2856 misericordiam
1510 2785 1558 2856 in*

418 2897 566 2966 districto
597 2897 746 2963 examine
776 2895 871 2962 nobis
908 2893 1050 2962 assiduis
1084 2894 1294 2962 oracionibus
1324 2896 1458 2962 valeant
1488 2887 1557 2982 im*

415 3011 554 3090 petrare.
581 3002 626 3070 Ut
650 3003 750 3089 igitur
775 3003 1007 3088 temporalibus
1033 3001 1190 3070 subsidiis
1216 3001 1415 3070 sufficienter
1439 2997 1556 3084 adiuti*

411 3113 545 3180 liberius
561 3111 631 3177 Deo
648 3115 776 3196 vacent,
796 3109 860 3176 iilis
876 3128 934 3193 pro
960 3109 1068 3176 anime
1094 3115 1204 3176 nostre
1231 3109 1374 3178 remedio
1404 3117 1436 3176 et
1452 3093 1555 3178 aute-i

412 3237 575 3288 cessorem
600 3221 799 3297 nostrorum,
829 3215 976 3284 dedimus
1001 3221 1103 3282 totum
1130 3215 1323 3283 comitatum
1356 3217 1398 3284 de
1431 3219 1553 3306 Gerra,

410 3327 496 3394 sicut
512 3326 604 3392 illum
621 3323 825 3409 possedimus
842 3323 918 3388 dum
936 3322 1009 3390 Dux
1035 3321 1153 3389 luimus
1170 3325 1255 3388 ultra
1281 3323 1444 3408 Dravvam,
1469 3349 1514 3394 cu

392 3429 532 3517 'prediis
550 3439 581 3496 et
596 3430 692 3497 metis
707 3449 829 3514 eorum,
848 3449 919 3496 oum
935 3431 1030 3511 aquis
1046 3435 1076 3495 et
1095 3430 1345 3512 piscacionibus,
1362 3451 1436 3498 enm
1445 3437 1529 3500 terri

410 3549 443 3604 et
460 3541 570 3623 pratis,
588 3559 660 3604 cum
677 3538 865 3603 nemoribus
882 3542 913 3602 et
928 3535 1020 3603 silvis
1038 3543 1070 3604 et
1095 3536 1340 3623 venationibus,
1351 3557 1423 3605 cum
1440 3543 1535 3608 omni

411 3648 471 3710 bus
503 3643 692 3729 redditibus,
725 3643 1012 3710 consuetudinibus
1030 3651 1063 3709 et
1087 3643 1211 3709 cunctis
1242 3643 1449 3730 utilitatibus,
1479 3625 1550 3733 qud⁴

410 3752 520 3816 omnia
545 3749 591 3814 ita
618 3751 718 3816 libere
736 3756 879 3834 teneant,
895 3749 977 3816 sicut
993 3769 1033 3816 ea
1049 3750 1221 3833 tenuimus,
1241 3769 1312 3816 cum
1327 3751 1403 3818 Dux
1421 3752 1503 3820 inim

413 3855 500 3921 ultra
517 3857 680 3946 Drawam,
701 3857 844 3943 exceptis
860 3877 917 3924 sex
943 3858 1222 3942 generationibus.
1252 3857 1412 3926 Addimus
1436 3865 1514 3932 ecia

409 3963 485 4030 huic
502 3963 674 4031 donacioni
699 3972 808 4032 nostre
833 3969 957 4031 tantam
985 3963 1145 4032 libertatis
1172 3964 1425 4050 prerogativam,
1451 3946 1543 4053 quo·

408 4071 516 4134 nullus
544 4069 664 4157 Barrus,
689 4069 798 4136 nullus
823 4069 920 4136 iudex
942 4089 1002 4136 neo
1027 4068 1148 4154 aliquis
1174 4069 1270 4152 alins,
1296 4077 1405 4156 preter
1421 4074 1485 4141 bon

406 4178 605 4243 volunlatem
617 4177 762 4262 Abbatis,
780 4197 876 4261 super
891 4175 1011 4243 dictum
1031 4179 1263 4244 monasterinm
1279 4177 1468 4264 descendat
1488 4207 1513 4250 v

407 4303 505 4369 super
521 4283 677 4368 populum
693 4285 773 4370 eius,
792 4284 844 4350 vel
860 4283 996 4351 eundem
1013 4287 1166 4370 populum
1186 4284 1307 4351 audeat
1323 4283 1469 4355 iudicare
1489 4313 1517 4354 u

405 4391 438 4455 in
456 4389 609 4457 iudicium
627 4391 841 4459 trahereante
852 4393 1031 4476 quamlibet
1046 4411 1219 4478 personam
1236 4397 1347 4476 preter
1361 4413 1515 4477 persona

405 4497 516 4580 Regis.
533 4497 689 4582 Hospites
706 4505 813 4565 autem
830 4513 863 4564 et
880 4505 1062 4567 castrenses
1077 4497 1182 4566 to'cius
1198 4499 1419 4584 prenominati
1436 4501 1484 4568 Oc

405 4609 493 4668 tatus
509 4601 640 4669 solvant
655 4605 689 4670 in
706 4605 898 4672 monasterio
915 4607 1049 4690 Toplice
1074 4605 1196 4690 singuli
1212 4603 1252 4671 de
1277 4605 1422 4689 singulis
1448 4629 1513 4678 ma

406 4707 550 4774 sionibus
567 4711 733 4777 annuatim
749 4711 945 4778 marturinae
970 4711 1053 4778 sicut
1068 4711 1162 4778 nobis
1179 4713 1305 4779 solvere
1321 4715 1496 4799 solebant,
