3150 5162
804 1031 881 1100 362.

276 1239 389 1305 letocto
412 1234 516 1323 lfjobb
540 1233 718 1321 loirdlyaolo
749 1232 935 1298 Makromol
957 1229 1065 1315 fo'ldet
1096 1231 1253 1316 tdrppaao
1275 1231 1403 1296 adone

527 1365 594 1428 ayo
610 1341 731 1427 Hoplea
748 1341 856 1424 eafiai
870 1341 1029 1407 emmone.
1056 1339 1151 1406 1262.

384 1538 567 1624 Stephanus
587 1537 650 1602 Dei
684 1537 798 1622 grauia
817 1538 887 1603 Rex
900 1533 1133 1622 primogenitus
1148 1531 1290 1602 Illustrir
1307 1534 1404 1617 Regis

277 1649 500 1731 Hungarorum
521 1645 600 1712 Dux
631 1643 887 1712 'l'raneoiluenun
918 1643 1069 1710 omnibus
1101 1641 1220 1709 Christi
1252 1640 1405 1710 fidelibus

278 1775 412 1843 presens
452 1753 608 1840 seriptum
648 1753 843 1839 inspecturis
878 1751 1016 1818 salutem
1047 1751 1082 1817 in
1114 1748 1228 1816 salutis
1260 1757 1404 1818 anotore.

278 1861 537 1949 Oireumepeeoio
573 1861 697 1946 Regum
727 1858 867 1947 prouida
897 1858 960 1928 sibi
991 1858 1133 1926 fideliter
1171 1857 1407 1926 famulantibus

278 1970 325 2039 oio
356 1969 453 2038 debet
483 1968 649 2036 donatiuie
681 1985 847 2035 ooonrrore
877 1967 929 2033 uel
945 1965 1153 2050 respondere,
1169 1971 1205 2033 ut
1219 1964 1279 2032 alii
1294 1983 1405 2032 eorum

281 2077 430 2164 exemplo
446 2075 575 2144 inuitati
590 2074 633 2142 ad
648 2073 815 2142 fidelitatis
841 2094 940 2159 opere
965 2073 1067 2140 etad
1091 2073 1230 2140 seruicia
1254 2073 1406 2142 laoienrla

282 2186 460 2254 reddantur
476 2183 591 2253 merito
606 2183 801 2268 pronoioren.
823 2182 909 2248 Hine
925 2188 974 2249 est
989 2183 1099 2267 igitur,
1115 2180 1201 2265 quod
1217 2183 1261 2247 ad
1279 2183 1406 2248 uniuer-

279 2316 387 2363 sorum
403 2301 469 2361 tam
485 2292 687 2380 presenoium
705 2311 803 2375 quam
813 2295 1014 2376 posterorum
1025 2289 1178 2356 noticiam
1189 2290 1304 2357 harum
1321 2291 1405 2356 serie

278 2404 425 2470 nolumus
451 2399 645 2485 peruenire:
672 2397 766 2478 Quod
796 2417 868 2465 eum
897 2397 1019 2481 Huglra
1045 2419 1109 2465 una
1135 2417 1207 2464 enm
1232 2397 1311 2464 filiis
1338 2398 1406 2465 nnis

281 2507 439 2590 Gregorio
455 2505 615 2589 uidelicet,
631 2505 773 2593 Myoula,
791 2503 924 2590 Mykon,
944 2505 1093 2591 Nyeolao
1109 2511 1141 2572 et
1156 2503 1289 2572 lilerenr
1314 2505 1408 2572 nobis

278 2621 374 2701 grate
408 2611 547 2681 seruitia
580 2613 705 2701 pariter
730 2620 763 2679 et
789 2620 925 2698 aooepta
949 2633 1048 2702 quarn
1074 2614 1196 2699 pluries
1229 2613 1408 2683 exibuionet

279 2721 458 2791 liberaliter
472 2729 504 2789 et
530 2722 678 2807 libenter,
704 2729 915 2807 propterque
930 2741 953 2788 a
976 2728 1151 2808 eonspeotn
1166 2723 1268 2807 Regio
1294 2722 1409 2788 merito

283 2833 414 2899 fuerant
428 2830 679 2914 remunerandi;
703 2849 762 2896 noe
778 2829 812 2896 in
837 2830 1174 2916 reeompeneaoionem
1200 2831 1407 2897 seruitiorum

281 2938 359 3007 dieti
375 2939 498 3025 Huglra
513 2959 553 3007 ao
569 2938 706 3008 filiorum
729 2939 871 3005 eiusdem
896 2940 1060 3022 quandam
1085 2947 1204 3007 terram
1229 2938 1409 3006 Maeramal

279 3056 440 3134 uocatam,
465 3049 562 3114 sitam
585 3048 620 3113 iu
637 3047 797 3114 Comitatu
814 3047 853 3112 de
869 3045 983 3133 Potok,
1009 3048 1049 3114 do
1073 3047 1279 3135 plenitudine
1295 3053 1407 3112 nostre

278 3155 392 3240 gracie
407 3155 472 3240 ipsi
488 3154 610 3240 Hnglra
627 3160 659 3220 ot
674 3153 749 3221 filiis
765 3152 834 3222 suis
851 3153 1060 3242 supradietis,
1077 3162 1109 3222 et
1135 3175 1191 3241 per
1215 3174 1271 3220 eos
1297 3173 1407 3222 eorum

279 3263 452 3330 heredibnr
489 3261 684 3330 heredumue
718 3261 958 3329 suecessoribus
993 3261 1142 3330 duximus
1182 3261 1408 3348 perennaliter

279 3367 516 3438 eonferendum.
536 3369 575 3435 In
594 3367 687 3435 onius
713 3373 797 3435 terre
822 3369 1063 3452 possessionem
1089 3369 1292 3454 corporalem
1317 3370 1408 3453 ipsos

279 3497 339 3564 per
354 3477 528 3564 Symonem
546 3475 701 3543 Comitem
717 3475 759 3544 de
775 3476 880 3544 Potok
895 3476 1023 3544 fidelem
1040 3485 1183 3545 nostrum
1208 3477 1346 3545 leoimus
1362 3479 1408 3544 in·

279 3584 414 3652 troduei.
429 3584 538 3669 Ipsius
564 3583 667 3650 eoiam
693 3590 778 3651 terre
803 3592 897 3670 mete,
925 3591 1020 3671 prout
1035 3585 1121 3652 idem
1145 3585 1266 3672 Symon
1293 3582 1408 3654 Comes

279 3692 374 3758 nobie
390 3692 424 3757 in
441 3693 507 3760 suis
524 3691 640 3759 litteris
657 3692 831 3778 intimarit,
847 3691 908 3761 hoo
924 3693 1038 3762 ordine
1065 3693 1307 3780 distinguntur:
1323 3693 1408 3761 Inoi-

280 3801 329 3886 pit
345 3797 431 3866 enim
447 3801 553 3886 prima
570 3808 656 3868 meta
672 3802 715 3868 ab
732 3801 885 3884 aquilone
900 3819 997 3888 nuper
1013 3801 1155 3886 quodam
1171 3803 1277 3870 riuulo
1302 3801 1409 3869 Subur

279 3913 405 3988 uocato,
432 3907 488 3976 ubi
514 3916 563 3976 eet
587 3915 693 3993 meta;
718 3909 795 3975 inde
821 3909 990 3977 deseendit
1015 3911 1059 3976 ad
1074 3919 1200 3996 portem
1215 3909 1408 3978 orientalem

279 4015 324 4084 ad
339 4016 445 4102 oapnd
462 4014 547 4104 (lgy)
566 4015 734 4085 oriundam
758 4018 854 4084 rinnli
880 4017 996 4084 Kuaoh
1021 4018 1139 4100 uooati,
1164 4018 1220 4084 ubi
1246 4025 1296 4086 est
1320 4025 1409 4084 meta

282 4131 391 4192 terrea
427 4145 525 4212 snper
559 4127 710 4192 arborem
743 4124 850 4210 iliois3
874 4123 996 4192 abinde
1030 4145 1087 4210 per
1114 4125 1254 4193 medium
1281 4134 1409 4194 meatus

281 4232 428 4300 eiusdem
445 4232 542 4301 riuuli
573 4232 742 4301 deseendit
772 4233 814 4299 ed
844 4241 971 4319 partem
1002 4233 1200 4319 orientalem,
1233 4233 1291 4300 ubi
1322 4232 1410 4300 idem

281 4339 406 4407 riuulue
422 4341 512 4409 eadit
527 4341 562 4408 iu
579 4343 678 4409 alium
694 4341 827 4408 fluuium
847 4341 953 4408 Potolr
978 4354 1164 4409 uooatuma
1188 4347 1283 4428 parte
1309 4341 1411 4408 Bodo-

282 4467 366 4531 wan,
393 4449 486 4516 iuxta
512 4469 607 4534 quem
634 4454 684 4516 eet
709 4455 796 4516 meta
820 4451 879 4517 aab
904 4447 1018 4517 arbore
1043 4449 1146 4533 iliois3
1170 4449 1290 4516 deinde
1308 4447 1411 4518 tendit

282 4556 376 4624 iuxta
391 4555 504 4624 uineae
521 4557 563 4623 ad
580 4563 723 4625 montem
749 4556 870 4640 Maera,
896 4557 952 4624 ubi
977 4563 1027 4624 est
1052 4565 1140 4626 mota
1164 4563 1290 4639 terrea3
1313 4556 1412 4624 abino

284 4681 398 4732 uersus
429 4663 593 4729 meridiem
619 4665 653 4730 iu
679 4665 742 4752 uia,
768 4686 832 4752 que
858 4664 1189 4734 uaditiuxtanineas
1206 4664 1260 4732 ubi
1278 4673 1412 4735 estune
