3208 5158
697 305 859 411 „⁵92

210 499 296 572 ciam
326 502 677 574 excommunicacionis
701 507 831 574 tulisset
845 507 880 574 in
912 505 1043 596 scriptis
1057 507 1093 575 in
1108 513 1216 575 certas
1231 525 1342 594 perso·

211 633 272 681 nas
288 611 331 680 de
347 613 463 680 eadem
478 613 562 681 villa
575 613 722 700 Petrina,
736 622 771 681 et
788 615 952 683 interdicti
968 621 1082 684 centn
1099 622 1201 683 totam
1216 617 1340 704 villam,

215 721 410 791 etbomines
440 729 609 791 terrestres
638 723 683 790 ad
714 724 821 810 ipsam
850 724 964 790 villam
978 731 1182 810 spectantes3
1204 724 1336 792 tandem

213 835 422 916 procuratore
453 849 512 897 scu
542 831 661 898 nuncio
685 830 882 899 venerabilis
897 833 1002 917 patris
1016 831 1138 898 domini
1152 831 1341 898 'l'bimotbei

212 937 368 1024 Episcopi
399 939 569 1005 memorati
599 957 642 1006 ex
671 947 766 1025 parte
789 961 864 1024 uua,
893 947 926 1008 et
941 940 1039 1007 Petro
1063 941 1189 1010 llaiore
1203 941 1285 1008 ville
1299 939 1346 1007 dc

212 1045 416 1134 Petrius‚ac
430 1045 626 1130 quibusdam
650 1047 724 1114 aliis
753 1047 880 1114 civibus
909 1047 952 1114 dc
982 1047 1097 1115 eadem
1127 1049 1221 1132 villa,
1250 1047 1339 1114 dicto

213 1153 327 1221 villico
356 1154 489 1222 nominc
507 1155 587 1222 ville
602 1155 842 1242 assistentibus,
856 1155 985 1223 scilicet
998 1155 1117 1242 Woyn,
1133 1156 1253 1239 Pousa,
1267 1155 1338 1222 lilio

213 1260 376 1348 Sydouiu,
406 1281 517 1330 coram
548 1263 646 1331 nobis
676 1263 858 1331 constitutis
887 1283 931 1330 ex
960 1266 1086 1348 allera;
1109 1262 1196 1330 idem
1226 1264 1345 1331 Petrus

213 1369 256 1436 dc
286 1370 456 1438 voluntate
485 1370 649 1458 hospitum
666 1371 707 1437 de
722 1372 866 1458 Petrina,
882 1391 922 1438 ac
936 1373 1016 1439 socii
1032 1371 1178 1440 ciusdem
1194 1370 1343 1458 predicti,

215 1477 272 1564 qui
302 1497 414 1546 secum
445 1480 480 1546 in
509 1479 753 1566 presenciarum
787 1479 936 1566 aderant,
966 1481 1105 1567 prestito
1134 1485 1343 1550 mamerto

214 1585 313 1654 tactis
344 1589 450 1654 sacris
480 1588 649 1656 codicibus
689 1587 954 1674 ewangeliorum,
982 1589 1067 1656 sicut
1096 1589 1194 1656 iidem
1231 1609 1342 1656 coram

215 1695 312 1764 nobis
328 1701 404 1762 snut
419 1695 562 1763 confessi
578 1696 624 1764 ad
639 1717 694 1764 cor
708 1696 892 1785 redeuntes,
905 1705 1153 1784 assumpserunt
1166 1697 1208 1764 de
1222 1698 1340 1766 solun·

214 1808 296 1891 tate,
327 1809 364 1871 ut
379 1805 593 1891 premisimus,
615 1823 777 1874 consensu
792 1805 999 1890 beneplacito
1014 1826 1056 1873 ac
1071 1825 1228 1893 expreoeu
1246 1825 1342 1872 mau-

214 1907 294 1978 dato
310 1911 476 1998 hospitum
492 1911 679 1980 eorumdem
695 1938 703 1980 :
718 1911 805 1996 quod
820 1911 975 2000 deinceps
997 1917 1032 1981 in
1062 1921 1164 1979 antea
1194 1915 1341 1981 omnium

214 2037 322 2088 rerum
339 2039 470 2088 suarum
484 2021 588 2088 iustas
603 2020 747 2088 decimas
763 2018 903 2106 frugum,
927 2021 1064 2104 scilicet,
1078 2021 1158 2106 viui,
1174 2039 1344 2105 agnorum,

215 2147 330 2214 apum,
360 2151 402 2198 ac
431 2127 474 2195 de
505 2128 654 2197 custodia
685 2149 865 2215 porcorum,
905 2148 969 2214 que
999 2128 1139 2215 polycbe
1177 2126 1345 2214 dicuntur,

216 2234 345 2304 dabunt
375 2237 410 2302 in
449 2236 559 2324 specie
597 2243 666 2304 tam
704 2236 768 2322 ipsi
807 2237 963 2323 hospites,
1003 2257 1102 2322 quam
1133 2234 1178 2303 ad
1207 2233 1342 2303 eosdem

216 2351 413 2430 spectantes,
428 2346 485 2432 qui
498 2351 668 2412 terrestres
683 2343 844 2411 dicuntur.
860 2345 942 2410 Item
958 2364 1018 2431 pro
1032 2343 1168 2411 minutis
1190 2341 1337 2425 decimis,

213 2450 314 2519 millii
343 2452 478 2540 scilicet,
508 2452 663 2539 lrytarnm
695 2459 728 2519 et
759 2453 968 2538 gallinarum,
999 2459 1067 2520 tam
1097 2451 1163 2537 ipsi
1186 2449 1342 2534 hospites,

215 2579 316 2644 quam
332 2559 392 2628 alii
410 2558 560 2628 homines
590 2567 761 2628 terrestres
792 2559 835 2626 ad
866 2559 974 2645 ipsam
1004 2560 1116 2628 rilhm
1147 2565 1345 2646 spectantes,

213 2689 255 2737 ac
286 2669 393 2736 eciam
423 2668 548 2736 sellarii
576 2667 762 2737 eorumdem
793 2668 957 2753 hospitum
989 2668 1031 2736 de
1061 2667 1204 2752 singulis
1234 2665 1345 2752 tumis,

213 2776 365 2863 singulos
388 2776 471 2843 duos
500 2774 652 2843 denarios
683 2775 763 2842 darc
792 2781 826 2840 ct
854 2773 983 2842 solvere
1012 2775 1218 2843 tenebuntur.
1248 2775 1345 2841 Alias

212 2905 292 2954 vero
323 2882 470 2952 decimas
483 2882 662 2970 premissos
694 2884 774 2949 dsre
789 2881 824 2947 in
839 2879 952 2966 specie
982 2879 1148 2948 debebunt
1164 2881 1345 2949 secuudum

213 2991 347 3063 modum
363 2991 515 3079 superius
530 2995 732 3056 annotatum.
748 2985 800 3056 sd
814 2987 875 3055 bec
889 2985 1069 3071 assumpsit
1093 2986 1183 3054 idem
1212 2987 1342 3068 Petrus,

212 3101 322 3173 linior
352 3099 450 3187 Ville,
472 3105 506 3166 et
520 3096 656 3183 predicti
672 3095 753 3163 sccii
768 3093 925 3176 eiusdem,
949 3093 1082 3160 nomine
1106 3093 1254 3181 predicte
1267 3093 1346 3160 rille

214 3219 249 3280 et
263 3206 431 3294 mandato,
447 3205 535 3291 quod
548 3205 682 3273 racione
697 3203 824 3271 decime
839 3201 954 3269 tributi
968 3201 1031 3269 lori
1054 3201 1135 3269 ville
1164 3199 1340 3288 sepedictc,

213 3326 283 3388 tam
313 3316 385 3402 ipse
409 3313 515 3382 ltaior
544 3313 642 3395 ville,
671 3331 770 3397 quam
799 3311 856 3377 slii
886 3311 944 3393 qui
973 3310 1097 3377 inerint
1121 3329 1182 3396 pro
1197 3317 1344 3395 tenpore

213 3424 396 3510 constituti,
412 3421 499 3490 dicto
527 3421 662 3489 domino
691 3419 885 3486 Tbimotbeo
916 3417 1079 3504 Episcopo
1110 3420 1167 3484 vel
1197 3417 1344 3485 eiusdem

213 3537 407 3620 successori,
420 3539 477 3599 aut
491 3537 581 3616 certo
595 3529 716 3596 bomini
732 3526 879 3595 eiusdem
895 3525 1018 3594 domini
1033 3527 1187 3614 Episcopi
1202 3525 1344 3611 singulis

214 3643 313 3714 annis
329 3639 479 3727 singulas
494 3647 561 3708 tres
577 3657 698 3725 pensas
722 3634 930 3704 denariorum
955 3635 1230 3720 Zagrabiensiura
1259 3636 1350 3703 eirea

215 3753 336 3821 testum
367 3749 482 3816 Sancti
510 3746 642 3813 ilartini
673 3745 753 3812 dare
782 3751 814 3810 et
827 3745 957 3811 solvere
980 3743 1156 3811 debebunt.
1173 3744 1213 3808 ln
1227 3743 1348 3828 quibas

216 3859 370 3928 omnibus
400 3853 569 3941 premissis
598 3859 632 3918 et
670 3851 809 3935 singolis
850 3849 1083 3934 premissorum
1114 3869 1152 3916 se
1182 3849 1352 3917 debitores

217 3985 331 4036 eoram
361 3963 459 4030 nobis
487 3967 744 4045 recognoverunt
773 3977 811 4024 se
841 3957 961 4024 debere
992 3957 1158 4043 premissa
1185 3961 1299 4025 omnia
1313 3967 1349 4026 ct

216 4075 350 4160 singula
364 4069 596 4158 premissorum
612 4072 688 4135 snut
701 4063 860 4146 consessi;
876 4065 1066 4148 obligantes
1080 4085 1119 4133 se
1133 4065 1235 4133 iidem
1250 4068 1353 4135 uomi-

216 4203 259 4250 ne
292 4187 326 4250 et
340 4176 495 4247 mandato
525 4175 682 4243 dictorum
714 4173 878 4261 hospitum
908 4170 950 4239 de
973 4173 1120 4260 Petrina,
1137 4174 1227 4257 quod
1241 4175 1354 4242 omnia

219 4288 382 4379 premissa
395 4295 464 4354 tam
479 4283 545 4370 ipsi
560 4303 660 4368 qnam
675 4301 786 4350 eorum
807 4279 946 4348 heredes
976 4281 1216 4350 iuviolabiliter
1244 4284 1358 4350 obser·

217 4401 355 4466 rabunt.
386 4395 429 4460 Et
459 4397 495 4459 ut
523 4409 659 4478 presens
691 4388 859 4456 ordinacio
889 4391 990 4458 robur
1020 4391 1167 4458 obtineat
1180 4389 1355 4474 firmitatis,

218 4507 329 4592 ipsam
360 4523 421 4588 pro
451 4500 567 4567 maiori
599 4497 647 4566 rei
678 4496 873 4564 certitudine
903 4497 949 4564 ad
977 4499 1176 4566 instanciam
1205 4501 1357 4583 parcium

219 4612 328 4684 nostri
359 4607 462 4696 sigilli
492 4606 669 4676 munimine
700 4605 851 4674 duximus
867 4605 1102 4674 roborandam.
1117 4609 1238 4675 Datum
1253 4615 1288 4674 et
1302 4627 1356 4674 ac-
