3098 5132
620 989 692 1054 166.

114 1181 230 1268 Ropnzo
244 1190 336 1248 coros
353 1185 385 1248 cis
402 1185 477 1250 Ilte's
494 1185 706 1250 concurrebat
722 1183 881 1252 Grubesso
896 1187 1057 1254 comesset
1064 1185 1116 1266 fia
1132 1185 1216 1250 kbztc'

393 1293 582 1378 bardtsdpos
597 1291 793 1378 eyyezkcde's.
815 1291 911 1356 1231.

197 1488 288 1553 Anno
329 1487 567 1554 iucarnationis
608 1487 740 1555 Domini
782 1488 949 1553 millesimo
991 1485 1214 1553 ducentesimo

103 1592 263 1659 tricessimo
289 1593 404 1679 primo,
433 1597 554 1662 mensis
580 1595 774 1662 Novembris
801 1593 911 1680 quinto
938 1592 1063 1660 decimo
1091 1590 1153 1678 die,
1179 1595 1214 1658 in

104 1698 227 1766 Giritete
251 1701 400 1785 Regusii,
428 1701 460 1766 iu
487 1701 649 1769 Ordinato
685 1699 784 1770 Curia
811 1722 882 1768 cnm
909 1703 1017 1768 sonitu
1044 1721 1212 1786 campane.

104 1805 203 1872 Corum
228 1807 391 1891 presentia
417 1809 540 1876 domini
569 1809 733 1876 Johannis
759 1809 905 1875 Danduli
931 1808 1054 1892 Militis,
1080 1809 1214 1892 Rugusii

104 1912 231 1998 Comitis,
265 1923 430 1982 eteorum
463 1918 556 1984 vobis
588 1917 784 2002 subscriptis
818 1918 966 1983 testibus.
991 1917 1060 2000 Ego
1085 1914 1214 1999 quidem

103 2017 201 2089 Comes
225 2021 352 2109 Helius,
379 2021 465 2089 filius
483 2023 646 2091 erubesce
664 2023 826 2108 quondam
845 2022 1002 2106 Comitis3
1029 2023 1213 2088 conveniet

101 2129 277 2196 concordavi
304 2149 356 2195 me
381 2138 563 2216 spontanea
575 2150 650 2197 men
666 2135 752 2198 bons
769 2132 1019 2197 voluntatecum
1038 2129 1213 2196 Commune

100 2235 219 2322 Rugusii
236 2237 278 2304 de
295 2239 442 2305 omnibus
454 2239 560 2305 causis
571 2242 662 2323 meis,
674 2228 880 2324 etprbprium
893 2257 1031 2303 meorum
1049 2237 1213 2302 hominum

103 2365 169 2425 quus
184 2347 326 2411 tulerunt
337 2345 370 2410 in
388 2346 528 2432 Coroira,
541 2357 577 2412 ut
588 2347 706 2413 amodo
723 2348 756 2412 in
773 2355 871 2412 antee
889 2347 1064 2412 Commune
1081 2345 1214 2428 Rugusii

101 2457 153 2516 tem
169 2472 248 2520 ame
265 2471 395 2536 quamn
412 2457 494 2522 meis
510 2455 685 2522 heredibus
698 2464 764 2521 ets
780 2453 916 2540 propriis
935 2454 1014 2520 meis
1031 2453 1213 2520 bominibus

101 2569 272 2640 permaneat
305 2563 447 2646 quietum
466 2569 498 2628 et
528 2563 599 2631 sine
616 2561 819 2646 querimonia
847 2563 881 2626 iu
913 2569 1069 2629 eternum.
1089 2561 1127 2627 Ei
1153 2583 1213 2628 uos

100 2667 269 2734 Communis
295 2669 431 2752 Ragusii
450 2677 582 2756 propter
597 2677 687 2738 tuam
704 2673 882 2737 bonitatem
898 2677 931 2738 et
946 2669 1123 2737 amicitiam
1141 2669 1209 2756 tibi,

99 2771 214 2839 domine
231 2774 349 2842 Oomes
365 2775 473 2862 Helie,
491 2787 523 2842 et
539 2778 603 2844 tuis
618 2777 793 2846 heredibus
821 2785 852 2845 st
868 2779 934 2843 tuis
950 2779 1090 2862 propriis
1107 2779 1209 2842 homi·

102 2881 182 2949 uibus
208 2883 368 2970 volumus,
395 2892 431 2950 ut
457 2893 550 2970 porte
566 2891 678 2952 nostre
703 2884 845 2953 civitatis
862 2885 927 2952 sint
943 2893 1066 2970 operte.
1084 2883 1134 2950 De
1149 2883 1209 2950 hoo

100 2997 194 3055 sutem
233 2998 308 3057 suut
350 2991 414 3058 due
440 2999 527 3058 carte
567 2992 703 3078 similes,
740 2992 800 3060 hee
826 3000 859 3061 et
897 2991 983 3074 aiia5
1022 2993 1080 3059 bec
1106 2998 1213 3059 autem

101 3103 179 3162 certe
207 3098 298 3164 nullo
330 3098 514 3166 testimonio
533 3101 638 3185 rumpi
656 3099 767 3186 possit.
796 3099 850 3166 Hii
866 3109 941 3168 suut
957 3104 1072 3167 testes:
1099 3097 1215 3166 Comes

100 3203 281 3290 Drsgsnuus
299 3205 339 3274 de
356 3207 505 3289 Almisio,
522 3212 554 3274 et
570 3207 675 3276 Boreo
685 3207 792 3277 Jndex
808 3208 850 3275 de
866 3209 982 3294 Clissn,
999 3216 1032 3274 et
1048 3205 1214 3273 Jobanues

103 3309 244 3396 nandulo,
254 3321 286 3380 et
297 3312 475 3382 Gervnsins
486 3313 615 3403 Marini,
627 3321 658 3381 et
669 3315 817 3384 Andreas
827 3317 990 3404 Dabrune,
1004 3323 1036 3382 et
1052 3313 1212 3380 Bobouua

104 3417 177 3484 Petn‘
192 3419 293 3487 Juruti
305 3420 447 3508 Jndioes,
459 3427 492 3487 et
501 3421 616 3490 Petrus
626 3421 815 3508 Ballisluve‚
826 3423 1048 3490 etDsmionus
1058 3418 1212 3502 norisne,

107 3533 130 3586 et
164 3527 282 3594 Thoms
323 3529 452 3596 Peusue
492 3526 689 3618 Consilisrii,
723 3540 754 3597 et
794 3533 907 3600 Petrus
937 3531 1037 3597 Ziela.
1071 3531 1113 3594 Et
1153 3547 1214 3610 ego

107 3635 244 3712 presbiter
268 3635 424 3718 Paeoniis,
450 3643 482 3702 et
507 3637 693 3704 communis
718 3637 872 3705 Notarius
897 3636 1042 3724 Jcratus,
1068 3635 1207 3720 scriptor

109 3757 166 3803 surn
181 3749 209 3807 et
223 3743 322 3810 testis.

200 3940 331 3998 (Erecletis
350 3943 525 4006 borhtrtpsn
545 3957 562 3992 a
581 3944 656 3994 bscsi
676 3943 796 3992 cstszstri
816 3943 902 3993 tibkos
921 3941 1115 4004 leveltrtrbun.)

516 4229 784 4237 ffl-
