3080 5146
649 813 726 884 tol.

23 969 24 972 Ἴ
112 1015 178 1080 IV.
196 1016 285 1082 Belo
299 1015 410 1100 kirdly
425 1013 587 1102 eapeddlpt
603 1011 648 1078 dd
662 1013 758 1078 Boeo
788 1035 889 1079 comes
919 1015 1075 1082 tractat
1094 1013 1252 1104 joopen·

113 1125 194 1210 nole,
211 1125 296 1210 bogy
312 1147 353 1188 az
368 1121 569 1206 odomdcydl
583 1132 679 1208 agent
702 1119 893 1202 Zobodpeba
916 1127 998 1187 neoti
1019 1120 1129 1206 fdldct
1159 1121 1248 1189 clod·

572 1231 679 1294 basso.
696 1227 795 1293 1251.

229 1423 311 1492 Bela
326 1422 389 1489 Dei
405 1423 518 1508 gracia
534 1419 714 1506 Hungarie,
745 1419 925 1506 Dalmaeie,
957 1418 1106 1506 Oroacie,
1137 1421 1253 1506 Rame,

114 1529 243 1612 Seruie,
260 1527 413 1612 Gallicis,
428 1529 633 1615 Lodomerie,
651 1527 873 1613 cruenteque
887 1528 958 1596 Rex
968 1528 1119 1596 omnibus
1130 1527 1251 1597 christi

117 1635 274 1704 fidelibus
289 1644 474 1724 presentem
489 1637 648 1722 paginam
664 1637 864 1720 inspecturis
882 1635 1021 1703 salutem
1047 1635 1082 1702 in
1108 1636 1250 1704 Domino

115 1743 195 1812 lesu
213 1743 352 1812 Obristo.
376 1743 469 1823 Quod
492 1744 599 1828 Regia
630 1740 827 1809 auctoritate
848 1742 1006 1830 sancitur,
1037 1741 1253 1812 fondamento

117 1853 270 1919 innititur
285 1859 441 1939 perpetue
456 1850 633 1919 firmitatis.
653 1851 739 1918 Hinc
754 1855 814 1938 est,
847 1849 935 1934 quod
951 1849 996 1916 ad
1028 1851 1251 1920 uniuersorum

118 1959 279 2026 noticiam
295 1966 408 2026 tenore
423 1957 629 2044 presencium
644 1957 793 2024 volumus
826 1955 1000 2041 peruenire
1016 1981 1026 2024 ε
1040 1955 1130 2041 quod
1160 1961 1251 2026 Baas

119 2066 208 2135 filius
227 2068 361 2136 Comitis
378 2068 466 2135 Baas
481 2067 596 2134 Comes
612 2063 881 2150 Triucbyniensis
908 2063 1046 2132 dilectus
1077 2069 1111 2132 et
1141 2065 1250 2136 fidelis

118 2181 239 2262 noster,
271 2175 314 2242 ad
330 2181 476 2243 nostram
492 2172 651 2242 accedens
667 2173 872 2258 presenciam
888 2192 910 2236 a
925 2169 1020 2238 uobis
1036 2191 1108 2238 eum
1125 2173 1252 2240 instan-

123 2281 174 2347 cia
191 2283 387 2366 postulauit,
404 2281 490 2366 quod
507 2301 577 2348 eum
598 2283 679 2368 ipse,
696 2299 754 2365 pro
771 2277 963 2364 quibusdam
989 2277 1057 2344 ruis
1088 2277 1253 2364 oportuni·

121 2389 246 2456 tatibus
264 2395 297 2456 ct
313 2388 562 2456 necessitatibus
580 2407 654 2454 eum
671 2387 940 2472 compellentibus
972 2382 1156 2466 euidenter,
1189 2393 1251 2453 ter-

123 2517 193 2562 ram
209 2517 302 2565 suam
318 2495 518 2582 Zobodycha
542 2502 704 2578 uoeamm,
735 2512 800 2578 que
825 2493 990 2580 quondam
1023 2500 1111 2560 terra
1142 2491 1252 2560 Gastri

124 2604 225 2672 nostri
241 2604 282 2672 de
298 2603 391 2670 Baua
407 2603 523 2691 iuerat,
542 2622 638 2686 quam
655 2622 713 2688 pro
745 2601 813 2668 suis
845 2599 995 2668 fidelibus
1027 2599 1190 2686 obsequijs
1221 2607 1254 2667 et

123 2708 337 2776 fidelitatibus
353 2707 530 2792 meritorijs
547 2707 587 2773 de
602 2713 718 2775 nostra
734 2707 848 2790 gracia
864 2715 914 2774 est
930 2707 1082 2791 adeptus,
1100 2703 1253 2790 quemad-

124 2817 255 2884 modum
272 2816 478 2903 priuilegium
496 2815 677 2883 confectum
694 2814 814 2882 exinde
829 2812 864 2878 id
880 2813 1032 2880 declarat
1047 2832 1105 2897 per
1121 2815 1254 2898 singula

126 2923 283 3010 seriatim,¹
315 2943 476 3008 exponere
499 2921 685 2990 uendicioni
711 2922 876 3008 disponat,
908 2926 942 2985 et
971 2919 1016 2986 ad
1047 2919 1253 2987 rendendum

127 3032 306 3115 predictam
330 3029 572 3118 possessiouem
603 3031 682 3096 dare
712 3029 743 3095 ei
773 3029 944 3096 licenciam
977 3027 1020 3094 de
1051 3028 1255 3111 benignitate

126 3141 226 3225 Regia
242 3139 462 3224 dignaremur.
486 3137 556 3205 Nos
571 3143 681 3205 autem
697 3135 917 3224 attendentes,
933 3132 1020 3219 quod
1035 3133 1129 3202 iustis
1144 3141 1254 3221 peten-

128 3249 209 3314 cium
227 3245 400 3331 desiderijs
416 3265 477 3312 uos
509 3243 626 3311 deceat
657 3243 787 3309 facilem
820 3243 955 3328 prebere
986 3259 1191 3326 consensum,
1222 3247 1255 3307 et

128 3361 214 3441 uota,
231 3375 294 3438 que
310 3375 331 3420 a
346 3352 489 3422 racionis
516 3349 646 3418 tramite
677 3370 741 3416 non
774 3349 973 3432 discordant,
996 3347 1114 3414 effectu
1145 3368 1256 3435 prose-

129 3469 246 3544 quente
262 3462 423 3547 complere
437 3483 445 3546 ς
470 3457 576 3527 eidem
592 3458 678 3525 Baas
696 3457 813 3524 Comiti
827 3455 1070 3522 Trincbiniensi
1087 3454 1205 3522 dilecto
1222 3462 1255 3524 ot

128 3567 216 3636 fideli
230 3573 341 3634 nostro
359 3567 402 3633 ad
418 3565 625 3635 uendendum
644 3563 821 3650 predictam
840 3568 960 3628 terram
977 3561 1128 3630 dedimus
1156 3561 1256 3630 licen-

128 3677 209 3742 ciam
224 3674 407 3760 specialem
425 3700 433 3739 :
451 3673 507 3759 qui
523 3673 652 3741 demum
667 3691 704 3740 so
719 3669 909 3754 recognocit
925 3677 957 3735 et
972 3671 1144 3736 confessus
1162 3669 1255 3736 estin

129 3787 239 3854 rostro
254 3787 441 3868 conspectu,
467 3787 674 3867 prenotatam
706 3777 945 3866 possessionem
975 3795 1068 3844 suam
1099 3775 1256 3862 Magistro

129 3892 201 3958 libe
217 3889 284 3956 lilio
300 3886 371 3954 Abe
387 3886 506 3954 dilecto
524 3892 557 3952 et
572 3884 661 3952 fideli
678 3891 787 3954 nostro
801 3883 1002 3968 uendidisse,
1019 3883 1209 3968 assignasse
1224 3891 1257 3953 et

130 3997 316 4082 exposuisse
331 4017 391 4082 pro
408 3991 629 4077 quadraginta
644 3993 763 4059 marcis
779 3993 836 4060 fini
846 3990 974 4075 argenti
985 3989 1082 4076 plene
1091 3991 1134 4056 ab
1144 3991 1256 4058 eodem

129 4104 268 4190 receptis
283 4105 353 4171 iure
368 4111 535 4189 perpetuo,
554 4110 622 4169 tam
640 4101 712 4188 sibi,
729 4121 828 4185 quam
846 4100 915 4168 suis
932 4098 1010 4182 fitijr
1027 4104 1058 4163 et
1084 4101 1256 4183 posterita-

130 4211 215 4277 tibus
244 4209 442 4278 sueoessiuis
466 4207 731 4275 inreuoeabiliter
746 4227 818 4274 eum
836 4207 985 4275 omnibus
1000 4203 1199 4275 utilitatibus
1224 4214 1258 4273 et

134 4317 343 4404 pertinencijs
360 4317 440 4402 suis,
467 4334 539 4381 eum
554 4314 648 4383 siluis
665 4313 831 4401 uidelicet,
862 4311 1061 4392 nemoribus,
1091 4310 1210 4382 icuotia
1226 4321 1264 4382 et

134 4422 212 4493 locis
229 4425 369 4492 desertis
386 4419 630 4509 possidendam.
670 4421 714 4490 vt
728 4422 829 4508 igitur
845 4419 941 4488 buius
958 4417 1163 4485 uendieionis
1188 4419 1264 4488 siue
