3150 5162
682 307 744 372 501

628 393 790 419 φ...-

138 505 274 572 inserius
291 503 464 590 deputatis,
481 502 628 588 perdices
645 509 753 570 autem
770 522 889 588 capere
905 502 939 568 iu
971 501 1059 568 nullo
1090 501 1162 570 loco
1196 521 1264 586 pre-

139 620 336 700 sumpment.
366 615 449 679 Item
481 611 688 698 prohibemus
722 632 777 679 eos
809 612 930 696 piscari
948 612 982 678 iu
997 609 1112 677 fluuiis
1128 610 1269 696 Waagh,

140 720 304 808 hypeehe,
319 721 480 808 Reuucae,
496 719 612 807 Tepla,
629 727 661 788 et
677 721 879 805 Beatrencac,
896 719 950 804 qui
966 739 1025 805 pro
1041 717 1137 786 nobis
1153 716 1273 786 debent

141 829 320 914 custodiri3
353 829 387 896 iu
411 827 490 913 alljs
506 835 613 896 autem
630 828 726 914 aquis
744 827 881 895 liberam
898 825 946 894 eis
962 826 1109 894 dedimus
1125 825 1271 912 piscandi

140 941 342 1028 potestatem,
374 936 407 1002 in
425 933 554 1021 Waa'gh
571 935 677 1004 eciam
693 935 815 1021 piscari
836 941 973 1020 possunt
990 955 1060 1001 oum
1077 935 1136 1002 tali
1152 937 1271 1004 instru-

138 1048 258 1130 mento,
284 1043 369 1127 quod
393 1044 558 1130 wlgariter
575 1046 661 1112 vaall
686 1043 813 1126 dicitur,
833 1043 919 1128 quod
937 1063 1001 1110 uno
1018 1041 1102 1128 pede
1119 1041 1270 1110 videlicet

139 1151 214 1217 duci
230 1159 348 1236 potest.
368 1154 449 1220 Item
468 1152 658 1238 courcelles,
675 1159 708 1220 et
728 1153 855 1237 lepores
871 1151 972 1218 libere
988 1157 1125 1236 possunt
1143 1150 1268 1218 venari.

138 1260 221 1326 Item
252 1261 281 1328 si
308 1259 380 1344 quis
395 1261 538 1347 ipsorum
555 1260 627 1328 sine
642 1259 818 1328 heredibus
835 1257 1020 1346 decesserit,
1053 1259 1162 1328 omnia
1178 1261 1264 1328 bona

140 1387 211 1454 sua,
228 1369 258 1436 si
274 1367 404 1436 tratrem
421 1368 580 1451 habuerit,
597 1367 692 1434 fratri
707 1388 765 1436 suo
781 1365 999 1451 devolventur,
1015 1367 1269 1454 hooobservato,

142 1475 228 1560 quod
260 1476 376 1544 (lomes
392 1477 526 1564 recipiet
552 1498 592 1544 ex
609 1476 685 1544 linis
702 1473 749 1564 (l)
766 1475 833 1544 suin
849 1496 946 1542 unam
963 1495 1041 1560 rem,
1056 1495 1153 1560 quam
1171 1475 1268 1558 velit;

138 1583 167 1652 ai
183 1603 259 1650 vero
274 1567 407 1651 fratrem
418 1606 482 1652 uon
499 1584 658 1671 habuerit,
674 1590 707 1650 et
721 1583 825 1650 filiam
841 1583 1002 1670 habuerit,
1018 1581 1133 1650 Comes
1152 1581 1267 1650 simili-

138 1701 187 1761 ter
202 1713 301 1760 uuam
320 1711 387 1758 rem
402 1692 548 1780 recipiet,
565 1712 663 1776 quam
680 1691 721 1758 de
737 1691 834 1759 rebus
850 1690 918 1758 suis
929 1689 1058 1758 duxerit
1070 1689 1267 1777 eligendam,

140 1799 205 1868 alie
220 1819 297 1869 vero
313 1821 365 1868 res
380 1801 483 1888 ipsius
501 1800 715 1868 remanebunt
730 1798 794 1866 filie
811 1805 843 1868 et
859 1800 973 1885 uxori3
989 1799 1019 1868 si
1036 1819 1113 1868 vero
1129 1817 1188 1866 neo
1211 1798 1269 1866 lili·

139 1930 204 1994 am,
236 1916 269 1976 et
299 1929 358 1978 neo
384 1908 518 1977 fratrem
534 1905 693 1991 habuerit,
710 1925 752 1976 cx
768 1915 845 1975 tunc
860 1906 925 1974 due
941 1913 1051 1992 partes
1068 1926 1174 1974 rerum
1191 1926 1267 1974 sua·

139 2038 207 2084 rum
225 2014 341 2083 cedent
357 2015 485 2100 (lomIti,
502 2015 604 2082 tercia
620 2021 714 2100 parte
731 2013 822 2082 uxori
851 2013 957 2100 ipsius
988 2013 1131 2082 defuncti
1163 2035 1265 2082 rema·

138 2130 244 2192 nente.
260 2123 344 2191 Item
354 2121 514 2190 Officialis
531 2121 664 2190 Comitis
680 2123 714 2188 in
729 2122 800 2190 loco
817 2122 888 2209 fori,
903 2135 936 2190 et
952 2143 1015 2190 uon
1031 2121 1065 2187 in
1082 2121 1161 2189 villa
1178 2122 1261 2188 iudi·

139 2231 227 2300 cabit
243 2231 329 2300 iuter
345 2231 444 2318 ipsos
469 2232 552 2299 Item
584 2250 687 2314 agnos
720 2227 906 2313 decimales,
938 2235 972 2298 et
1002 2229 1078 2316 mel,
1109 2249 1149 2297 ac
1182 2229 1266 2298 alias

138 2339 282 2408 minutas
296 2339 440 2407 decimas
458 2339 537 2406 darc
552 2360 618 2406 non
635 2343 794 2407 tenentur.
817 2337 952 2406 Villicus
969 2344 1088 2425 autem,
1107 2343 1140 2406 et
1155 2357 1263 2426 preco,

139 2449 192 2534 qui
208 2449 335 2516 bachen
368 2447 496 2534 dicitur,
523 2467 562 2514 ac
593 2447 650 2516 ille
682 2447 787 2532 miles,
817 2448 874 2531 qui
903 2446 938 2512 in
970 2467 1029 2515 suo
1061 2468 1117 2516 ere
1148 2467 1266 2531 equum
1342 2497 1345 2503 .

141 2557 374 2625 exercitualem
406 2561 506 2644 tenet,
553 2556 678 2622 nullum
726 2573 857 2624 censum
898 2555 1026 2624 soluere
1063 2557 1267 2626 tenebuntur.

139 2668 220 2734 ltem
235 2673 347 2753 pastor
363 2667 458 2733 houm
476 2683 533 2732 seu
559 2663 698 2731 aliorum
729 2663 930 2753 animalium,
961 2663 1003 2732 de
1035 2665 1153 2748 quibus
1183 2667 1263 2736 villa

138 2773 302 2860 predictos
328 2771 498 2840 duodecim
516 2771 675 2854 denarios,
707 2793 788 2855 quos
803 2773 932 2841 racione
947 2792 1064 2840 census
1078 2773 1137 2839 alii
1152 2775 1264 2861 populi
1382 2838 1388 2845 .

137 2881 229 2967 dant,
246 2880 375 2948 soluere
390 2899 455 2946 nou
474 2885 610 2948 tenetur.
632 2881 712 2948 Item
732 2877 767 2945 iu
784 2879 964 2947 minoribus
995 2879 1103 2946 causis
1135 2881 1266 2949 racione

131 2987 250 3074 judicii
281 2987 395 3058 Comes
427 2988 525 3058 debet
554 2987 698 3073 recipere
728 2987 793 3054 duo
825 2985 979 3074 pondera,
999 2993 1033 3054 et
1062 3008 1126 3054 nou
1160 2991 1264 3074 ultra;

135 3104 226 3166 actor
259 3117 335 3164 vero
361 3105 575 3182 consequetur
590 3097 635 3181 id,
652 3097 739 3181 quod
755 3096 797 3164 dc
816 3094 1049 3164 consuetudine
1064 3114 1175 3162 eorum
1191 3094 1266 3164 hac-

135 3212 230 3273 teuus
261 3204 438 3272 consueuit.
474 3205 554 3272 Item
587 3204 627 3271 de
652 3203 779 3293 judIcio
796 3204 875 3272 ville
891 3203 925 3268 in
942 3201 1120 3270 minoribus
1145 3203 1266 3288 causis,

136 3333 276 3401 proquo
293 3313 382 3398 prins
399 3313 512 3382 decem
529 3332 631 3399 pense
651 3313 860 3381 denariorum
891 3311 1111 3396 uoluebantur,
1143 3311 1266 3379 miseri-

137 3422 282 3490 cordiam
315 3420 451 3489 fecimus
483 3441 556 3489 cum
589 3420 722 3508 eisdem,
755 3427 791 3488 ut
825 3418 865 3487 dc
881 3425 988 3486 cetero
1005 3419 1136 3486 racione
1149 3417 1266 3504 judIcii

137 3529 253 3598 Comiti
268 3528 414 3596 fraterne
428 3529 554 3597 soluere
572 3533 756 3596 teneantur.
772 3527 855 3594 Item
885 3527 919 3593 in
949 3525 1127 3610 maj0ribus
1156 3526 1266 3596 causta

136 3635 311 3721 homicidii,
343 3636 432 3725 furti,
472 3636 644 3722 latrocinii,
675 3635 813 3724 talsarij,
845 3632 998 3721 incendii,
1030 3633 1263 3702 mutillacionin

136 3747 361 3827 membrorum,
393 3751 425 3812 et
442 3745 647 3830 vsagittarios
678 3741 727 3832 (l)
759 3763 869 3811 eorum
902 3749 1057 3812 consueto
1088 3741 1120 3808 in
1151 3743 1266 3825 Regno

131 3853 258 3940 jndicio
289 3853 511 3938 subjacebunt
554 3851 635 3918 Item
651 3849 784 3918 racione
799 3849 1010 3935 purgacionis
1026 3849 1060 3916 in
1071 3849 1260 3934 juramento

137 3960 220 4028 duos
237 3959 391 4027 denarios
407 3956 577 4044 sacerdoti,
596 3964 629 4025 ct
646 3957 814 4025 duodecim
843 3957 994 4026 denarios
1026 3977 1084 4041 pro
1117 3963 1262 4043 tempore

136 4069 313 4136 constituto
343 4063 459 4132 (lomiti
492 4067 545 4134 uel
577 4065 719 4134 Officiali
735 4085 795 4133 suo
812 4063 891 4132 dare
906 4063 1028 4133 debent
1044 4063 1085 4130 de
1101 4065 1262 4132 communi

136 4175 394 4262 quandocunque
420 4173 605 4260 Juraverint
636 4173 782 4241 homines
812 4191 911 4259 snper
942 4193 1008 4240 una
1039 4191 1149 4240 causa.
1181 4172 1264 4240 Item

138 4285 254 4352 (loma
284 4303 341 4351 seu
372 4281 533 4350 Officialis
557 4283 711 4369 ipsorum,
744 4281 789 4348 ad
805 4280 1010 4366 litigandum,
1029 4301 1087 4347 seu
1102 4280 1265 4363 agendum

138 4391 276 4459 inuicem
291 4411 346 4458 eos
362 4391 554 4477 compellere
570 4409 634 4457 non
651 4389 781 4477 poterit,
814 4409 875 4457 nec
905 4407 964 4474 pro
995 4387 1127 4471 erimine
1159 4389 1265 4456 minus

140 4497 295 4566 evidenti.
310 4499 392 4564 Item
408 4495 550 4564 curialis
581 4495 696 4564 (lomes
730 4496 873 4582 ipsorum
893 4495 1057 4562 Vicarium
1074 4495 1266 4563 substituere

139 4627 201 4676 uon
219 4604 339 4698 poterit
355 4602 634 4694 adjudicandum,
652 4623 714 4672 nec
730 4602 1020 4688 condemnandum,
1042 4599 1145 4672 donec
1176 4603 1265 4673 vide·
