3164 5154
782 333 942 450 A

303 529 404 616 liano.
428 545 606 616 dictavero
623 545 757 634 predicti
774 547 879 635 predii
896 547 1000 616 tendit
1011 567 1114 634 usque
1130 549 1174 617 ad
1191 551 1334 620 rivnlnbr
1353 552 1430 621 iilo·

301 656 409 744 bosea,
425 663 457 722 et
472 653 625 724 dividitur
640 675 712 722 cnm
727 663 815 723 nrcta
830 655 978 742 Samsey,
994 655 1115 724 deinde
1144 657 1248 724 tendit
1279 661 1431 748 superios

301 762 345 830 ad
360 769 502 832 montem
519 761 711 846 Wolcmerij,
736 761 782 830 ibi
798 763 1000 850 protenditur
1030 761 1064 830 in
1097 763 1230 848 longum
1262 767 1296 834 in
1331 768 1428 836 dorso

300 871 420 938 montis
436 877 469 938 et
484 870 653 939 descendit
667 872 701 938 in
718 871 839 939 vallem
854 890 912 956 per
927 890 1041 939 nasum
1058 872 1204 940 eiusdem
1229 873 1363 960 montis,
1396 883 1429 942 et

300 977 377 1045 inde
392 985 481 1045 recto
495 978 625 1046 tramite
642 978 790 1046 ascendit
805 977 849 1045 ad
864 985 1004 1046 montem
1019 978 1120 1046 slinnr
1138 979 1192 1046 ubi
1211 989 1263 1048 est
1295 981 1362 1070 via,
1397 989 1430 1048 et

299 1085 341 1153 dc
356 1086 410 1153 via
425 1084 628 1154 descenditur
644 1091 676 1153 ct
691 1085 839 1154 ascendit
853 1084 898 1152 ad
915 1085 1046 1154 tercium
1062 1093 1215 1176 montem,
1227 1093 1260 1154 et
1271 1108 1330 1175 per
1339 1110 1428 1156 mon·

300 1203 365 1262 tem
381 1194 445 1262 itur
461 1201 493 1262 et
509 1194 607 1262 certis
631 1193 725 1262 metis
756 1191 923 1260 descendit
956 1201 987 1262 et
1018 1193 1167 1262 ascendit
1197 1195 1241 1261 ad
1273 1217 1427 1281 magnum

300 1309 441 1370 montem
456 1301 499 1368 ad
513 1293 609 1387 viam,
637 1299 689 1368 nbi
712 1301 857 1386 iungitur
887 1321 959 1370 conr
990 1299 1274 1390 Garastienslbns,
1306 1313 1339 1373 et
1371 1325 1428 1392 per

299 1411 386 1478 snm
402 1409 494 1476 illam
510 1407 621 1476 iturin
646 1427 800 1492 magnam
830 1407 927 1495 viam,
961 1429 1019 1497 per
1052 1430 1148 1494 qnam
1183 1411 1354 1482 descendit
1384 1411 1427 1480 ad

299 1537 418 1603 aquarn
435 1518 538 1600 Bigna
554 1523 586 1584 et
600 1516 742 1599 iungitur
757 1516 1044 1601 Zagrabiensibns.
1068 1517 1111 1586 Et
1125 1539 1166 1585 ne
1192 1519 1255 1587 boc
1281 1529 1427 1589 nostrum

300 1625 480 1694 institutum
496 1643 621 1690 annosa
637 1623 767 1692 aboleat
791 1633 947 1713 vetustas,
974 1627 1025 1693 vol
1041 1626 1224 1710 iniquorum
1239 1635 1427 1714 pervertere

302 1733 413 1802 valeat
428 1732 606 1820 sagacitas,
623 1731 827 1818 privilegium
844 1753 902 1820 per
917 1733 1088 1802 Notarium
1106 1755 1214 1803 meum
1231 1735 1353 1802 Wasca
1377 1735 1425 1802 in·

300 1840 399 1910 scribi
414 1839 486 1926 feci,
502 1849 534 1907 et
549 1840 664 1926 Regali
680 1839 789 1926 sigillo
806 1847 839 1906 et
863 1841 986 1908 annulli
1012 1841 1075 1909 mei
1099 1841 1303 1929 inpressione
1334 1843 1427 1910 robo-

299 1948 380 2016 ravi.
405 1945 498 2025 Quod
514 1945 627 2032 siquis
643 1947 764 2013 violare
780 1949 997 2036 temptaverit,
1024 1954 1059 2017 ut
1081 1947 1184 2032 Regio
1214 1950 1427 2018 institutionis

298 2074 373 2124 rcus
388 2063 419 2122 ct
434 2055 580 2124 Ecclesic
595 2054 732 2121 violator
747 2074 864 2141 penam
881 2055 951 2123 luat
966 2063 998 2123 et
1014 2056 1111 2124 rebus
1127 2057 1195 2124 suis
1221 2054 1426 2146 mul(c)tstns

304 2161 644 2232 excommunicationis
660 2163 798 2230 subbeat
827 2161 1032 2232 sententiam.
1072 2165 1206 2231 Factum
1237 2172 1287 2232 est
1317 2173 1425 2234 autern

299 2268 360 2338 hoc
383 2271 590 2357 privilegium
621 2289 707 2337 nnnc
738 2269 907 2337 Dominice
936 2272 1178 2339 Incernationis
1209 2271 1423 2341 MGLXXXI.

299 2378 471 2462 Regncntc
488 2376 722 2462 gloriosissimo
738 2377 829 2460 Rege
844 2375 923 2447 Bela
939 2379 999 2448 ΙΙΙ.
1028 2379 1119 2448 Luca
1135 2379 1352 2462 strigoniensi
1368 2379 1426 2448 Ar·

233 2481 237 2488 '
300 2484 504 2574 cbiepiscopo
521 2485 690 2574 existente,
707 2485 856 2554 Johanne
872 2486 1106 2572 Besprimiensi
1137 2487 1314 2575 Episcopo,
1347 2489 1423 2557 Pro

300 2593 386 2660 dano
401 2589 614 2678 Zagrabiensi
631 2593 801 2682 Episcopo,
817 2593 972 2662 Farcasio
988 2595 1139 2661 Palatino
1164 2593 1299 2684 domita,
1332 2596 1423 2664 Oum-

299 2701 435 2786 purdino
453 2699 574 2770 Corioli
592 2699 723 2781 Gemite,
739 2699 887 2770 Dionlsio
903 2701 1006 2786 Bano,
1032 2701 1094 2771 Bot
1124 2703 1260 2772 Albensi
1291 2703 1424 2792 cornito,

299 2816 331 2878 ct
347 2807 421 2877 aliis
436 2809 582 2897 pluribus
598 2807 701 2897 Regni
718 2807 863 2879 eiusdem
879 2809 1086 2898 Principibus
1103 2811 1333 2881 existentibus.

299 3009 461 3076 (Phalesina,
479 3009 663 3064 Monumenta
681 2993 818 3063 historica
830 3009 1017 3090 Episcopatps
1032 3009 1230 3078 Zagrabiensis
1244 3012 1267 3064 1.
1281 3011 1341 3065 ket.
1355 3015 1380 3064 4.
1395 3013 1424 3077 1.)

727 3301 992 3314 -ffl—-t

833 3833 886 3910 29.

401 4042 601 4130 Epyezkedee
618 4043 754 4133 Raqazo
770 4044 802 4110 es
817 4039 954 4110 Cottarc
970 4044 1107 4112 caract
1121 4043 1202 4110 le'o'zt.
1221 4043 1315 4112 1181.

385 4241 423 4309 In
441 4237 704 4310 annoDominice
714 4237 954 4308 Incarnationis
964 4238 1137 4310 millasimo
1153 4239 1330 4313 centesimo
1341 4247 1424 4312 octo·

295 4347 437 4434 gessimo
452 4349 564 4438 primo,
581 4347 757 4416 indictione
772 4349 886 4433 quinta
905 4347 1042 4431 decimo,
1065 4348 1225 4432 vigesimo
1235 4346 1422 4420 dianiensis

293 4453 506 4544 septembris,
537 4458 571 4524 in
585 4455 741 4543 Ragusio.
778 4453 891 4524 Comes
918 4453 1064 4545 Triphon
1080 4455 1274 4526 Dominator
1300 4457 1423 4538 Osteri,

293 4567 425 4635 veniens
441 4564 618 4649 Ragnsinm
635 4583 707 4631 curn
724 4561 833 4631 Dabro
858 4569 890 4630 et
916 4563 1009 4632 Jotne
1026 4561 1067 4632 de
1099 4563 1220 4649 Dabro,
1253 4561 1352 4632 Dolle
1383 4559 1424 4632 de

292 4669 463 4762 Seaeueno,
495 4671 606 4740 Blasio
632 4671 673 4739 da
706 4671 868 4762 Fencello,
901 4671 1027 4740 liuticio
1061 4671 1102 4740 de
1131 4671 1211 4739 Poto
1237 4671 1281 4739 ad
1307 4682 1422 4762 paceni
