3078 5128
813 320 973 418 Q

325 515 399 583 loco
415 513 503 581 curie
518 519 595 598 apto
610 512 656 580 ad
670 519 792 582 statum
811 512 999 598 molendini,
1015 513 1056 580 de
1072 533 1132 581 suo
1150 515 1219 581 iure
1233 518 1378 602 proprio.
1414 518 1458 586 llo

326 628 436 690 tamen
455 619 714 688 confirmacionis
731 624 764 687 et
779 623 894 688 statuti
910 619 1051 706 vinculo,
1068 619 1157 704 quod
1173 640 1272 706 super
1298 623 1370 691 loco
1398 637 1457 694 mo·

324 726 453 794 londini
477 733 509 794 et
523 725 598 794 loco
623 725 711 792 curie
741 746 800 811 per
831 746 1064 812 quemcumque
1095 727 1158 814 ipsi
1189 728 1313 796 Poueto
1346 731 1458 816 aliqua

328 835 534 902 incumberet
549 833 785 922 controuersia,
799 832 934 902 dictiN
952 840 986 901 et
1016 833 1056 900 lt
1089 841 1278 904 tenerentur
1310 857 1388 907 eum
1421 839 1532 906 ab
1531 881 1532 974 1

330 941 480 1010 omuibus
497 941 735 1026 impetitoribus
751 941 925 1027 expedir05
943 947 976 1008 et
1000 941 1029 1008 si
1046 961 1112 1028 qna
1143 941 1289 1028 parcium
1321 944 1363 1011 ab
1398 945 1457 1012 hac

330 1051 472 1118 resiliret
488 1048 736 1134 composicione,
762 1047 883 1115 iudicio
898 1055 1036 1133 quatuor
1052 1069 1235 1118 marcarum
1259 1051 1455 1120 subiaceret.
1531 1093 1532 1114 r

328 1159 452 1224 Rursus
468 1157 567 1240 igitur
581 1155 722 1226 Matthias
738 1157 985 1241 prenominatus
1001 1163 1140 1225 statutus
1157 1176 1266 1224 coram
1282 1158 1379 1226 nobis
1390 1166 1454 1227 tam
1531 1177 1532 1258 j

330 1287 388 1352 pro
404 1285 441 1334 se
458 1285 553 1348 quam
571 1285 631 1348 pro
648 1263 748 1330 fratre
763 1282 822 1329 suo
838 1261 1000 1332 Nicbolao
1025 1266 1164 1332 asseruit
1188 1264 1313 1332 dictam
1338 1273 1457 1334 terram
1531 1263 1532 1340 Ῐ

328 1373 466 1440 duorum
481 1377 677 1450 aratrorum,
701 1387 882 1453 superque
898 1369 988 1453 prius
1004 1370 1131 1436 mencio
1157 1369 1274 1454 iuerat,
1305 1391 1328 1438 a
1351 1371 1458 1440 Ponsc

329 1488 363 1546 et
377 1477 557 1546 Lauremio
572 1475 735 1559 requirere
750 1495 816 1544 uon
833 1478 992 1561 potuisse,
1023 1476 1082 1545 sed
1106 1477 1254 1544 Ponetho
1285 1479 1464 1564 reliquisse

328 1585 557 1672 requirendam
574 1582 686 1649 ordine
697 1583 872 1668 Judiciario
888 1591 920 1651 et
929 1583 1036 1670 juris3
1061 1603 1119 1669 pro
1135 1583 1247 1670 precio
1264 1605 1349 1653 uero
1364 1593 1457 1674 terre,

332 1713 394 1778 que
410 1715 431 1761 a
446 1693 567 1758 Poneto
583 1696 714 1776 recepta
730 1691 848 1759 Castro
862 1691 1136 1777 tueratrestituta,
1153 1711 1212 1778 pro
1227 1711 1358 1762 summa
1373 1695 1456 1762 scili·
1531 1741 1532 1744 ,

331 1807 382 1869 cet
399 1807 538 1884 quatuor
555 1817 737 1865 marearum
753 1799 839 1865 idem
859 1798 1002 1866 Mathias
1019 1805 1051 1865 et
1066 1799 1107 1867 N.
1124 1799 1278 1867 statuisse
1303 1801 1455 1868 dixerunt
1531 1787 1532 1862 Ξ

330 1917 362 1976 et
379 1908 511 1975 dedisse
527 1907 649 1973 Poneto
664 1905 771 1972 locum
788 1905 964 1974 molendini
980 1925 1052 1973 cum
1077 1907 1149 1973 loco
1181 1907 1271 1974 curie
1303 1918 1384 1994 epto
1414 1910 1455 1975 ad

330 2013 553 2085 molendinum
569 2014 603 2079 in
619 2013 778 2097 superiori
795 2019 888 2098 parte
902 2013 1011 2080 insule
1025 2013 1149 2080 Mathie
1174 2021 1208 2080 et
1238 2015 1394 2082 Nicholai
1425 2017 1456 2081 in
1531 2065 1532 2088 2

329 2125 545 2208 augulacionc
559 2119 650 2187 fluuii
666 2120 794 2204 Zomus,
827 2127 985 2207 perpetuo
1002 2119 1245 2208 possidendum,
1275 2125 1364 2188 omni
1391 2135 1462 2190 ces·

331 2240 425 2300 sante
441 2225 710 2298 contradiecioue.
736 2227 839 2306 Quem
856 2228 942 2296 idem
957 2224 1082 2295 Poneth
1097 2247 1134 2295 se
1149 2230 1262 2296 retulit
1277 2229 1403 2296 hebere
1426 2237 1457 2296 et
1531 2275 1532 2290 ,

328 2339 358 2405 ei
374 2337 475 2404 fuisse
499 2343 655 2402 statutum
672 2355 729 2420 per
752 2345 895 2402 nostrum
920 2333 1119 2401 Pristaldum
1149 2333 1350 2420 Gabrielem,
1383 2337 1457 2421 ipso
1531 2325 1532 2396 i

332 2443 486 2512 Gabriele
501 2443 563 2509 hoc
577 2441 664 2508 idem
679 2440 871 2508 affirmante.
901 2441 943 2506 Et
959 2441 1009 2508 Ne
1026 2457 1084 2527 per
1109 2439 1273 2526 predictos
1295 2440 1452 2509 mathiam
1531 2445 1532 2466 l

331 2560 390 2618 aut
406 2549 609 2632 Nicholaum,
641 2569 700 2615 seu
715 2548 799 2614 alios
816 2548 954 2634 aliquos,
986 2547 1134 2614 Ponetho
1149 2551 1207 2613 aut
1222 2546 1370 2615 eiusdem
1386 2567 1457 2618 suc·
1531 2573 1532 2576 ¹

328 2656 510 2723 cessoribus
541 2655 705 2740 impeticic
730 2662 829 2738 queat
853 2655 941 2740 oriri,
972 2656 1024 2720 vel
1055 2655 1240 2740 calumpnie
1269 2655 1458 2740 scrupulum

329 2763 462 2849 emergi,
478 2763 521 2829 ad
538 2763 730 2829 instanciam
747 2763 850 2848 partis
867 2761 1034 2844 utriusque
1050 2769 1220 2847 presentes
1236 2763 1458 2828 concessimus
1531 2825 1532 2844 ,

330 2873 454 2939 litterae
470 2869 580 2954 sigillo
595 2876 710 2955 nostro,
734 2869 911 2937 roboratas.
951 2871 1072 2936 Datum
1089 2889 1175 2935 anuo
1200 2868 1332 2934 Domini
1356 2865 1459 2934 mille·
1531 2933 1532 2940 ,

329 2983 411 3048 simo
428 2979 648 3047 ducentesimo
667 2977 829 3044 tricesimo
853 2995 949 3043 nono.

328 3177 468 3237 (Eredetle
487 3175 662 3240 berhartysin
680 3175 747 3238 gros
763 3174 866 3238 Gyulai
886 3173 970 3239 Ludos
998 3173 1200 3224 lavelturaban.
1233 3171 1362 3236 Keskeny
1393 3172 1459 3223 bor-

327 3268 459 3331 azalsgon
477 3267 566 3331 fiiggtl
584 3266 708 3330 peusetje
727 3263 810 3315 kdriil
828 3264 1006 3328 tbredezett5
1031 3261 1208 3312 kbriretdbbl
1239 3261 1306 3312 cselr
1332 3275 1349 3310 e
1378 3260 1467 3312 1³10*
1531 3281 1532 3286 ¹

326 3355 416 3406 NISII
435 3357 483 3406 ezb
502 3355 659 3406 olveshetd.
679 3383 710 3391 —
738 3354 851 3405 Szamos
883 3352 1013 3417 lenyeges
1043 3351 1158 3402 hibaval
1189 3351 1294 3402 kiadva
1324 3349 1460 3415 Fejernel
1531 3369 1532 3372 ¹

330 3483 333 3488 .
399 3444 465 3496 (lod.
485 3447 560 3509 Dipl.
580 3446 627 3496 1v.
648 3446 706 3496 ker.
729 3452 752 3496 1.
771 3459 793 3494 r.
817 3446 967 3492 tet—169.
990 3442 1008 3491 l.
1036 3441 1122 3492 szli
1142 3442 1231 3493 Szebb
1251 3440 1378 3506 Karoly.)
