3078 5128
587 371 745 472 Q

122 562 339 648 pertinuisset,
350 573 383 631 et
397 567 674 651 nunopertineret
689 569 749 634 stb.
784 568 823 632 Et
838 565 959 632 ibidem
976 581 1015 630 ac
1030 565 1063 628 in
1090 563 1224 629 instanti

119 675 146 738 in
162 693 289 740 sucrum
306 675 476 740 uerborum
508 675 806 744 corroboracionem
838 673 999 759 quasdam
1030 670 1113 737 duas
1144 671 1225 736 litte-

115 800 161 844 ras
177 778 409 867 priuilegiales,
426 802 523 848 vnum
540 782 738 849 Sericissimi
753 782 913 867 Principis
940 780 1064 846 domini
1088 778 1220 844 Andree

112 890 166 953 stb.
185 885 220 974 (l.
240 892 313 958 180.
331 908 375 954 sz.
394 887 438 976 a.)
455 896 487 956 et
513 892 612 958 aliam
638 892 800 976 Magnifici
826 891 887 958 viri
919 887 1041 956 domini
1072 885 1221 972 Dycnisij

114 997 195 1081 olym
210 995 348 1063 Palatini
365 1005 399 1063 et
414 998 547 1065 Comitis
563 999 604 1068 de
620 1001 735 1066 Zonnlr
752 1020 839 1066 anno
857 998 976 1065 Gracia
992 993 1111 1061 ΜΟΟΟο
1131 994 1224 1062 trice·

111 1103 182 1170 sino
197 1105 334 1190 septimo
350 1105 516 1174 confectas
528 1109 621 1174 nobis
631 1107 905 1193 presentauitstb.
928 1107 969 1172 In
980 1103 1125 1186 alterius,
1139 1103 1225 1171 scili·

112 1213 1223 1302 cetipsiusdominiDyonisijPalatinilitteretenoreseriosehabeba

109 1329 169 1406 tur;
193 1322 278 1406 quod
296 1343 368 1389 eum
387 1322 519 1408 quidam
537 1325 576 1391 de
593 1328 720 1411 populis
738 1325 886 1393 Ecclesie
902 1321 1014 1390 Sancti
1030 1319 1165 1388 Martini
1177 1319 1218 1385 de

109 1427 199 1494 Sucro
215 1429 323 1497 Monte
341 1432 518 1518 Pannonie,
537 1434 677 1501 sedecim
695 1435 848 1501 videlieet
865 1432 1048 1498 mansiones
1066 1449 1137 1494 curn
1148 1424 1223 1508 filijs

110 1544 135 1601 et
151 1539 294 1620 cognatis
313 1558 433 1624 eurum,
451 1561 585 1624 quorum
601 1544 733 1609 nomina
751 1549 859 1608 essent
882 1541 943 1605 hec
969 1566 974 1604 :
1008 1537 1115 1603 Votha
1148 1555 1219 1600 eum

107 1640 164 1708 tilio
179 1645 279 1711 Wocb
296 1649 439 1730 nomine,
455 1649 563 1715 Pousa
579 1669 650 1714 cum
668 1649 751 1734 filijs,
770 1651 863 1716 Nuhu
881 1669 952 1716 eum
969 1646 1057 1734 filijs,
1075 1643 1220 1728 Ohepan,

108 1751 265 1818 llurtonus
284 1775 356 1820 eum
373 1755 476 1821 fratre
492 1776 550 1822 suo
567 1757 697 1823 nomine
715 1758 812 1824 (iren
829 1761 860 1822 et
885 1755 973 1840 filijs,
1007 1752 1117 1820 Chetle
1149 1769 1221 1816 eum

106 1857 195 1926 fratre
210 1882 267 1927 suo
283 1863 413 1930 nomine
429 1865 542 1953 Paulo,
559 1865 727 1952 Zonrbotb,
761 1865 873 1932 Chaba
891 1885 961 1932 cunr
981 1863 1083 1930 tribus
1113 1859 1220 1925 fratri-

107 1966 170 2056 bus,
187 1969 315 2037 Benehe
334 1993 406 2038 curn
424 1970 499 2055 lilijs
517 1975 633 2058 Penta,
648 1973 794 2060 Andrea,
812 1972 937 2055 Vrsaw,
964 1980 995 2038 et
1012 1970 1069 2054 alij
1088 1968 1218 2052 cognati

106 2094 206 2142 eorum
223 2077 263 2144 de
280 2078 362 2144 villa
378 2079 488 2163 Saagb
506 2100 541 2146 se
557 2082 599 2147 ab
617 2081 689 2166 ipsa
706 2081 852 2148 Ecclesia
878 2080 1094 2162 alienassent;
1120 2075 1219 2141 domi·

15 2245 17 2264 ,
105 2202 158 2249 nus
174 2185 281 2252 Wrias
298 2187 413 2253 Abbas
430 2196 521 2272 puter
537 2189 732 2255 venerabilis
748 2187 876 2274 prefate
900 2187 1056 2266 Eeclesie,
1083 2189 1218 2267 accepto

104 2290 264 2359 abeodem
283 2294 440 2378 Dyonisio
455 2295 606 2364 Palatino
622 2296 794 2384 pristaldo,
826 2295 868 2361 sd
894 2292 1038 2362 eiusdem
1065 2289 1214 2378 Dyonisij

104 2397 234 2466 Palatini
252 2403 457 2487 presenciam
473 2404 606 2471 ditasset
622 2403 833 2490 proponendo
851 2409 963 2470 contra
974 2422 1037 2484 eos,
1055 2399 1215 2482 quodtam

102 2504 335 2590 ipsimrtquum
352 2516 439 2575 terra
465 2530 572 2576 eorum
606 2511 638 2576 in
667 2513 723 2596 jus
755 2511 870 2578 cedere
901 2511 1057 2578 deberent
1089 2506 1216 2592 prefate

102 2612 246 2698 Ecclesia
264 2623 297 2683 et
313 2617 445 2684 malicia
463 2627 622 2706 concepta
639 2619 903 2706 ajurisdiceione
935 2619 1036 2719 ipsius
1071 2617 1214 2685 lieclesie

101 2720 328 2791 subtraxissent
343 2745 388 2811 se,
407 2728 493 2794 colla
510 2748 569 2795 sua
589 2729 673 2794 vltra
685 2731 742 2816 jus
760 2735 792 2795 et
809 2729 931 2793 licitum
951 2727 1123 2808 crigentes.
1161 2721 1215 2788 Ad

102 2827 154 2894 boc
185 2832 320 2917 predicti
353 2835 499 2902 homines
531 2835 800 2922 respondissent:
827 2837 912 2918 quod
945 2853 1017 2900 cunr
1050 2832 1213 2918 quondam

15 2979 16 2984 κ
100 2945 201 3005 essent
216 2941 319 3023 liberi,
336 2949 368 3008 et
384 2949 471 3010 terra
489 2963 599 3011 eorum
617 2945 721 3012 libera
736 2968 756 3012 a
772 2950 937 3030 potestate
949 2943 1091 3009 eiusdem
1104 2941 1209 3008 neere-

15 3047 16 3058 ³
100 3044 149 3130 sie,
164 3066 198 3115 se
213 3057 396 3135 spontanec
412 3055 579 3119 voluntate
594 3075 664 3120 cunr
683 3073 744 3119 sue
762 3061 847 3120 terra
865 3052 1012 3119 Ecclesia
1037 3051 1101 3116 iam
1129 3049 1214 3114 dicte

15 3167 16 3170 ’
102 3155 330 3240 subiugassent.
379 3159 506 3228 Auditis
524 3181 603 3246 ergo
620 3163 724 3246 partis
740 3162 919 3244 ,vtriusque
949 3157 1212 3243 allegaeionibus

15 3281 16 3312 1
99 3261 172 3328 idem
190 3266 367 3350 Dyonisius
385 3267 554 3336 Palatinus
570 3270 637 3336 tale
653 3269 786 3336 lecisset
797 3269 956 3354 judicium
974 3267 1127 3351 :quodsi
1145 3266 1212 3331 olsr·

102 3371 186 3439 oialis
202 3373 348 3442 Ecclesie
363 3377 550 3470 supradicte
567 3379 696 3446 nomine
714 3379 904 3464 lbrabymus
921 3383 1079 3462 prestaret
1103 3391 1212 3440 saera-

98 3487 236 3564 mentum‚
255 3483 393 3568 predicti
409 3486 556 3554 homines
574 3487 794 3570 inpristinurn
812 3487 1035 3569 redigerentur
1063 3482 1212 3549 osticium.

15 3593 17 3610 ¹
99 3585 168 3653 (nm
184 3610 259 3676 ergo
277 3593 320 3658 ad
345 3592 451 3660 locum
479 3601 633 3662 statutum
669 3593 831 3680 predictus
864 3593 1058 3680 Ibrahyruus
1091 3591 1125 3656 in
1158 3590 1212 3656 dic

98 3697 256 3782 assignato
273 3703 469 3786 prestiturus
487 3705 702 3770 iuramentum
722 3702 924 3789 accessisset,
959 3700 1076 3790 prelati
1107 3699 1209 3766 borni·

98 3824 146 3872 nes
162 3809 328 3878 adstantes
345 3811 451 3895 ipsum
468 3813 614 3878 adiurari
631 3833 695 3878 non
731 3811 962 3897 permisissent,
989 3811 1074 3876 sicut
1100 3809 1206 3875 eidem

15 3905 16 3908 '
96 3914 244 3999 liyonisio
262 3919 412 3987 Palatino
428 3941 485 4006 per
501 3920 698 3988 relacionem
716 3922 765 3988 sui
784 3918 941 4007 pristaldi,
974 3927 1005 3985 et
1031 3917 1208 3986 eorundum

96 4017 247 4094 bominum
264 4028 480 4095 assertionem
497 4029 697 4096 constitisset
713 4027 890 4096 euidenter.
908 4026 995 4092 Nam
1013 4045 1122 4092 eoram
1140 4025 1211 4110 ipso

95 4126 212 4200 domino
237 4131 390 4202 Palatino
416 4137 581 4203 constituti
614 4137 810 4203 unanimiter
842 4134 1107 4221 proclamassent,
1142 4139 1209 4199 tam

15 4239 16 4244 ’
94 4256 161 4306 uuas
177 4261 342 4328 personas,
360 4264 457 4328 qnam
475 4252 508 4312 et
525 4254 652 4331 terram,
678 4266 776 4331 quem
794 4246 929 4311 liberam
948 4227 1020 4310 esse
1052 4243 1207 4311 asseruis-

15 4355 16 4420 1
96 4356 168 4434 suut,
181 4349 401 4434 jurisdiccioni
417 4355 543 4440 prefate
559 4357 706 4434 Ecclesie
722 4355 897 4442 pertinere,
931 4360 963 4419 et
978 4355 1011 4418 in
1028 4351 1089 4418 hoc
1104 4371 1141 4418 se
1158 4371 1212 4438 pe·

95 4455 171 4523 uitus
186 4479 255 4527 esse
271 4460 465 4549 culpabiles,
499 4464 583 4548 quod
618 4485 652 4530 se
685 4486 705 4531 a
737 4485 796 4531 suo
828 4462 934 4530 officio
966 4461 1208 4530 subtraxissent

94 4561 199 4633 debito.
223 4569 293 4654 Hys
309 4569 421 4654 itaquo
437 4572 548 4638 taliter
573 4574 684 4659 gestis,
717 4573 862 4658 prelatos
894 4571 1037 4638 homines
1072 4572 1198 4640 abrasis

15 4675 16 4764 ᾗ
93 4673 240 4758 capitibus
258 4678 463 4762 quorundam
480 4700 521 4748 ex
539 4681 585 4748 eis
602 4701 671 4748 cum
683 4703 743 4750 sua
754 4690 840 4760 terra
851 4682 997 4750 Ecclesia
1009 4685 1207 4782 supradicte,
