3120 5148
114 1137 175 1204 III.
195 1133 285 1200 lncze
296 1130 458 1222 pdpa'nck
473 1152 513 1196 sc.
530 1129 621 1195 Pe'ter
636 1139 811 1196 monestere
827 1131 968 1198 dictokdt
982 1133 1136 1219 tdrppozd
1151 1132 1242 1202 iote'c·

438 1239 546 1304 keddsc
562 1236 644 1302 Arde
658 1240 803 1326 uzipetes.
830 1235 919 1306 1199.

218 1435 431 1504 Innocentius
447 1455 560 1504 servus
577 1453 740 1502 servorum
756 1435 817 1503 Dei
834 1442 893 1502 etc.
917 1434 1025 1521 Ugoni
1042 1437 1162 1506 Abbati
1174 1441 1238 1508 Μο-

114 1545 247 1630 nssterij
265 1544 376 1612 Sancti
393 1543 481 1610 Petri
497 1543 537 1610 de
552 1543 660 1612 insula
674 1543 825 1626 Arbensi,
843 1545 976 1630 eiusque
991 1544 1147 1614 frutribus
1172 1555 1240 1615 tem

115 1654 319 1744 presentibus
336 1673 433 1739 qnam
449 1651 565 1719 futuris
582 1653 796 1720 monasticam
813 1653 913 1719 vitam
929 1649 1086 1740 professis
1110 1655 1142 1722 in
1169 1675 1238 1742 per·

115 1773 257 1852 petnum.
281 1761 341 1827 Pie
357 1760 533 1844 postulatio
548 1759 724 1828 uoluntatis
741 1767 801 1827 etc.
842 1759 929 1828 Ordo
949 1761 1157 1851 monasticus,
1182 1767 1239 1850 qni

114 1869 290 1942 seeundum
306 1868 414 1935 Deum
430 1875 462 1936 et
477 1869 571 1938 Beati
587 1867 753 1936 Benedicti
770 1869 919 1954 regulam
929 1873 991 1936 etc.
1002 1870 1122 1938 Locum
1132 1873 1240 1958 ipsum

115 1982 148 2048 in
162 1999 228 2062 quo
245 1975 374 2062 prefate
390 1976 530 2044 ecclesie
540 1975 751 2065 siteest,eum
761 1977 909 2045 omnibus
921 1979 1125 2066 pertinentijs
1141 1989 1173 2048 et
1183 2003 1242 2068 ap·

115 2086 306 2178 pendicibus
322 2087 390 2152 suis
406 2089 439 2151 et
455 2085 612 2175 terminis,
630 2087 684 2170 qui
700 2085 747 2154 sie
762 2085 1026 2170 distinguuntur:
1047 2087 1201 2157 Primitus
1218 2111 1239 2156 u

117 2198 223 2283 eapite
240 2194 381 2262 macerie
397 2199 539 2261 emente
550 2214 650 2280 usque
662 2192 704 2261 nd
716 2193 819 2262 ninum
829 2193 1057 2263 descendendo
1068 2197 1239 2282 petrinum

116 2324 214 2390 usqne
230 2301 273 2370 nd
289 2323 389 2388 mere,
405 2309 435 2371 et
451 2323 511 2388 per
526 2323 617 2370 more
634 2310 666 2368 et
683 2300 887 2387 molendinn;
906 2305 938 2369 et
953 2303 1161 2372 aseendendo
1171 2326 1240 2392 per-

117 2413 233 2482 urentis
250 2412 414 2492 verticem,
431 2417 464 2478 et
479 2410 586 2480 eundo
602 2433 660 2498 per
676 2411 768 2478 illum
786 2411 936 2496 usquein
955 2411 1066 2498 priore
1092 2413 1240 2481 confinis.

117 2519 297 2590 Ecclesiam
313 2519 425 2586 Sancti
457 2519 614 2605 Cypriani
640 2518 944 2606 compertinentiis
977 2523 1010 2586 et
1040 2521 1242 2608 appenditiis

118 2629 190 2717 suis,
207 2635 240 2696 et
256 2627 402 2696 terminis
420 2627 475 2712 qui
491 2627 539 2694 sie
555 2627 818 2711 distinguuntur:
835 2627 864 2693 Α
880 2627 967 2695 velle
983 2627 1123 2723 obseura
1139 2648 1241 2714 usque

120 2739 287 2808 invallem
303 2736 345 2803 de
360 2736 518 2820 Fresinn3
543 2734 609 2801 elie
624 2739 690 2801 tres
707 2740 818 2818 partes
835 2755 924 2802 mare
940 2735 1153 2824 circumdant,
1176 2758 1241 2805 une

120 2868 187 2914 enm
203 2863 409 2931 menumeue,
425 2842 637 2928 omnibusque
653 2841 809 2929 seopulis;
826 2842 975 2910 edietum
986 2847 1242 2929 promontorium

120 2954 326 3040 subjacentia,
352 2959 383 3019 et
399 2953 503 3020 valles
518 2971 580 3036 que
596 2959 671 3018 sunt
688 2951 777 3039 opud
793 2951 948 3019 Seuetum
964 2951 1183 3038 prriennrn3
1209 2964 1242 3022 et

119 3063 180 3130 elie
195 3081 257 3146 que
274 3067 349 3129 sunt
365 3059 455 3146 apud
471 3060 626 3127 Sanctum
643 3061 791 3143 Petrum;
816 3057 898 3126 inter
914 3079 994 3144 ques
1010 3060 1116 3126 selino
1132 3069 1239 3129 vestre

122 3177 151 3234 et
165 3169 304 3254 piscarie
321 3169 511 3237 consistunt.
534 3170 622 3236 Sane
638 3169 807 3234 uenalium
826 3174 885 3236 eto.
904 3169 1001 3234 liceat
1025 3188 1155 3253 quoque
1179 3177 1229 3236 eto

121 3275 325 3344 Prohibemus
343 3279 476 3362 insuper
492 3283 551 3342 ete.
592 3277 672 3342 Cum
689 3283 798 3343 nutem
815 3275 972 3361 generale
989 3281 1051 3342 etc.
1091 3277 1238 3364 Sepultu-

121 3402 184 3450 rann
202 3402 327 3469 quoque
344 3391 403 3451 ete.
429 3385 529 3450 Scina
545 3391 654 3451 tamon
671 3389 732 3450 etc.
757 3385 904 3453 Obennte
921 3403 999 3450 vero
1017 3390 1077 3450 eto.
1096 3384 1242 3454 Liberta-

122 3495 238 3558 tenete.
263 3493 663 3560 Decernimusetc.sa1us
689 3492 878 3576 Apostoliee
910 3493 1006 3560 Sedis
1038 3494 1242 3582 anctoritate,

18 3587 20 3594 ’
126 3607 155 3666 et
172 3601 345 3668 Dioceseni
362 3600 514 3690 Episcopi
524 3601 665 3686 justitia.
690 3601 725 3668 Si
741 3620 807 3684 que
822 3601 922 3686 igitur
940 3607 999 3670 ete.
1017 3603 1139 3668 Datum
1155 3602 1236 3670 Late

19 3789 20 3792 Ἴ
123 3708 407 3793 ranipernranunr
425 3709 581 3776 Rainuldi
608 3709 728 3778 domini
759 3709 851 3795 Papo
881 3711 1008 3778 Notarii
1041 3711 1238 3780 Canceilarii

19 3817 20 3820 ’
123 3815 220 3881 rieern
236 3817 363 3904 egentis
381 3819 467 3886 VIII.
483 3819 546 3888 oni.
563 3817 665 3904 deuii,
683 3817 857 3886 indictione
874 3817 1236 3905 secunde,1neernatio·

123 3923 170 3989 nis
186 3925 351 3992 Dominice
366 3946 452 3994 enno
468 3925 648 3994 Mexcrx.
679 3925 891 3994 Pontificatus
908 3948 984 3996 vero
1000 3925 1120 3995 domini
1145 3929 1240 3996 Inno-

128 4032 221 4100 centii
235 4031 323 4122 Pepe
340 4033 434 4102 tertii
451 4055 537 4104 anno
554 4033 709 4104 secundo.

339 4234 470 4298 (Fsrlnti,
490 4235 639 4301 Illyricum
659 4235 774 4288 Sacrum
792 4237 825 4288 V.
840 4237 899 4288 ket.
921 4240 981 4288 2³8.
995 4237 1026 4303 l.)
