3150 5162
681 954 755 1022 340.

153 1150 181 1214 A
198 1155 347 1218 vdcacaci
361 1155 582 1238 koumdoyaclc
606 1154 704 1239 Veqtc
719 1155 844 1240 cziyetdt
861 1157 1016 1241 tdrpyaed
1031 1153 1280 1240 adomduyozdei

195 1263 356 1346 okmctoyc
372 1283 411 1324 az
427 1262 532 1325 611661
547 1259 664 1346 pcdfolc
680 1257 942 1346 (Frauycpdawlc)
960 1266 1117 1328 cadmdrc.
1138 1264 1232 1328 1260.

254 1452 411 1539 MCCLX,
439 1455 616 1522 indictione
643 1451 700 1541 111,
727 1452 779 1522 die
805 1475 889 1520 nono
917 1455 1060 1521 intrante
1093 1454 1210 1539 Aprili,
1235 1457 1269 1522 in

150 1561 263 1628 llaiori
279 1563 429 1646 Consilio,
447 1563 508 1629 stb.
525 1563 632 1648 Capta
648 1561 708 1628 luit
724 1575 800 1646 pars
811 1561 844 1628 iu
855 1561 970 1628 Maiori
981 1561 1134 1648 Consilio,
1146 1563 1273 1631 etordi-

150 1675 268 1756 natum,
297 1670 382 1753 quod
408 1671 584 1737 Comitatus
609 1669 711 1754 Vegle
736 1667 806 1735 dari
834 1669 950 1734 debeat
975 1676 1007 1736 et
1032 1670 1167 1737 concedi
1183 1671 1272 1737 nobi·

150 1778 232 1844 libus
249 1778 327 1846 viris
343 1777 458 1845 Comiti
475 1779 640 1846 Sohinelle
656 1787 687 1844 et
703 1779 770 1844 suis
787 1777 974 1865 heredibus,
991 1785 1023 1844 61
1039 1777 1115 1844 liliis
1136 1773 1270 1844 Comitis

149 1885 305 1952 (luidonis
322 1893 477 1952 eteorum
495 1887 667 1954 heredibus
691 1905 747 1972 per
773 1884 977 1952 medietatem
1004 1887 1036 1951 in
1062 1893 1266 1973 perpetuum,

149 1993 313 2079 masculis,
330 1995 531 2060 succedendo
548 2013 631 2060 6666
656 1993 771 2078 alteri3
806 2002 839 2060 et
865 1993 1098 2062 decedentibus
1125 1995 1274 2060 omnibus

148 2103 202 2187 ita,
229 2101 315 2183 quod
341 2101 450 2168 nullus
465 2103 630 2168 masculus
651 2102 849 2186 supervivat,
866 2099 951 2169 idem
968 2101 1147 2167 Comitatus
1165 2103 1197 2168 16
1214 2100 1273 2167 Co-

149 2229 244 2274 mune
259 2208 468 2275 Venetiarum
485 2207 604 2274 debeat
621 2207 786 2276 devenire.
809 2208 911 2286 Quem
929 2207 1061 2292 quidem
1076 2205 1269 2274 Comitatum

147 2323 256 2384 tenere
274 2323 306 2381 et
331 2335 446 2400 regere
471 2315 613 2382 debeant
637 2316 814 2382 seeundum
833 2316 935 2383 bonas
962 2321 994 2384 61
1018 2317 1172 2398 antiquas
1197 2334 1271 2380 con-

145 2423 333 2490 suetudines
369 2425 428 2491 lali
454 2425 638 2490 conditione
663 2431 694 2490 et
719 2423 858 2491 ordine:
885 2423 971 2508 quod
998 2423 1104 2490 iurare
1129 2421 1272 2488 debeant

145 2531 333 2598 fidelitatem
365 2532 495 2596 domiuo
528 2533 610 2600 Duei
629 2539 661 2598 et
688 2533 855 2598 Communi
889 2530 1092 2598 venetiarum
1125 2531 1271 2596 camilla

144 2639 345 2725 reveneutia,
372 2659 435 2722 qua
461 2641 529 2707 lieri
557 2640 729 2706 videbitur.
759 2641 839 2705 Item
865 2639 951 2724 quod
977 2640 1018 2705 ad
1047 2659 1181 2724 presens
1206 2646 1271 2706 tres

144 2747 238 2830 galee
264 2747 407 2812 debeant
432 2767 560 2813 armare
588 2750 679 2832 bene,
696 2754 727 2812 61
743 2747 904 2814 soldizare
920 2768 979 2832 per
996 2769 1054 2815 sex
1069 2767 1197 2814 menses
1228 2747 1272 2814 ad

145 2855 336 2920 mittendum
355 2873 410 2923 eas
425 2855 458 2920 iu
476 2855 613 2922 servitio
630 2854 817 2921 Communis
844 2876 954 2921 eorum
988 2857 1153 2940 expensis,
1188 2854 1272 2920 siout

142 2962 273 3028 domino
304 2963 387 3028 Duci
406 2968 437 3028 et
453 2962 595 3030 Consilio
611 2963 781 3047 placuerit.
815 2963 897 3028 16161
913 2963 1020 3046 galee,
1037 2981 1101 3043 qne
1117 2959 1266 3026 ordinate

143 3078 216 3136 suut
242 3069 337 3154 mitti,
353 3089 417 3135 non
432 3068 526 3156 irent,
542 3071 670 3136 solvant
685 3071 869 3156 pecuniam,
887 3090 949 3152 que
965 3075 1152 3136 constarent
1168 3069 1262 3151 galee

142 3177 296 3262 predicte.
313 3178 393 3264 ltem
411 3175 496 3260 quod
513 3183 684 3244 teneantur
715 3198 773 3263 per
804 3177 914 3244 futura
945 3183 1093 3260 tempora
1124 3176 1203 3242 dare
1234 3185 1266 3244 61

141 3305 271 3352 armare
282 3285 323 3350 de
333 3285 467 3368 triginta
484 3284 590 3368 galeis
601 3305 708 3370 unam,
721 3286 849 3369 quando
867 3286 1042 3351 Commune
1061 3285 1267 3352 Venetiarum

140 3393 283 3458 armabit
314 3392 447 3477 triginta
477 3395 529 3460 val
548 3413 568 3458 a
583 3393 679 3460 XXX
706 3413 814 3479 supra.
830 3394 871 3459 ut
887 3394 915 3458 si
932 3393 1121 3476 Magnitudo
1138 3391 1268 3460 Veneti-

140 3522 229 3566 arum
247 3499 309 3566 ibit
323 3519 380 3583 per
398 3501 616 3586 partitionem,
633 3501 717 3584 quod
746 3521 830 3567 6666
862 3501 902 3566 (16
935 3499 1039 3566 Domo
1071 3500 1173 3584 Vegle
1204 3500 1265 3567 ibit

140 3607 355 3692 personaliter
385 3613 417 3672 ot
447 3609 555 3691 stabit,
586 3608 690 3674 donec
720 3608 778 3674 alii
810 3609 851 3675 (16
879 3607 1020 3674 Venetiis
1036 3608 1180 3695 stabunt,
1197 3608 1266 3675 suis

139 3717 303 3800 expensis.
320 3716 401 3782 Item
418 3713 504 3798 quod
520 3713 606 3780 inira
621 3717 652 3782 X
679 3735 781 3782 anuos
796 3715 961 3800 proximos
993 3722 1146 3782 venturos
1178 3724 1267 3783 tene-

137 3831 236 3890 antur
253 3824 315 3907 ipsi
334 3823 473 3890 Comites
490 3843 610 3907 ponere
626 3827 660 3890 iu
676 3824 938 3909 possessionibus
955 3823 988 3888 in
1004 3824 1147 3892 Venetiis
1163 3823 1265 3891 libras

138 3933 252 3997 decem
265 3930 380 4016 millia,
396 3931 549 3998 videlicet
561 3932 663 3998 libras
674 3931 817 4016 quinque
827 3932 917 3998 mille
927 3951 985 4016 pro
995 3939 1097 4018 parte,
1117 3933 1265 4016 ponendo

135 4061 155 4106 a
173 4043 314 4122 quatuor
330 4039 425 4104 aunis
441 4037 597 4124 proximis
614 4039 647 4103 in
663 4047 762 4105 antea
778 4039 864 4106 omni
881 4061 967 4106 anuo
984 4043 1016 4106 in
1045 4040 1180 4126 deposto
1206 4061 1264 4127 per

136 4153 241 4214 ratam
272 4151 396 4212 tantum
424 4155 557 4228 quatum
579 4145 751 4214 advenerit
776 4147 817 4212 ad
843 4147 1002 4214 rationem
1028 4147 1206 4232 predictam
1233 4151 1263 4214 X

136 4255 275 4320 millium
312 4254 481 4321 librarum.
519 4257 598 4321 ltem
633 4255 774 4322 debeant
798 4255 984 4339 promittere
1011 4261 1043 4321 et
1069 4257 1177 4322 iurare
1202 4255 1264 4340 ipsi

135 4362 288 4446 Comites,
310 4363 394 4444 quod
412 4363 679 4446 quandocumque
694 4365 890 4432 lurmentum
907 4363 1031 4430 valebit
1057 4365 1090 4428 iu
1116 4364 1263 4430 Venetiis

132 4471 282 4538 aeolidis
299 4469 397 4537 XXX
414 4471 572 4558 superius,
590 4472 675 4556 quod
693 4473 817 4538 dabunt
833 4491 964 4556 operam
980 4471 1067 4538 bona
1082 4470 1155 4558 fide,
1171 4471 1257 4553 quod

131 4578 176 4646 dc
192 4579 340 4670 partibus
358 4584 389 4650 et
406 4579 499 4646 terris
525 4599 633 4646 eorum
650 4587 679 4646 el
696 4579 772 4648 61116
793 4579 1076 4648 circumstantibus
1092 4577 1126 4646 in
1144 4577 1259 4646 maiori
