3098 5132
889 895 961 964 tet.

352 1091 386 1160 A
417 1096 566 1160 celeuozei
595 1096 824 1179 dormdnynolc
866 1095 1026 1176 reudelete,
1066 1095 1211 1181 vretytyst
1241 1121 1263 1164 o
1296 1099 1484 1164 itereslcede'st

661 1201 797 1287 Raoueo
812 1204 957 1270 vurossat
973 1204 1071 1289 tiltjo.
1090 1205 1186 1269 1226.

465 1397 527 1466 Dis
563 1397 609 1466 VI
640 1405 778 1466 exeunte
804 1397 926 1486 Aprilis
953 1397 1136 1466 ordinatum
1163 1407 1213 1465 est
1236 1419 1295 1485 per
1321 1400 1481 1468 dominnm

355 1505 481 1574 Ducem
492 1513 525 1573 et
540 1525 633 1572 suum
651 1503 829 1572 Consilium
847 1504 996 1573 Miuuset
1012 1505 1118 1572 Maius
1136 1515 1167 1572 et
1185 1505 1255 1590 XL,
1272 1514 1304 1573 et
1316 1507 1481 1574 stridulum

354 1613 414 1678 luit
439 1631 498 1696 per
521 1611 745 1680 'l'ordivellom
770 1613 806 1680 in
830 1611 985 1681 Rivoulto
1013 1623 1045 1680 et
1061 1615 1095 1679 in
1113 1613 1234 1700 Brolio,
1265 1615 1351 1700 quod
1375 1616 1479 1682 nnllns

352 1721 500 1788 Venetus
531 1739 635 1805 neque
661 1717 845 1789 lorinsecus
862 1740 920 1805 per
945 1741 980 1787 se
1013 1721 1063 1786 vel
1094 1721 1164 1788 eins
1197 1721 1345 1788 nuntium
1363 1721 1479 1788 audeat

354 1846 541 1912 comperero
572 1825 613 1893 dc
645 1828 741 1892 rebus
774 1826 826 1893 vel
856 1827 1015 1894 mercibus
1031 1827 1294 1912 Rugnsiensium,
1325 1847 1427 1911 neque
1444 1827 1479 1890 de

353 1934 431 2020 illis,
458 1953 519 2020 qne
534 1933 665 2001 fuerunt
681 1935 714 2000 in
732 1934 906 2002 nurisollis
921 1935 1078 2020 Regusic,
1096 1955 1158 2018 qne
1183 1937 1311 2002 noviter
1329 1945 1479 2003 venerunt

352 2045 387 2110 in
403 2041 509 2110 Zodru
524 2041 575 2109 vel
591 2041 748 2108 contratis
763 2041 841 2126 illis,
860 2041 1015 2109 videlicet
1033 2063 1053 2109 a
1068 2039 1175 2108 Zudro
1191 2041 1289 2123 intre,
1307 2061 1411 2126 noque
1435 2045 1474 2107 sb

353 2152 490 2218 Ancons
514 2151 612 2238 intra,
629 2168 690 2216 nee
715 2149 812 2215 etiam
829 2150 862 2214 in
878 2149 982 2216 Jsdru
998 2149 1050 2216 vel
1075 2149 1220 2234 Ancona,
1238 2167 1297 2217 nec
1323 2149 1478 2217 Vencoiis.

353 2259 396 2324 Iit
427 2258 611 2343 quicunque
650 2263 798 2340 repertus
829 2256 928 2323 fuerit
959 2256 1079 2324 habere
1110 2257 1163 2322 vel
1206 2275 1413 2342 comperasse
1444 2255 1479 2320 dc

354 2368 514 2434 mercibus
530 2365 673 2452 ipsorum
692 2363 906 2448 dentisque
933 2363 1064 2432 inerunt
1089 2363 1130 2432 de
1147 2363 1331 2450 Solnvonie,
1360 2367 1479 2432 solvent

352 2473 652 2562 quadragesimum,
669 2481 701 2538 et
717 2469 758 2538 de
774 2473 842 2539 illis
873 2471 1013 2539 oliorum
1046 2473 1185 2556 portium
1202 2471 1307 2539 solvet
1324 2481 1473 2555 quantum

354 2579 572 2648 vicedominis
596 2577 800 2665 (videbitur).
826 2581 866 2646 Et
891 2581 919 2645 si
937 2579 1106 2665 Ruguseus
1123 2578 1242 2662 uliquis
1269 2579 1303 2644 in
1331 2579 1477 2646 Veneciis

351 2689 450 2759 fuerit
474 2693 621 2774 repertus
646 2695 794 2773 portasse
811 2707 946 2770 merces,
973 2686 1138 2773 persolvet
1156 2693 1189 2752 nt
1216 2685 1338 2752 dietum
1366 2694 1430 2765 est;
1446 2691 1475 2749 et

354 2818 425 2865 cnm
457 2793 591 2881 venerit,
622 2795 687 2862 nisi
727 2793 982 2862 manifestaverit
1010 2793 1231 2863 vicedominis
1264 2813 1400 2877 meroes,
1439 2812 1474 2856 ex

353 2903 470 2991 quibus
501 2905 627 2972 solvero
653 2903 750 2971 debet
775 2902 1079 2987 quadragesimum,
1112 2911 1144 2968 et
1174 2901 1292 2968 frande
1317 2900 1475 2969 mediante

351 3011 517 3090 celaverit,
533 3020 565 3078 et
578 3010 777 3080 Vicedomini
793 3011 1014 3096 cognoverint,
1025 3009 1188 3096 accipient
1197 3008 1239 3076 ub
1250 3027 1289 3076 co
1301 3009 1475 3093 quadrage-

353 3123 475 3190 ximum
507 3121 640 3206 duplum
659 3119 699 3185 de
731 3119 828 3185 rebus
859 3117 1047 3202 Soluvonie,
1064 3117 1106 3184 de
1138 3116 1213 3183 aliis
1239 3115 1317 3183 lutis
1349 3116 1475 3183 aliunde

351 3230 499 3313 quintum
515 3228 676 3315 simplum,
693 3233 728 3292 nt
744 3223 865 3292 dictum
883 3230 942 3306 est,
962 3226 1087 3293 solvere
1105 3223 1234 3292 debent.

463 3428 596 3490 (Ljubics,
615 3426 739 3478 Monum.
758 3428 843 3489 spect.
865 3426 931 3475 hist.
952 3423 1025 3476 Slsv.
1046 3423 1143 3474 Merid
1163 3424 1185 3473 1.
1200 3425 1259 3473 leot,
1280 3426 1324 3472 37.
1343 3424 1374 3484 l.)

784 3713 1048 3722 -—.--—--.-..
