3150 5162
864 795 941 865 ddi.

344 995 375 1058 A
391 995 485 1080 eriphi
499 995 691 1061 keuveetrrek
706 994 981 1088 hizoeysdpleoele,
999 995 1082 1082 bopy
1099 995 1218 1062 La'seld
1234 997 1321 1061 beuti
1337 997 1467 1083 [δωρε-

414 1111 480 1166 rest
496 1104 529 1168 e's
544 1106 673 1168 testodre
689 1101 987 1202 Mihdlystydrke'u
1003 1103 1141 1170 birtokot
1156 1104 1263 1170 eoum.
1297 1105 1397 1171 1262.

450 1404 518 1470 Nos
533 1294 800 1490 JoeehymAPrior
816 1294 848 1470 οἳ
863 1292 1049 1470 denegatus
1066 1295 1191 1487 ᾱῗὸας
1205 1401 1356 1469 Fratrum
1373 1402 1465 1470 Ordi-

339 1513 389 1578 nis
406 1509 649 1579 Predieetorum
665 1511 885 1596 significamus
900 1509 1019 1594 quibus
1036 1510 1169 1596 expedit
1185 1511 1388 1596 presencium
1406 1529 1464 1597 per
1560 1543 1561 1558 .

338 1627 492 1705 tenorem,
507 1617 595 1706 quod
604 1621 787 1688 constitutis
797 1617 832 1686 in
840 1626 954 1687 nostra
964 1621 1136 1707 presencie
1144 1620 1300 1706 Magistro
1309 1621 1467 1689 Ladiuiae

338 1725 576 1794 Arehidiaeono
591 1727 752 1796 Huutensi
768 1734 800 1795 et
816 1726 986 1813 Myeheele
1001 1729 1104 1796 fratre
1119 1746 1177 1796 suo
1201 1747 1243 1795 ex
1269 1749 1336 1796 una
1361 1737 1463 1815 parte,
1560 1729 1561 1758 ³

338 1843 370 1900 et
385 1833 548 1902 nobilibus
563 1835 644 1904 uiris
660 1837 777 1922 Pousa,
792 1835 938 1904 thitleo
954 1841 988 1904 et
1003 1835 1113 1902 Mareu
1145 1855 1187 1903 ex
1219 1834 1343 1920 eltera;
1367 1836 1464 1923 ijdem

339 1943 455 2030 Pousa,
473 1943 616 2012 Aehitles
634 1951 666 2012 et
681 1944 823 2032 Marcus,
840 1945 1046 2029 presentibus
1073 1950 1106 2010 et
1130 1943 1364 2012 assistentibus
1387 1965 1465 2010 eom·
1560 2003 1561 2020 ,

338 2052 498 2120 metensis
515 2059 548 2120 et
564 2052 683 2120 uieiuis
699 2071 891 2120 eonsensum
908 2056 940 2118 et
956 2069 1128 2119 assensum
1154 2051 1376 2140 prebentibus,
1393 2073 1463 2120 eon·
1560 2045 1561 2128 i

338 2161 415 2229 fessi
432 2167 517 2248 sunt,
549 2180 586 2228 se
601 2167 702 2227 totam
719 2167 837 2227 terram
853 2177 946 2226 suam
964 2177 1064 2242 quam
1079 2157 1264 2226 habuerunt
1279 2159 1313 2226 in
1340 2159 1466 2246 Gurky,
1560 2145 1561 2214 ἶ

340 2289 411 2338 eum
428 2269 576 2336 omnibus
592 2267 787 2336 utilitatibus
802 2267 872 2335 suis
889 2275 921 2334 et
936 2265 1156 2354 pertineneijs,
1187 2267 1341 2336 videlieet
1373 2267 1466 2336 terris
1560 2337 1561 2342 ,

339 2377 532 2462 arabilibus,
558 2377 669 2465 pratis,
701 2376 886 2444 nemoribus
901 2385 934 2444 et
950 2375 1075 2458 tenetis,
1106 2395 1167 2443 nee
1181 2395 1247 2443 non
1263 2376 1350 2444 areis
1366 2376 1467 2442 eurie-
1560 2399 1561 2408 ¹

338 2504 419 2570 rum,
436 2483 625 2551 vendidisse
640 2483 795 2569 prediotis
811 2482 968 2568 Magistro
984 2481 1020 2549 L.
1038 2491 1071 2550 et
1088 2485 1139 2570 u,
1157 2503 1196 2549 ee
1212 2503 1322 2551 eorum
1339 2481 1465 2551 heredi-
1560 2473 1561 2510 ³

339 2593 398 2658 bus
417 2591 634 2677 heredumque
649 2593 900 2678 sueeessoribus,
932 2611 972 2659 ao
988 2591 1091 2659 eniam
1108 2610 1215 2660 eoram
1232 2591 1326 2659 nobis
1352 2591 1464 2659 uendi·

340 2698 465 2787 derunt,
482 2720 521 2766 ae
538 2699 643 2768 tonius
659 2708 745 2768 terre
761 2700 901 2784 preeinm
919 2701 1077 2783 Magistro
1094 2701 1131 2766 L.
1147 2707 1180 2766 et
1197 2699 1284 2766 dieto
1300 2699 1344 2766 hd.
1362 2701 1465 2766 fratre

338 2805 406 2872 eius
424 2807 678 2892 ponderantibus
695 2817 727 2876 et
743 2809 987 2876 numerantibus
1004 2815 1053 2875 est
1067 2829 1177 2876 eoram
1193 2808 1284 2875 nobis
1310 2807 1459 2894 plenarie
1560 2825 1561 2904 ᾗ

338 2916 548 3000 persolutum.
574 2913 797 2984 vendiderunt
812 2918 917 2983 eniam
943 2915 1085 2983 insulam
1115 2915 1288 3002 quandem,
1321 2935 1385 3000 que
1416 2920 1464 2979 eat

338 3023 429 3088 iuxta
445 3042 540 3090 areas
556 3021 814 3110 supradictorum
830 3022 990 3090 nobilium
1006 3023 1121 3108 Pouse,
1137 3022 1274 3088 Achillis
1298 3029 1342 3090 et·
1355 3019 1465 3087 Merui
1560 3017 1561 3052 ³

339 3129 577 3218 Promittantes,
609 3130 694 3216 quod
711 3130 739 3196 si
755 3149 910 3215 proeesse
926 3129 1081 3214 temporis
1097 3128 1218 3197 dietam
1243 3137 1365 3198 terram
1397 3149 1467 3197 eon·

338 3238 478 3321 tingeret
495 3237 601 3304 euinei
617 3239 670 3304 uel
686 3258 742 3324 per
759 3237 848 3304 litem
866 3236 998 3317 auferri,
1013 3235 1115 3322 ijdem
1131 3236 1213 3322 ipsis
1230 3237 1400 3320 Magistris
1423 3237 1459 3302 h.

338 3355 370 3410 et
386 3345 492 3432 Myeh.
509 3365 673 3413 aneorum
689 3345 861 3413 heredibus
878 3350 1063 3412 tenerentur
1080 3341 1257 3412 defendere
1273 3355 1305 3412 et
1315 3348 1412 3432 tueri,
1428 3363 1465 3410 ae

340 3453 510 3520 refundere
526 3453 670 3540 dampna
684 3460 717 3522 et
732 3473 904 3540 expensas,
921 3471 1003 3538 quas
1018 3452 1175 3538 sepedieti
1191 3453 1351 3538 Magister
1370 3455 1409 3520 L.
1434 3459 1465 3518 et

339 3559 437 3628 frater
455 3563 535 3647 eius,
567 3563 621 3629 uel
638 3581 748 3630 eorum
766 3559 900 3630 heredes
915 3560 1061 3628 tenerent
1076 3581 1133 3648 pro
1159 3560 1350 3629 defensione
1382 3567 1465 3628 terre
1560 3645 1561 3648 Ἴ

338 3669 447 3754 sepius
464 3675 650 3736 memorate.
672 3669 835 3736 Deerrunt
866 3669 970 3734 eeiam
1001 3667 1152 3752 superius
1184 3669 1353 3743 memorati
1383 3669 1465 3735 filios

339 3793 429 3862 suos,
445 3774 598 3842 videlieet
615 3776 762 3858 Pansam,
779 3773 990 3856 Demetrium,
1014 3773 1173 3842 Miconem
1190 3784 1223 3842 et
1237 3776 1378 3862 Dudum,
1395 3797 1464 3844 eou-

336 3881 458 3948 sentire
475 3881 661 3949 vendicioni
678 3881 881 3967 supradicte,
894 3881 1131 3969 promittentes,
1155 3889 1192 3948 ut
1207 3901 1268 3950 nee
1301 3883 1375 3968 ipsi,
1408 3903 1465 3950 nee

339 4009 448 4056 eorum
464 3989 604 4056 heredes
620 3989 673 4055 uel
688 3987 844 4054 heredum
860 4005 1066 4055 suceessores
1091 3997 1207 4056 eontra
1236 3987 1460 4058 uendieionem

340 4099 491 4164 uenirent
506 4103 723 4182 pretaxatam.
748 4099 786 4163 ln
803 4095 894 4164 euius
910 4095 958 4164 rei
990 4097 1178 4164 memoriam
1210 4104 1242 4164 et
1272 4107 1459 4186 perpetuam

338 4207 523 4272 ‘firmitatem
540 4210 704 4292 presentes
723 4205 943 4272 eoneessimus
964 4205 1093 4273 litteras
1109 4205 1210 4288 sigilii
1227 4207 1329 4274 nostri
1363 4205 1461 4274 muni-

342 4312 430 4380 mine
446 4313 635 4397 roboratas;
660 4332 747 4378 anno
763 4311 895 4379 Domini
912 4311 1084 4380 millesimo
1101 4309 1247 4380 GD⁰LX⁰
1263 4315 1417 4383 seeundo.

535 4441 646 4502 (Knauz
665 4441 789 4504 Ndndor,
807 4442 925 4507 Megyar
945 4442 1012 4494 Sion
1030 4443 1068 4494 11.
1086 4443 1145 4494 hot.
1166 4445 1227 4494 8³8.
1245 4443 1277 4510 1.)
