3120 5148
582 394 742 512 gg

99 607 279 682 tholomeus
290 611 383 695 dixit,
394 608 480 692 quod
491 607 664 675 iamdictus
675 610 800 694 legatus
810 628 873 676 non
885 607 1080 677 debebateis
1090 609 1169 676 dare
1181 598 1227 676 in-

100 718 235 785 dntiam.
246 719 288 786 Et
299 717 435 786 illustris
448 718 554 784 Bonus
566 715 769 786 tiliusDondi
783 716 872 802 dixit,
885 715 972 799 qnod
983 718 1044 786 sibi
1054 717 1227 786 ridebatur

101 825 180 894 darc
195 828 243 896 cis
261 828 427 896 induciam
442 851 449 910 ;
468 834 500 893 et
517 825 607 893 dedit
623 825 837 894 cisindutiam
849 826 893 892 ad
904 844 1013 892 eorum
1030 825 1226 895 voluntates.

101 933 139 999 st
170 943 247 1004 tnnc
278 933 422 1022 precepit
438 933 561 1000 eisdem
578 932 776 1019 Veglisanis‚
795 941 829 1000 ut
846 932 888 1000 ud
905 933 1113 1002 constitutam
1130 934 1226 1024 diem,

99 1045 220 1111 scilicet
237 1044 278 1112 de
293 1044 431 1130 indutie,
464 1063 561 1128 qnam
577 1043 639 1128 ipsi
657 1043 829 1129 petierant,
860 1041 1000 1110 fuissent
1031 1050 1107 1110 ante
1138 1064 1222 1126 cum,

102 1150 287 1219 faciendum
319 1151 480 1218 racionem
497 1152 562 1217 iarn
594 1150 681 1217 dicto
699 1151 816 1218 domiti
843 1151 1085 1222 Bartholomeo.
1102 1151 1165 1232 Qui
1182 1152 1225 1219 ad

102 1257 278 1344 predictum
301 1259 388 1326 diem
405 1280 469 1326 non
494 1265 660 1326 venerunt.
677 1257 718 1322 Et
741 1278 781 1324 ex
797 1280 860 1342 quo
883 1259 947 1346 ipsi
964 1279 1029 1324 non
1056 1269 1223 1344 uenerunt,

100 1375 131 1433 ut
147 1368 268 1435 dictum
293 1375 352 1448 est,
371 1365 534 1452 predictus
559 1365 673 1434 Comes
697 1365 949 1433 Bartholomeus
967 1365 1049 1433 dixit
1074 1367 1221 1454 predicto

101 1476 231 1562 Legato,
248 1483 283 1544 ut
299 1474 502 1541 adiudicaret
519 1494 575 1540 eos
592 1473 655 1540 sit-i
671 1474 847 1540 secundum
873 1493 996 1541 morem
1015 1473 1103 1542 illics
1130 1481 1224 1542 terre.

100 1586 139 1650 itt
176 1585 315 1652 illustris
356 1583 465 1650 Bonus
506 1582 593 1648 titius
625 1582 734 1648 Dondi
766 1581 875 1669 dixit,
923 1583 1009 1666 qnod
1042 1605 1109 1652 non
1138 1583 1228 1650 ride·

101 1695 193 1759 batur
231 1691 281 1758 itti
320 1700 396 1758 tunc
434 1689 580 1758 iudicare
619 1709 693 1774 eos;
735 1691 800 1758 imo
846 1692 978 1757 volebat
1017 1692 1133 1758 iterum
1168 1711 1223 1759 eos

102 1819 225 1868 vocare.
273 1799 392 1866 lterum
418 1798 554 1865 illustris
577 1799 706 1883 legatus
748 1819 806 1884 per
836 1819 928 1865 suurn
967 1800 1117 1866 nuncium
1149 1797 1228 1868 tecit

101 1929 214 1976 nccare
232 1909 298 1974 iam
314 1907 419 1974 dictos
450 1905 657 1993 VegiisonoS,
678 1913 714 1972 ut
730 1906 878 1973 venirent
894 1913 971 1974 ante
987 1929 1022 1974 sc
1039 1907 1227 1976 faciendum

103 2018 258 2084 rationem
276 2015 496 2084 illustrissimo
515 2015 653 2100 dorniti5
672 2015 725 2098 qrri
745 2013 786 2079 nd
804 2016 1010 2084 constitutam
1028 2015 1114 2083 diem
1138 2018 1228 2085 veni·

103 2145 133 2192 re
151 2129 426 2210 contempserunt.
446 2125 487 2189 Et
505 2143 545 2188 ex
561 2144 624 2206 qno
642 2124 685 2188 cd
703 2125 915 2190 constitutam
950 2123 1034 2190 diern
1052 2145 1116 2191 non
1133 2144 1228 2191 vene·

101 2239 180 2316 runt,
206 2231 316 2299 vocati
334 2217 448 2316 semel,
488 2232 596 2298 vocati
621 2232 747 2317 iterum,
778 2232 886 2299 vocati
918 2232 1029 2318 tercio,
1062 2230 1225 2316 predictus

102 2337 348 2406 Bartholomeus
359 2339 474 2406 Comes
484 2339 665 2406 lamentare
676 2359 711 2406 se
722 2341 809 2424 cepit
819 2341 859 2406 dc
870 2339 1087 2407 illustrissimo
1104 2339 1222 2425 legato.

101 2443 479 2531 Etscpedictustegatus
490 2445 574 2512 dixit
585 2446 803 2514 illustrissimo
814 2446 1225 2515 somnisarrnolomcmst

100 2551 196 2622 habes
213 2551 342 2638 aliquid
357 2553 400 2619 cd
417 2551 597 2642 dicendum,
613 2553 675 2620 dic.
692 2555 732 2620 Et
749 2554 818 2641 ipse
835 2555 949 2621 Comes
967 2554 1223 2622 Bartholomens

101 2663 205 2730 omnia
220 2682 280 2750 per
296 2660 453 2744 ordinem,
471 2683 534 2748 que
550 2683 651 2750 snpra
683 2664 822 2732 dixerat.
849 2661 891 2728 Et
907 2663 1147 2732 iilustrissiruus
1165 2662 1226 2729 Bo·

103 2789 162 2838 nus
177 2771 265 2838 filius
282 2771 392 2839 Dondi
408 2771 487 2839 fecit
501 2773 613 2840 venire
644 2780 721 2840 ante
737 2793 772 2840 se
789 2769 954 2840 ordinatos
971 2774 1065 2840 illius
1081 2779 1174 2858 terre,
1194 2780 1227 2840 et

103 2879 295 2946 constrinxit
310 2899 366 2948 eos
382 2899 442 2965 per
457 2887 705 2968 sacramentum,
720 2889 756 2949 nt
773 2881 940 2948 veritatem
957 2900 1056 2966 supro
1071 2882 1131 2948 hos
1148 2899 1219 2965 pre·

99 2985 283 3053 nominatas
308 2990 497 3072 questiones
522 2995 700 3058 tractarent
717 2990 803 3058 bona
820 2987 883 3057 tide
899 2988 970 3057 sinc
985 2987 1113 3074 fraude,
1140 2987 1227 3074 quod

99 3093 148 3160 cis
164 3102 287 3163 rectum
320 3095 487 3164 videretur
518 3095 674 3184 dicerent,
692 3103 723 3164 ct
739 3097 909 3166 veritatem
927 3096 1004 3164 iude
1031 3095 1177 3163 dicerent
1193 3101 1226 3161 ct

100 3202 359 3274 manifestarent.
392 3204 455 3283 Qut
478 3225 537 3292 per
563 3204 746 3274 districtum
774 3208 969 3275 sacramenti
995 3201 1227 3272 manifestave-

98 3319 184 3401 runt,
201 3314 288 3398 qnod
320 3333 422 3400 supra
452 3313 564 3401 scripti
589 3311 759 3400 Voglisaui
790 3335 855 3382 non
879 3315 1106 3401 persolverunt
1131 3311 1224 3378 illam

99 3419 268 3488 collectam
286 3419 328 3489 de
343 3421 401 3488 itto
416 3443 513 3508 anno,
529 3443 626 3507 qnam
644 3423 711 3491 iltis
744 3421 859 3492 Comes
876 3423 1125 3490 Barthotcmeuc
1143 3423 1224 3507 peti·

97 3535 187 3618 erat3
213 3537 246 3598 et
262 3530 304 3600 de
319 3532 437 3602 bannis
454 3539 485 3600 et
500 3531 577 3600 aliia
604 3531 683 3601 toris
710 3533 816 3620 factis,
832 3532 873 3600 de
891 3533 1008 3618 quibus
1024 3531 1090 3599 iilis
1106 3529 1226 3598 Gonnos

98 3635 350 3708 Bartholomeus
373 3641 629 3726 calumniabat,
642 3639 782 3726 predicti
798 3639 966 3726 Veglisani
984 3640 1088 3708 cidem
1106 3637 1223 3705 Comiti

95 3745 256 3812 rationem
268 3767 333 3814 non
345 3745 501 3814 fecerunt.
514 3748 573 3815 His
585 3756 618 3816 et
628 3747 704 3816 aliis
715 3747 793 3816 visis
804 3753 835 3815 et
845 3745 977 3834 auditis,
986 3747 1228 3814 illustrissimus

95 3851 1228 3939 ComesBartholomeusdixititlustrissimotogato:Noncognoscitis

92 3963 265 4046 veritatem
277 3981 318 4030 ex
328 3969 411 4048 toto;
421 3963 519 4032 dicite
529 3965 683 4050 quicquid
694 3964 802 4032 vultis.
815 3963 857 4030 Et
865 3961 1106 4032 illustrissimus
1117 3959 1226 4027 Bonus

93 4071 180 4140 tilius
194 4069 311 4157 Dondi,
322 4070 433 4140 habito
444 4073 580 4140 consilio
591 4073 797 4162 prudentum,
810 4094 869 4158 per
880 4072 1030 4140 virtutem
1043 4077 1074 4138 et
1086 4077 1228 4156 potesta·

93 4189 166 4266 tem,
184 4201 281 4265 quam
293 4179 704 4250 habebatailluctrissimo
715 4181 844 4249 domino
855 4189 965 4250 nostro
976 4179 1066 4246 Duce
1077 4175 1228 4244 etOonsi·

92 4287 202 4356 liariis
218 4291 296 4376 cius,
312 4291 397 4358 sicut
413 4291 611 4376 ostenderat,
622 4297 766 4378 utsupra
777 4293 967 4377 continetur,
979 4288 1229 4373 condempnavit

93 4415 148 4466 eeu
182 4397 387 4466 adiudicavit
413 4397 582 4484 chlisani
598 4399 766 4485 sepedicto
782 4395 898 4466 domiti
914 4398 1141 4466 Bartholomco
1160 4403 1225 4462 tarn

93 4507 132 4572 dc
149 4505 213 4574 itta
224 4507 374 4594 collecto,
394 4527 491 4592 qnam
520 4507 560 4574 de
576 4507 692 4576 bannis
709 4515 742 4576 ct
758 4507 831 4574 aliis
847 4505 1033 4575 forisfactis
1049 4503 1226 4574 secundnm

94 4614 369 4684 consuetudinem
386 4616 476 4684 itlius
493 4625 585 4686 torre.
618 4615 855 4702 condempnati
872 4635 932 4682 seu
957 4611 1141 4680 adiudicati
1159 4613 1226 4678 tuc-

90 4731 164 4792 rnut
182 4725 420 4812 Domnicellus,
437 4723 610 4794 Drasellus
626 4725 713 4792 filins
731 4725 842 4792 Menco
867 4723 907 4791 de
922 4721 1030 4810 Drusi,
1063 4719 1226 4787 Johunnec

204 4859 497 4904 ΙΟΧΰῖιΗΰΗΜῙΒΤ.
519 4871 556 4883 “·
575 4862 646 4904 ΜΠ..
661 4862 705 4902 11.
1100 4835 1120 4906 ὁ
1175 4880 1176 4884 ’
