3098 5132
813 251 973 350 330..

329 443 447 514 domiti
460 471 469 528 3
484 453 518 515 et
532 447 624 512 ondit
639 443 774 512 inserine
791 467 853 529 que
867 447 987 512 dieitur
1001 445 1217 532 Wyrnamort,
1234 454 1267 512 et
1280 445 1367 512 inter
1383 445 1462 534 Wy·

329 561 468 622 ruomort
484 553 528 620 ad
545 563 670 638 portum
686 553 802 619 Nnaoh
819 559 869 621 eet
883 561 970 619 meta
984 553 1026 619 de
1051 554 1184 641 Drama,
1215 563 1247 621 et
1278 554 1382 622 tendit
1418 555 1465 622 ad

332 660 498 728 meridiem
516 680 618 743 usqne
634 661 676 726 ad
693 661 823 728 domum
838 659 957 746 Pulon3
980 667 1012 725 et
1036 661 1115 726 inde
1146 661 1251 728 tendit
1281 663 1323 728 ad
1353 664 1464 728 looum

333 769 389 851 qui
406 775 539 834 notatur
555 766 665 834 oheret
681 768 822 852 signatio
838 767 939 852 looit3
964 775 996 834 et
1020 767 1066 834 ibi
1090 769 1190 834 intrat
1220 770 1254 834 in
1285 769 1399 835 eheret
1429 771 1464 835 in

333 877 403 942 looo
420 876 475 960 qni
491 884 625 942 vocatur
642 875 773 959 Gorgos
788 874 928 956 seneree,
945 881 978 940 et
993 871 1112 942 transit
1128 875 1218 942 iilum
1230 875 1462 961 oheretnignn·

335 984 377 1052 tie
392 983 491 1067 loeia3
515 991 548 1049 et
563 981 668 1049 tendit
683 984 797 1049 iterum
814 983 858 1050 ad
873 991 993 1050 terram
1027 983 1263 1067 Zagrahienoia
1294 985 1463 1069 Epiaeopi,

332 1099 365 1156 et
379 1091 426 1158 ibi
442 1090 589 1158 aseendit
606 1094 638 1156 in
655 1097 805 1177 montem,
823 1098 856 1156 et
870 1109 970 1178 nuper
985 1099 1128 1159 montem
1143 1090 1249 1158 tendit
1275 1091 1464 1174 aliquantu·

332 1199 411 1286 lum,
428 1207 462 1264 et
477 1197 646 1265 deseendit
662 1197 695 1262 in
711 1199 828 1264 vallem
844 1197 1010 1283 Solatinio,
1038 1201 1157 1266 transit
1181 1199 1312 1267 fluuium
1345 1197 1465 1266 Solati-

333 1306 396 1394 nie,
412 1312 445 1373 et
458 1307 609 1373 aseendit
624 1307 739 1373 iterum
756 1305 800 1372 ad
817 1315 966 1387 montem,
980 1315 1013 1373 et
1029 1307 1079 1373 sie
1097 1327 1152 1391 per
1162 1313 1303 1374 montem
1316 1307 1465 1374 uenitad

331 1414 471 1500 priorem
488 1427 617 1482 metam.

438 1521 592 1589 Preterea
608 1522 834 1588 eoniirmamuo
851 1519 938 1586 dieto
954 1523 1015 1588 Th.
1033 1521 1148 1588 domiti
1165 1522 1282 1589 siluam
1294 1522 1466 1605 quandam

332 1629 461 1696 nomine
478 1629 582 1715 Solea,
608 1649 671 1713 que
686 1629 943 1697 vdwornioornm
958 1628 1065 1696 iuerat
1081 1629 1215 1698 devilia
1231 1628 1330 1704 Ketel
1346 1630 1382 1694 in
1399 1627 1464 1693 Oo-

331 1735 448 1802 mitatu
464 1735 683 1822 Sumugyenoi
700 1737 807 1822 sitam,
823 1745 857 1804 et
871 1743 989 1804 terram
1007 1737 1050 1802 ad
1080 1737 1251 1804 duodecim
1282 1743 1398 1803 aratra
1431 1739 1466 1802 in

335 1845 415 1910 villa
431 1843 581 1910 Brnnoha
596 1865 617 1910 a
633 1845 749 1912 Castro
766 1843 982 1930 Sumugyenoi
998 1851 1179 1930 exceptam.
1205 1843 1306 1909 Cuius
1321 1851 1410 1910 mete
1427 1853 1465 1910 et

332 1951 525 2018 donacionis
542 1971 641 2020 nanee
656 1953 689 2017 in
707 1951 879 2036 priuilegio
895 1953 997 2037 patria
1028 1953 1130 2018 nostri
1162 1952 1353 2037 plenissime
1387 1971 1466 2018 con·

332 2061 485 2130 tinentur.

442 2167 677 2236 Confirmamue
693 2167 825 2253 insuper
840 2166 1009 2233 dimidiam
1026 2173 1153 2250 partem
1179 2173 1266 2234 terre
1296 2165 1412 2232 Bonan
1445 2187 1468 2232 a

333 2277 485 2362 Phiiippo
503 2276 627 2342 Oomite
644 2295 700 2360 pro
716 2273 893 2358 nonaginta
910 2271 1028 2341 mareis
1042 2273 1075 2339 in
1092 2273 1260 2359 presentia
1274 2273 1471 2358 Juleqnon·

334 2385 409 2450 dam
431 2383 572 2450 Palatini
590 2391 751 2468 emptam3
769 2384 827 2448 tali
846 2381 1044 2469 condicione,
1060 2381 1146 2465 qood
1162 2380 1332 2466 Philippus
1349 2380 1467 2448 eteius

334 2489 499 2559 oucoeseio
516 2487 691 2555 defendere
706 2497 832 2556 tenetur
847 2487 908 2554 Th.
926 2487 1094 2571 Comitem,
1109 2489 1137 2554 ei
1154 2507 1220 2571 qua
1234 2487 1475 2556 controuersia.

334 2617 431 2682 nuper
448 2605 556 2681 empta
574 2605 660 2663 terra
680 2603 879 2665 nasceretur.

335 2795 414 2852 <nota
435 2794 523 2858 iijabb
544 2795 694 2858 kirtlynak
713 2795 884 2858 megerantd
903 2793 1102 2856 okmtnytbot
1116 2793 1190 2842 mint
1207 2791 1290 2842 altibb
1304 2796 1413 2844 lttmz.
1429 2797 1470 2856 a.)

343 3903 386 3968 II.
404 3903 510 3968 Endre
524 3904 699 3987 kirdlynuit
731 3903 864 3966 Fontem
895 3901 1176 3989 oaotdmdrmepyei
1205 3903 1368 3990 erddao'pet
1401 3909 1475 3972 τόν·

478 4014 581 4096 pyozo
604 4011 785 4095 odontdnyo
805 4009 923 4075 Tameia
938 4033 1037 4076 comeo
1051 4013 1211 4074 aadmdra.
1230 4011 1325 4076 1231.

450 4207 486 4272 iu
527 4206 655 4272 nomine
693 4208 815 4273 Sancte
846 4206 1016 4272 Trinitatis
1047 4215 1078 4273 et
1109 4205 1280 4274 Indiuidua
1312 4207 1477 4300 Vnitatip

340 4314 488 4382 Andreae
507 4313 569 4380 Dei
584 4313 696 4397 gretia
712 4315 890 4400 Hungarie,
906 4313 1085 4396 Dalmatio,
1102 4315 1248 4401 Croaoie,
1263 4316 1381 4402 Rama
1398 4318 1474 4386 Ser·

341 4423 402 4504 nie‚
423 4421 572 4506 Gallioie,
588 4423 844 4508 Lodomerieqne
859 4424 929 4489 Rex
953 4423 988 4490 in
1014 4431 1216 4508 perpetuom.
1255 4423 1361 4506 Regie
1377 4425 1480 4494 Sere-

339 4528 455 4604 ditatin
472 4528 607 4613 prouida
624 4529 872 4615 eironmopecoio
887 4531 973 4596 nient
997 4529 1031 4596 in
1061 4529 1267 4598 conserendis
1297 4528 1476 4618 beneiioije
