3098 5132
609 221 769 322 „om-

115 419 173 504 gni
188 415 361 487 commodo
379 417 493 484 mortis
510 417 654 502 periculo
672 433 835 502 exponere
852 412 1079 488 formidarunt.
1097 411 1178 482 Inde
1189 422 1269 505 est„

117 525 205 610 qnod
220 522 452 592 muniflccncie
466 521 600 609 Regalis
617 523 815 610 inmensitas,
841 520 918 588 licet
943 521 1046 588 eciam
1076 519 1119 588 ad
1149 527 1259 590 extra-

118 652 198 699 neos
214 633 302 700 bone
325 630 627 700 commendacionis
652 628 834 714 flagraucia
859 627 995 694 diffundi
1021 625 1159 710 debsat3
1183 629 1271 715 ple·-

118 741 193 807 nins
207 745 320 805 tamen
339 743 374 805 et
388 737 582 824 propensius
598 735 762 820 largiendi
779 755 909 802 manum
926 733 1024 801 debet
1048 733 1117 802 illis
1148 735 1248 819 porri-

122 865 209 932 gere,
227 865 366 930 quorum
382 843 556 932 probitatis
572 843 812 929 experienciam
829 862 887 927 per
903 841 1089 910 diuturnam
1114 842 1253 910 fidelita-

121 953 163 1020 tis
188 951 414 1019 constanciam
440 948 564 1035 didicit,
590 957 623 1016 et
653 969 778 1016 morum
810 949 983 1016 honestate
1013 949 1265 1033 conprobauit.

119 1059 211 1126 Hanc
228 1057 390 1142 siqnidem
408 1062 440 1125 et
456 1077 518 1124 nos
532 1057 636 1140 Regis
652 1055 955 1142 circumspeccionis
977 1053 1163 1124 eradicione
1194 1059 1248 1126 ob·

122 1173 304 1250 seruantes,
337 1185 438 1254 prope
453 1165 660 1234 indeciduum
678 1171 709 1233 et
731 1163 920 1233 indesinens
948 1163 1134 1230 meritorum
1159 1169 1249 1239 obso-

121 1276 242 1360 quium,
258 1275 348 1358 qnod
363 1279 473 1340 noster
495 1273 602 1342 tidelis
630 1273 771 1340 Thomas
797 1271 916 1340 (lomes
931 1273 1098 1340 Macharei
1114 1271 1268 1342 Comitis-

121 1383 216 1468 fllius,
233 1403 255 1448 a
269 1383 428 1469 primeuis
444 1381 621 1448 iuuentutis
637 1399 696 1448 sue
720 1379 919 1468 temporibus
947 1380 990 1447 ad
1016 1379 1122 1465 Regni
1145 1383 1268 1449 nostri..

121 1491 301 1576 proflcnnm
316 1496 350 1556 et
366 1489 518 1556 bonorem
534 1507 662 1574 semper
677 1488 836 1572 exhibuit,
854 1495 887 1554 ct
901 1487 1043 1556 maxime
1058 1507 1159 1575 prope
1169 1497 1250 1558 stre-

119 1597 257 1665 nuitatis
273 1615 376 1682 opera
393 1597 525 1683 eximia,
540 1595 656 1680 quibus
673 1613 801 1680 semper
827 1595 955 1682 claruit,
983 1615 1054 1662 cum
1079 1595 1163 1663 inter
1187 1617 1265 1665 nos·

120 1713 153 1772 et
166 1705 377 1772 Homericum
394 1706 515 1790 Regem
532 1704 641 1770 inclite
666 1703 822 1770 memorie
847 1703 1042 1788 multiplices
1068 1703 1265 1773 aduersita-

120 1821 186 1878 tnm
211 1811 450 1879 fluctnaciones
476 1818 698 1894 emergerent,
724 1810 780 1894 qni
810 1828 871 1878 nec
902 1811 1041 1880 carceris
1074 1831 1267 1898 erumpnas<

121 1920 286 1988 sustinere
302 1939 360 2004 pro
376 1917 471 1986 nobis
488 1917 632 2004 expauit,
653 1937 714 1984 nec
730 1918 849 2006 minas,
863 1938 924 1986 nec
938 1918 1083 2003 uulnera,
1108 1939 1168 1986 nec
1192 1920 1250 1984 ali-

120 2027 207 2111 qnod
223 2045 328 2110 genus
344 2025 468 2112 mortis,
485 2033 543 2092 aut
558 2027 704 2092 laborum
731 2031 764 2090 et
790 2025 915 2091 uiarum
941 2024 1029 2092 tedia
1054 2025 1266 2111 trepidauit,¹

121 2153 216 2217 quem
234 2131 339 2199 eciam
355 2133 391 2198 in
406 2131 546 2218 publicis
564 2140 597 2198 ct
613 2131 750 2216 priuatis
761 2133 864 2216 Regni
874 2131 977 2200 nostri
990 2130 1262 2216 negocijsvirum.

120 2241 298 2308 discretum
315 2247 348 2306 et
363 2239 547 2326 prouidum,
565 2247 598 2306 ct
612 2241 700 2306 omni
728 2261 853 2308 morum
884 2240 1056 2308 honestate
1087 2239 1262 2325 preditum

121 2347 344 2432 cognocimus,
362 2347 539 2414 ctdsmum
558 2349 680 2416 cumin
705 2348 806 2432 Regis
838 2349 962 2433 Regum
993 2347 1131 2432 negocio
1162 2348 1260 2414 ultra.

121 2476 209 2523 mare
226 2457 262 2522 in
277 2453 460 2524 subsidium
477 2461 591 2522 sancte
608 2461 692 2521 terre
708 2455 882 2539 profecturi
907 2457 940 2520 in
966 2454 1135 2541 procinctu
1160 2475 1264 2522 esso--

120 2583 188 2632 mus
205 2563 350 2646 itineris;
374 2582 473 2646 quem
488 2563 593 2628 eciam
609 2562 811 2646 sepedictum
828 2564 888 2630 Tb.
922 2563 1077 2630 Comitem
1110 2569 1265 2648 postmou

121 2669 195 2738 dnm
212 2669 254 2736 de
270 2669 493 2736 ultramarinis
509 2670 659 2756 partibus
674 2668 718 2735 ad
742 2673 876 2757 propria
905 2676 1086 2738 remeantes
1116 2671 1250 2753 quibus-

123 2779 196 2844 dam
214 2799 311 2863 qnam
328 2778 478 2862 plurimis
494 2797 619 2845 uesano
636 2777 742 2844 ductis
768 2778 908 2846 consilio
932 2779 1079 2862 Regnum
1103 2786 1265 2846 nostrum..

121 2885 279 2952 hostiliter
294 2883 520 2970 affligentibus
534 2883 568 2950 in
585 2885 685 2951 solita
701 2893 734 2950 et
750 2883 863 2951 debita
879 2885 1060 2952 inuenimus
1086 2885 1245 2954 fidelitate

126 2999 311 3060 constanter
326 3011 564 3076 perseuerasse.
603 2991 725 3058 Intuitu
741 2993 840 3076 igitur
855 2991 1024 3060 fidelitatis
1040 3000 1073 3060 et
1095 2994 1267 3060 seruicio·-

123 3122 191 3168 rum
208 3102 324 3186 ipsius,
342 3102 537 3168 contulimus
554 3101 584 3168 ci
601 3102 768 3184 quandam
785 3108 903 3168 terram
933 3103 1064 3169 nomine
1094 3100 1262 3167 Sonncha,

125 3206 164 3272 sd
178 3207 415 3276 Bsechicnsem
432 3208 627 3276 Comitatnm
645 3209 873 3295 pertinentem,
890 3231 952 3295 que
966 3208 1027 3275 fuit
1043 3216 1133 3274 terra
1159 3207 1266 3292 vion,

125 3316 264 3397 quisine
279 3315 401 3383 beredo
417 3315 589 3384 defunctus
608 3323 666 3398 est,
683 3316 781 3384 certis
797 3318 892 3384 metis
908 3338 929 3384 a
948 3314 1267 3382 circumiacentibus·

65 3427 69 3437 '
127 3425 217 3491 terris
233 3425 379 3492 exomni
395 3432 490 3512 parte
508 3424 704 3493 distinctam.
738 3425 849 3493 Prima
865 3433 951 3492 meta
968 3423 1081 3508 incipit
1097 3423 1157 3492 sub
1172 3425 1269 3489 Nar--

127 3529 343 3598 duncharasta
359 3551 433 3598 oum
449 3540 537 3598 terra
562 3535 685 3618 Deme;
711 3540 824 3616 postea
848 3533 987 3600 flectitur
1012 3531 1056 3598 ad
1081 3531 1261 3600 meridiem.

128 3654 194 3703 cnm
208 3645 295 3706 terra
310 3640 587 3727 uduornicorum,
602 3647 634 3706 et
650 3641 743 3706 uadit
761 3639 804 3706 ad
820 3639 1065 3726 Wososlrsrelsy
1090 3659 1161 3706 cnm
1188 3637 1268 3710 ele-,-

132 3746 210 3813 natis
226 3749 338 3828 metis;
362 3755 395 3814 et
426 3746 504 3812 inde
528 3746 667 3813 flectitur
698 3747 741 3814 ad
772 3746 972 3816 occidentem
1003 3767 1076 3814 cum
1108 3746 1246 3814 eleuatis

134 3853 219 3920 metis
234 3875 336 3940 usque
351 3858 438 3922 uiam
456 3874 612 3940 magnam
626 3874 692 3937 que
708 3854 801 3922 uadit
817 3855 861 3922 ad
876 3855 997 3943 Bacch,
1014 3862 1047 3921 et
1062 3873 1160 3938 super
1176 3874 1243 3919 ma-

134 3976 223 4036 gnam
237 3963 324 4029 niam
339 3963 481 4030 flectitur
496 3962 539 4028 ad
556 3963 816 4050 septemtrionem
829 3985 837 4048 ;
861 3971 894 4030 ct
910 3962 986 4029 inde
1002 3961 1092 4028 uadit
1107 3959 1150 4027 ad
1167 3960 1267 4028 occi*-

139 4063 253 4134 dentcm
272 4087 344 4135 cum
361 4070 459 4137 metis
476 4070 614 4136 eleuatis
628 4070 720 4138 iuxta
737 4077 878 4138 castrum
894 4069 1059 4156 Sonncha,
1077 4067 1265 4139 ctdesccnn

139 4170 180 4238 dit
192 4175 231 4240 ad
247 4179 341 4264 Vscy,
359 4185 392 4244 et
408 4179 531 4246 transit
545 4177 632 4264 Vscy
650 4175 693 4244 ad
710 4197 863 4262 magnum
880 4179 1056 4259 fossatum
1078 4175 1125 4241 ibi
1149 4173 1250 4240 intrat

134 4277 166 4344 in
179 4283 301 4372 siluam,
319 4291 351 4352 et
367 4284 458 4351 uadit
473 4285 507 4350 in
523 4285 610 4354 silua
627 4304 682 4370 per
700 4287 844 4352 eleuatas
861 4291 966 4351 metas
982 4302 1084 4368 usqne
1101 4282 1144 4348 ad
1156 4281 1263 4347 Vnus·-

137 4383 298 4476 senerg'et
312 4393 359 4458 ibi
378 4401 428 4460 est
443 4393 601 4462 fossatum
619 4395 673 4461 ubi
694 4402 742 4460 est
759 4401 853 4480 meta,
870 4401 901 4460 et
911 4391 1048 4459 flectitur
1058 4389 1100 4458 ad
1111 4395 1262 4475 septem

145 4495 267 4566 trionem
281 4520 397 4566 uersus
414 4501 573 4584 Holmod;
596 4509 627 4568 et
644 4500 721 4567 inde
737 4501 875 4569 flectitur
890 4500 934 4570 ad
951 4501 1117 4585 orientem,
1136 4504 1169 4563 et
1192 4499 1267 4564 cir·-
