3080 5146
795 419 799 424 .
815 328 920 424 ,stt
929 417 955 424 -

318 527 360 592 de
406 523 581 592 clementia
621 521 833 606 benignitatis
865 517 1002 607 predicti
1034 520 1158 586 domini
1189 522 1292 589 Ducis
1330 521 1449 605 suique
1533 597 1534 616 Σ

308 632 443 700 Consilii
460 637 492 697 et
519 629 706 698 Communis
737 629 958 714 Venetiarum,
977 648 1035 694 nos
1069 627 1256 713 Stephanus
1273 627 1315 696 do
1333 627 1444 694 Picica

306 739 414 807 Judex
446 746 479 804 et
509 740 623 804 Rector·
655 736 899 804 Jadretinorum
925 735 1018 801 Nona
1034 735 1307 802 commorantium
1325 743 1358 801 et
1379 755 1444 802 om-

308 849 397 914 nium
414 847 468 913 hic
484 846 682 932 presentium
701 855 733 912 et
749 843 967 930 existentium,
987 849 1020 909 et
1035 863 1094 909 nos
1111 841 1275 911 Jadretini
1301 845 1440 910 Consili-

310 955 371 1021 arii
390 954 468 1020 dicti
485 953 588 1020 nostri
616 953 635 1018 J
640 953 742 1020 udicis
759 962 790 1018 et
819 949 976 1034 Rectoris,
1009 957 1193 1018 asserentes
1209 971 1269 1020 nos
1286 971 1359 1020 esse
1377 959 1443 1018 tres

309 1069 420 1150 partes
439 1069 470 1128 et
486 1061 582 1148 ultra,
600 1081 657 1148 per
673 1061 760 1144 quod
777 1059 955 1127 Consilium
973 1058 1178 1127 Universitas
1204 1059 1443 1126 Jatretiuorum

309 1169 432 1253 regitur
464 1177 496 1236 et
527 1187 635 1235 corum
652 1167 783 1250 negotia
799 1165 1026 1251 terminantur,
1052 1173 1084 1232 et
1111 1169 1258 1231 maxima
1274 1167 1445 1249 quantitas

311 1279 455 1346 virorum
472 1276 712 1344 Jadrctinorum
730 1274 928 1360 presentium
945 1281 977 1340 ct
994 1271 1214 1359 existentium,
1227 1273 1269 1338 ad
1286 1274 1350 1339 boo
1366 1275 1444 1341 iaci-

314 1385 434 1458 endum
467 1381 701 1450 communicato
734 1382 871 1450 consilio
903 1390 936 1449 ct
952 1379 1099 1445 unanimi
1114 1379 1282 1446 voluntate
1300 1379 1437 1448 facimus

312 1478 345 1560 et
362 1490 586 1558 constituimus
617 1491 745 1556 nomine
772 1497 882 1556 nostro
900 1496 932 1554 et
947 1487 1077 1554 nominc
1096 1485 1194 1553 totius
1211 1487 1441 1555 Universitatis

311 1598 556 1670 Jadretinornm
573 1597 691 1680 ubique
708 1597 973 1664 commorantium
999 1593 1087 1661 viros
1103 1594 1228 1662 nobiles
1254 1595 1382 1679 Papum
1398 1596 1437 1660 de

311 1706 451 1770 Patrona
467 1709 499 1770 et
516 1703 731 1786 Grisogonum
748 1703 789 1770 de
805 1704 918 1770 Mauro
934 1709 1062 1768 nostros
1086 1708 1119 1768 et
1129 1699 1359 1769 Universitatis
1375 1722 1442 1788 pre·

313 1811 400 1878 dicte
417 1810 558 1897 nuntios,
583 1810 750 1894 syndicus,
769 1817 994 1896 procuratores
1011 1814 1043 1874 et
1059 1814 1186 1874 actores
1202 1809 1246 1874 ad
1269 1809 1444 1894 petendum

313 1917 441 1986 nomine
453 1923 563 1984 nostro
574 1922 607 1982 et
616 1917 756 1982 omnium
768 1915 983 2000 predictorum
996 1912 1251 1980 misericordiam
1278 1935 1350 1982 cum
1368 1936 1439 1999 gra·

313 2027 361 2092 tia
386 2023 509 2091 domini
526 2023 627 2090 nostri
642 2021 744 2090 Ducis
770 2021 988 2104 venetiarum,
1014 2026 1047 2086 et
1062 2021 1237 2088 Civitatem
1253 2019 1355 2090 Jadrc
1370 2042 1441 2089 cum

253 2213 256 2220 .
314 2133 465 2200 omnibus
483 2129 688 2218 pertinentiis
705 2127 922 2216 suis,dantes,
934 2136 966 2196 et
983 2129 1280 2197 tradentesoisdem
1298 2131 1444 2214 liberam,

315 2241 503 2324 generalem
521 2247 553 2305 et
569 2236 796 2324 plenissimam
814 2237 966 2304 virtutem
981 2245 1015 2302 et
1030 2242 1223 2320 potestatem
1240 2243 1348 2326 pacta,
1374 2259 1447 2326 pro-

314 2347 486 2414 missiones
503 2353 534 2412 et
550 2345 768 2428 obligationes
778 2342 921 2410 faciendi
931 2343 1060 2409 domino
1070 2348 1181 2410 nostro
1192 2344 1279 2411 Duoi
1297 2345 1448 2414 Venetia-

311 2476 384 2520 rum
409 2461 442 2520 et
459 2451 635 2536 Communi,
652 2471 690 2518 ac
714 2449 895 2537 recipiendi
910 2449 1040 2516 nominc
1056 2456 1166 2517 nostro
1192 2458 1225 2518 et
1240 2453 1456 2542 anctoritate,

317 2568 350 2627 et
380 2561 511 2628 nomine
528 2568 559 2626 et
574 2560 769 2628 auctoritate
786 2559 871 2626 dicte
888 2555 1037 2626 Civitatis
1068 2556 1170 2625 Jadre
1195 2563 1228 2625 et
1257 2557 1445 2627 Cornnmis

316 2665 460 2735 eiusdem
478 2673 509 2733 et
523 2665 746 2734 universorum
762 2663 1003 2733 ladretinorum
1019 2664 1140 2748 ubique
1165 2667 1448 2754 commorantium,

317 2783 351 2841 et
366 2793 463 2860 snper
492 2774 640 2843 omnibus
656 2781 688 2841 et
704 2777 737 2840 in
754 2775 913 2860 omnibus,
930 2791 993 2855 que
1009 2771 1159 2838 duxerint
1175 2769 1362 2841 iaciendum
1378 2779 1449 2840 tam

322 2882 355 2946 in
373 2881 469 2950 rebus
500 2901 595 2966 quam
612 2884 646 2948 in
661 2881 810 2970 personis
841 2879 938 2946 huius
954 2877 1034 2946 facti
1049 2879 1222 2946 occasione
1238 2878 1280 2946 ad
1296 2883 1449 2948 volunta·

317 2995 383 3054 tem
400 2994 430 3056 et
445 2987 682 3074 beneplacitum
716 2989 782 3054 iam
814 2985 892 3054 dicti
924 2984 1046 3054 domini
1076 2987 1179 3053 nostri
1196 2985 1296 3054 Ducis
1312 2988 1448 3073 eiusque

319 3095 465 3185 Consilii,
482 3103 513 3162 et
530 3095 744 3182 predictorum
770 3095 965 3182 nuntiorum,
982 3093 1192 3180 syndicorum
1209 3095 1280 3160 sive
1295 3113 1447 3180 procura·

320 3213 424 3272 torum
442 3209 631 3287 nostrorum,
665 3209 698 3270 et
729 3202 858 3269 iurandi
874 3203 909 3270 in
927 3202 1100 3269 animabus
1117 3201 1237 3274 nostris
1254 3210 1286 3268 et
1302 3203 1451 3288 predicte

318 3311 547 3381 Universitatis
580 3309 620 3378 de
636 3310 888 3399 complemendis
914 3318 946 3376 et
971 3309 1140 3378 servandis
1157 3311 1399 3397 omnibusque
1417 3313 1450 3378 in

312 3419 477 3506 ¹predictis
508 3422 559 3485 vel
592 3418 668 3484 aliis
685 3419 771 3485 circa
786 3417 934 3502 predicta
950 3439 1006 3502 per·
1023 3417 1155 3484 eosdem
1174 3417 1262 3484 saeta
1278 3417 1402 3486 suerint
1419 3429 1453 3484 et

310 3519 462 3592 ‘ortinata
477 3543 549 3590 curn
579 3522 664 3592 dioto
696 3525 826 3592 domino
842 3530 951 3592 nostro
968 3525 1061 3591 Duos
1077 3523 1287 3590 Venetiarum
1315 3524 1458 3609 eiusque

319 3628 473 3716 Consilio,
505 3639 610 3699 ratum
637 3639 669 3698 et
684 3633 811 3698 firmum
827 3632 948 3698 habere
964 3633 1188 3716 promittentes
1205 3631 1238 3696 in
1254 3641 1451 3718 perpetuum

319 3735 378 3826 per
394 3761 467 3834 uos¹
484 3749 675 3822 nostrosque
706 3739 841 3807 heredes
858 3745 890 3806 et
913 3757 1125 3824 successores,
1143 3737 1302 3820 quidquid
1328 3739 1362 3804 in
1381 3759 1458 3824 prc-

322 3849 419 3914 dictis
436 3845 488 3912 vel
503 3846 575 3912 aliis
591 3845 678 3912 circa
693 3847 841 3932 predicta
857 3865 928 3912 cum
946 3845 1189 3929 Magnificentia
1214 3844 1293 3911 dicti
1325 3845 1448 3912 domini

324 3955 427 4022 nostri
457 3953 558 4021 Ducis
591 3955 742 4024 duxerint
767 3955 952 4020 faciendum
971 3977 979 4037 3
996 3953 1184 4020 confitentes
1209 3963 1242 4019 ot
1257 3959 1454 4040 asserentes,

318 4083 382 4152 ,nos
401 4081 474 4128 esso
491 4061 578 4148 apud
594 4061 753 4128 Venetias
768 4061 801 4126 in
819 4067 931 4128 nostra
948 4061 1055 4128 libera
1071 4065 1244 4147 potestate,
1262 4068 1295 4126 et
1312 4062 1345 4126 in
1362 4063 1456 4128 nulla

313 4169 427 4262 'forcia
459 4169 510 4234 uel
542 4167 690 4236 districtu
722 4167 800 4236 dicti
833 4167 955 4235 domini
972 4165 1074 4234 nostri
1089 4165 1191 4235 Ducis
1209 4177 1241 4234 et
1267 4167 1455 4235 Communis

324 4275 533 4352 venetiarum
550 4278 602 4344 vel
618 4277 751 4344 alterius
767 4295 914 4363 persone,
932 4275 1053 4341 dictum
1080 4273 1302 4360 syndicariam
1335 4281 1367 4340 et
1383 4294 1457 4361 pro·

326 4385 528 4482 curationem
560 4383 728 4450 voluntate
758 4389 941 4469 spontanea
967 4381 1135 4448 facientes.
1153 4381 1260 4448 Etiam
1276 4381 1456 4452 asserimus

318 4497 360 4580 ,et
376 4491 564 4557 confitemur
580 4491 758 4576 pradictum
775 4490 976 4578 Stephanum
993 4487 1035 4556 de
1066 4489 1178 4557 Picica
1207 4496 1353 4574 tempore
1386 4509 1457 4576 pre-

321 4599 412 4674 senti
427 4605 573 4664 nostrum
591 4605 622 4664 et
638 4587 869 4666 Universit'atis
901 4597 1048 4683 predicte
1075 4615 1145 4664 esse
1160 4595 1309 4666 Jndicom
1326 4601 1360 4664 et
1376 4597 1457 4666 Rec-
