3078 5128
439 403 442 408 ,
487 343 647 444 Aa„

9 552 139 628 maneat,
157 547 192 612 in
210 545 439 628 argumentum
456 540 530 606 fidei
547 539 704 623 plenioris
715 545 898 623 presentem
910 535 1130 603 concessimus

10 654 155 739 pagiuam
173 649 339 737 dupplieis
357 647 459 732 sigilli
475 649 575 712 nostri
594 647 770 712 munimine
789 645 819 711 in
838 651 1027 730 perpetuum
1040 642 1131 708 robo-

11 769 114 826 rrtnm.
138 759 265 826 Datum
283 777 370 826 anno
388 753 489 822 Uerbi
515 752 680 820 Incnrnati
706 753 877 820 millesimo
909 749 1130 820 ducentesimo

10 869 165 936 tricesimo
182 865 340 951 secunde,
356 863 462 948 Regni
478 869 584 930 autem
602 856 704 930 nostri
721 881 806 927 anuo
822 861 975 928 vicesimo
991 879 1085 926 nono.

14 1069 56 1120 lla
73 1067 179 1119 eredetn'
198 1065 270 1116 utin
289 1065 390 1114 Knanz
409 1062 525 1114 Nsndor
542 1061 662 1126 Msgyar
681 1061 748 1113 Sion
766 1061 804 1110 11.
820 1061 879 1110 not.
891 1063 950 1110 372.
962 1059 1077 1124 lap.;-
1089 1057 1130 1110 Aa

216 1155 395 1219 Esatergami
414 1153 591 1216 Fttlslptalan
610 1150 803 1216 onmtnycsra
824 1155 864 1200 le.
884 1150 914 1212 l.)

18 2177 63 2246 lx.
79 2179 216 2267 Gapelp
229 2185 323 2265 po'pa
338 2181 519 2265 moperdeiti
534 2203 556 2246 c
570 2179 706 2268 zdyrdbi
716 2180 845 2267 pttspiilc
870 2181 901 2244 ts
933 2199 951 2240 a
980 2199 1128 2263 ,pannon-

18 2289 190 2375 lnlmiapdt
207 2287 302 2371 lebeti,
319 2311 340 2352 a
356 2287 613 2354 Drdvacnellc‘lci
628 2286 1129 2371 tizedclcettcirpyoadeppeesepet.

515 2395 613 2461 1232.

101 2591 285 2676 Gregorius
311 2590 493 2677 Episcopus
519 2612 632 2660 servus
656 2611 821 2659 servorum
852 2591 912 2656 Dei
941 2591 1125 2657 venerabili

18 2698 174 2766 tratri
200 2698 364 2784 Episcopo
381 2705 414 2764 et
444 2699 573 2766 dilectis
598 2699 687 2786 filiis,
720 2697 871 2783 Capitulo
903 2699 1125 2784 Zagrabiensi,

15 2809 133 2874 salntem
176 2815 212 2872 et
252 2806 471 2891 apostolicam
513 2807 784 2874 benedictionem.
817 2807 920 2874 Justis
951 2809 1127 2893 potentium

16 2913 169 2983 desideriis
187 2915 323 3000 dignum
342 2922 391 2982 est
406 2935 465 2982 nos
476 2915 606 2983 facilem
623 2915 760 3002 prebcrc
771 2935 975 3002 consensum,
994 2923 1027 2982 ct
1039 2924 1125 3002 vola,

18 3041 65 3100 que
94 3043 113 3088 a
140 3024 284 3091 rationis
316 3025 446 3090 tramite
477 3045 541 3090 non
558 3024 757 3110 discordant,
774 3023 891 3090 effectu
915 3039 1128 3108 prosequente

16 3129 169 3214 conplere.
199 3131 288 3198 Sane
304 3138 450 3216 tempore
466 3131 570 3199 felicis
586 3129 819 3198 reeordationis
835 3129 1020 3218 I(noeentli)
1038 3135 1126 3219 Papc

17 3237 239 3316 predecessoris
256 3241 371 3325 nostri,
389 3238 525 3308 dilectus
541 3239 626 3306 lilius
651 3291 658 3304 .
676 3291 684 3306 .
702 3289 709 3304 .
733 3239 844 3306 Abbos
862 3238 973 3306 Sancti
991 3241 1125 3306 Martini

15 3339 44 3407 de
70 3344 244 3413 Pannonia
276 3367 335 3431 pro
367 3367 403 3414 se
435 3367 474 3413 ac
506 3345 675 3414 Conventa
707 3369 764 3414 suo
798 3347 890 3432 pellit
916 3367 937 3414 a
962 3349 1125 3434 te,fratcr

16 3449 167 3540 Episcope,
201 3473 241 3520 ac
267 3455 439 3521 Canonicis
463 3447 695 3538 Zagrabiensis
721 3455 875 3542 Ecclesie,
904 3475 1039 3540 quorum
1056 3477 1126 3542 pro·

16 3567 126 3629 curator
140 3562 187 3628 ad
204 3561 307 3630 hocin
319 3562 438 3628 iudicio
449 3567 669 3650 comparebat,
680 3563 825 3630 decimas
836 3565 977 3630 omnium
994 3567 1124 3650 frugum

14 3673 35 3728 ct
49 3667 172 3738 aliarun
200 3691 307 3737 rerum
323 3673 427 3755 partis
453 3671 632 3740 Comitatus
649 3671 867 3756 Simigiensls,
893 3692 956 3756 que
974 3684 1023 3739 est
1041 3676 1127 3742 ultra

14 3771 127 3842 iuriam
159 3780 320 3864 Dravam,
353 3797 413 3846 nec
445 3799 510 3846 non
543 3785 576 3846 et
606 3779 805 3865 capellarum
829 3779 940 3847 Sancti
968 3781 1127 3867 Barnabe,

16 3881 116 3951 Sancte
131 3886 258 3968 Crucis,
277 3895 309 3953 ct
324 3888 445 3955 Sancte
464 3887 651 3971 'Trinitatis
670 3887 883 3954 existencium
900 3887 933 3953 in
950 3889 1125 3974 Vesprimi·

15 3994 68 4058 ensi
82 3995 227 4078 Diocesi,
254 3996 336 4063 eitra
351 3995 506 4081 Druvam,
534 4017 605 4062 cum
622 3995 781 4063 fructibus
797 3999 959 4084 perceptis
977 4019 1018 4064 ex
1033 3997 1125 4084 ipsis,

15 4110 38 4162 et
63 4121 155 4169 omne
190 4104 243 4171 ius
274 4124 366 4171 sunm
400 4105 432 4170 in
466 4103 726 4172 indiciumcirca
758 4105 928 4192 premissa,
960 4105 1124 4173 deducens

15 4209 204 4296 privilegium
237 4212 350 4278 Sancti
383 4213 541 4298 Stephani
582 4213 689 4296 Regis,
721 4221 753 4278 ct
779 4215 1043 4280 confirmaciones
1072 4215 1126 4298 pie

16 4321 151 4385 nemone
167 4318 358 4408 Alexandri,
379 4321 502 4387 Vrbani
528 4327 560 4386 et
586 4319 762 4388 Clementis
784 4323 999 4389 Romanorum
1017 4324 1125 4388 Ponti·

14 4421 90 4490 ioum
133 4428 180 4494 ad
211 4429 422 4496 intentionem
454 4449 546 4495 suam
587 4427 791 4496 fundandam
823 4451 921 4516 super
953 4430 1124 4518 principali

15 4536 157 4610 produxit.
187 4534 240 4602 Ad
272 4555 334 4619 que
350 4544 539 4623 procurator
568 4544 678 4604 vester
695 4543 866 4623 utcumque
883 4538 1059 4622 respondit,
1093 4545 1126 4606 et

15 4650 66 4706 nn
79 4643 227 4731 receptio
241 4644 384 4729 testium,
397 4665 492 4729 quam
505 4663 603 4712 cause
619 4646 760 4726 cognitio
780 4645 947 4713 luitoertis
964 4645 1124 4712 iudicibus

960 4753 1018 4820 16*
