3080 5146
834 263 899 326 {istst

294 459 383 526 circu
394 450 566 546 maritime,
578 481 675 543 quem
692 459 774 526 elibi
790 455 914 525 studuit
930 457 1048 540 iugiter
1058 457 1230 540 exhibere3
1247 455 1428 524 accedente
1538 482 1539 486 ¹

297 566 437 654 insuper,
449 568 533 634 sicut
544 570 648 636 eciem
659 565 754 634 nobis
765 585 805 632 ex
817 563 1043 631 insinuccione
1053 561 1189 651 predicti
1205 563 1291 629 Beni
1302 570 1336 629 et
1347 563 1426 629 mul·
1538 587 1539 626 3

295 681 400 740 torum
417 674 554 740 aliorum
572 671 722 758 innotuit,
740 673 826 758 quod
842 669 927 737 idem
944 678 1074 758 propter
1089 670 1263 738 tuicionem
1291 669 1423 754 contnij
1538 723 1539 734 ,

296 779 386 846 illius
404 782 573 866 plurimum
592 780 789 863 fructuosus,
804 779 869 845 imo
887 779 1092 846 necessarius
1117 777 1230 866 pocius
1255 777 1425 864 bubecter,

297 907 368 952 cum
386 894 516 972 propter
533 908 624 955 suurn
641 887 836 972 probitatem
855 893 888 953 et
904 885 1035 971 coutinij
1062 884 1150 951 iltius
1175 883 1425 952 commoditates
1538 897 1539 900 ’

295 994 473 1062 maioribus
499 1003 587 1062 esset
618 996 733 1062 merito
765 993 1023 1060 remunerandus
1039 993 1223 1078 donatiuis3
1245 991 1428 1080 predictam
1538 1005 1539 1008 ’

294 1102 511 1170 donacionem
527 1108 674 1170 nostrum
690 1121 789 1188 super
806 1101 887 1189 ipsis
903 1100 1031 1168 duobus
1046 1100 1140 1168 terris
1151 1100 1428 1186 quinqueeretrc

295 1231 378 1296 rum,
394 1231 467 1278 cum
493 1192 643 1278 omnibus
669 1207 864 1278 utilitatibus
888 1215 923 1276 et
952 1208 1165 1295 pertinenciis
1198 1229 1219 1274 e
1249 1215 1428 1276 memorato

294 1319 409 1385 Uestru
426 1319 555 1402 penitus
572 1317 741 1402 exemptis,
772 1323 878 1384 rutam
909 1315 1066 1382 babentes
1098 1320 1196 1400 etque
1227 1315 1363 1398 firmem,
1397 1321 1427 1383 et

295 1426 385 1510 ipsse
402 1432 507 1492 terres
525 1424 629 1492 eidem
647 1425 754 1490 denuo
772 1431 803 1490 et
820 1423 860 1488 de
877 1421 1079 1509 plenitudine
1093 1423 1205 1506 grecie
1221 1429 1333 1490 nostre
1349 1441 1424 1490 cou-

293 1531 445 1618 terentcs‚
462 1533 527 1599 imo
542 1533 650 1616 magis
667 1531 806 1599 donatos
822 1530 888 1596 ium
904 1529 1031 1617 pridem
1047 1537 1079 1596 et
1104 1529 1242 1596 'collatus
1268 1531 1426 1615 presenti·

295 1639 357 1705 bus
373 1638 522 1708 duximus
538 1637 788 1705 confirmandus.
816 1637 959 1717 Quarum
985 1643 1083 1720 mete,
1113 1643 1208 1722 prout
1238 1636 1336 1703 nobis
1368 1657 1426 1722 pes

294 1743 423 1812 litteras
439 1743 533 1813 Okctr
550 1745 684 1812 domitis
695 1744 853 1831 constitit,
868 1743 930 1810 hoo
940 1741 1052 1810 ordine
1062 1742 1302 1829 distinguntur:
1314 1744 1426 1811 Primo

296 1850 400 1934 igitur
415 1859 502 1918 mets
518 1851 634 1937 incipit
648 1851 690 1917 eb
707 1853 829 1918 oriente
846 1849 933 1936 spud
949 1851 1095 1918 arborem
1111 1849 1191 1935 titio,
1217 1854 1359 1936 subque
1377 1859 1425 1918 est

297 1965 386 2025 mete
401 1967 518 2046 terres,
535 1959 660 2026 hebens
675 1957 820 2026 ricinum
845 1964 964 2025 terrem
990 1957 1097 2026 earet
1129 1957 1169 2024 de
1201 1959 1425 2046 Cubu13inde

297 2065 447 2153 procedit
462 2073 536 2153 post
551 2073 693 2134 montem
710 2085 826 2134 versus
841 2066 1011 2134 meridiem
1026 2066 1092 2151 diu,
1110 2074 1142 2132 et
1156 2065 1245 2132 venit
1261 2067 1304 2134 sd
1329 2087 1426 2134 cecu-

295 2197 368 2244 men
387 2175 506 2242 montis
521 2175 565 2240 sd
581 2179 699 2240 metam
716 2182 865 2258 terreum,
891 2174 1001 2259 ibique
1017 2180 1157 2241 metetur
1173 2195 1245 2242 oum
1260 2175 1327 2242 filio
1351 2177 1428 2243 Jor-
1538 2243 1539 2246 ,

293 2283 393 2368 deni3
417 2281 494 2350 inde
511 2285 585 2365 post
601 2278 739 2346 eundem
756 2288 899 2346 montem
916 2281 1006 2347 venit
1022 2278 1065 2345 ed
1081 2271 1163 2348 duos
1177 2287 1280 2348 metes
1296 2291 1424 2349 terreas

294 2391 410 2460 subtus
424 2386 523 2470 nirte,
549 2395 583 2456 et
599 2385 646 2452 ibi
662 2385 824 2454 vicinetur
838 2393 926 2454 terre
941 2388 1114 2454 Krisenicb
1132 2388 1356 2472 cestrensium,
1391 2397 1423 2455 et

296 2495 467 2566 descendit
482 2495 515 2562 in
532 2491 663 2572 vellem,
695 2499 728 2559 et
743 2493 833 2562 venit
849 2513 906 2578 per
922 2501 1025 2560 metes
1049 2494 1170 2576 ubique
1194 2497 1226 2561 in
1253 2496 1423 2563 vicinitate

296 2625 369 2672 cum
386 2604 456 2670 elic
471 2608 560 2670 terre
574 2601 634 2686 tilij
652 2598 809 2684 Jorduui3
833 2608 951 2668 extunc
966 2600 1113 2686 procedit
1132 2621 1246 2670 versus
1271 2603 1422 2670 occiden-

293 2721 359 2781 tem
375 2731 435 2796 per
450 2727 574 2794 nemus,
601 2715 633 2775 et
648 2707 738 2775 veuit
755 2709 798 2775 ed
813 2715 933 2776 metam
950 2707 1129 2797 antiquum,
1155 2709 1266 2794 ibique
1282 2711 1372 2776 cedit
1387 2712 1421 2777 in

294 2822 399 2888 riuum
416 2815 536 2899 Vrbes,
567 2817 600 2882 in
617 2835 679 2899 quo
696 2817 843 2902 procedit
859 2815 1109 2900 aliquantulum,
1142 2824 1174 2882 ct
1189 2818 1279 2884 venit
1295 2819 1330 2882 in
1360 2815 1419 2886 flu·

293 2927 382 2995 uiunr
398 2923 566 3006 Sennicte,
601 2922 695 2990 stibi
712 2932 761 2990 cst
777 2930 865 2990 mete
880 2930 995 3004 terres,
1026 2931 1059 2989 et
1074 2929 1213 2990 metetur
1229 2945 1301 2991 cum
1333 2931 1422 2992 terre

294 3033 484 3120 Mereohe53
511 3031 586 3098 inde
602 3029 693 3098 rodit
707 3031 741 3096 iu
759 3033 865 3096 locum
882 3030 1125 3115 qniInduodini
1137 3029 1264 3118 dicitur,
1283 3039 1315 3099 et
1325 3051 1419 3102 secus

293 3144 486 3212 Sennicrcm
503 3139 595 3209 uadit
611 3135 644 3204 iu
661 3141 791 3222 longum
808 3145 840 3206 et
856 3139 944 3206 cedit
958 3139 991 3205 iu
1018 3138 1209 3207 Senniczcm
1233 3139 1361 3226 iterum,
1388 3151 1421 3206 et

292 3251 338 3318 ibi
352 3255 492 3317 metetur
509 3267 581 3314 cunr
597 3253 685 3313 terre
703 3245 808 3312 Chore
831 3245 889 3334 titij
916 3245 1038 3312 domini
1069 3245 1172 3329 Beni;
1196 3245 1273 3312 inde
1304 3254 1420 3314 contre

293 3357 556 3445 septemtrionem
573 3355 605 3420 in
623 3353 860 3436 eodem-fluuio,
876 3360 908 3421 et
923 3353 1097 3422 reflectitur
1112 3373 1171 3439 per
1179 3373 1294 3420 nemus
1303 3371 1420 3422 versus

294 3466 457 3544 orientem,
491 3469 523 3526 ot
540 3460 629 3527 venit
645 3458 687 3526 ed
704 3467 824 3526 metum
841 3467 978 3528 terreum
994 3461 1107 3528 subtus
1122 3468 1275 3546 montem,
1308 3459 1420 3544 ibique

294 3571 430 3638 adheret
445 3574 531 3636 terre
546 3569 682 3652 Segora,
713 3575 745 3634 et
760 3567 850 3633 cedit
864 3566 897 3633 iu
923 3567 1027 3634 riuum
1059 3567 1178 3652 Vrbes,
1209 3573 1241 3632 et
1270 3569 1422 3636 escendit

293 3685 435 3744 montem
453 3674 494 3741 ed
511 3681 631 3740 metam
648 3680 804 3754 terrecm;
824 3672 901 3740 inde
917 3681 1031 3740 contre
1047 3676 1313 3757 septemtrionem
1329 3676 1422 3743 rudit

293 3787 349 3852 diu
363 3790 437 3872 post
452 3788 603 3865 montem,
621 3787 653 3846 et
668 3801 729 3866 per
743 3785 848 3846 metus
865 3779 956 3846 veuit
971 3779 1014 3846 sd
1030 3777 1134 3866 uitta,
1152 3787 1183 3848 et
1199 3781 1245 3847 ibi
1261 3781 1419 3851 limitatur

294 3912 367 3959 cum
383 3889 574 3972 Setomone;
597 3895 629 3952 et
644 3885 721 3953 inde
738 3885 906 3953 descendit
922 3888 956 3952 iu
972 3886 1092 3952 vetlem
1108 3907 1223 3956 versus
1248 3887 1420 3973 orientem,

292 4007 325 4066 et
340 3995 486 4066 escendit
500 3999 658 4075 montem,
672 3998 705 4058 et
720 3993 810 4059 uenit
826 3993 870 4059 ed
885 3994 1033 4060 arborem
1050 3993 1145 4062 duter
1162 3991 1220 4082 (t),
1236 3995 1270 4061 iu
1289 4015 1356 4078 qus
1370 4003 1421 4064 est

292 4105 420 4190 signum
435 4101 469 4168 iu
486 4100 615 4168 modum
633 4099 748 4185 crucis,
767 4107 800 4164 et
814 4099 929 4166 subtus
944 4106 1031 4165 mete
1048 4107 1176 4184 terree3
1200 4101 1277 4168 iude
1305 4119 1417 4172 versus

291 4211 457 4280 meridiem
474 4215 549 4294 post
563 4206 703 4274 eundem
719 4215 872 4294 montem,
905 4213 936 4273 et
950 4207 1040 4274 venit
1055 4207 1099 4274 sd
1124 4209 1260 4294 primum
1289 4217 1419 4278 motem.

293 4322 335 4386 vt
350 4325 459 4385 eutem
474 4315 535 4382 bec
549 4335 571 4381 e
586 4315 680 4383 nobis
697 4313 784 4381 tecte
800 4313 936 4382 donacio
953 4315 1048 4382 robur
1064 4315 1206 4382 obtineat
1220 4319 1421 4402 perpetuite·
1538 4355 1539 4402 p

292 4428 345 4506 tis,
376 4444 436 4492 nec
452 4424 554 4509 possit
568 4424 611 4490 ab
627 4423 736 4508 aliquo
752 4441 907 4509 processu
924 4433 1103 4509 temporum
1119 4422 1153 4490 in
1178 4423 1305 4489 irritum
1332 4444 1420 4492 reuo-

292 4533 372 4618 ceri,
387 4535 553 4617 presentes
569 4527 673 4598 eidem
690 4529 905 4598 concessimus
915 4529 1039 4598 litteras
1049 4529 1305 4616 duplictssigttti
1317 4533 1421 4600 nosbi
1538 4527 1539 4584 t
