3120 5148
803 267 964 365 Ε-
1086 253 1093 260 „

316 461 422 532 tendit
452 460 496 529 ad
525 462 639 530 villam
670 461 962 548 Myuoltbnomine
994 463 1098 528 Bereu
1117 483 1228 530 versus
1260 463 1446 547 meridiem
1550 425 1551 458 ἓ

319 571 394 638 hinc
425 571 542 640 transit
571 591 690 656 aquom
724 570 876 656 Duduag,
911 577 944 636 et
975 572 1093 638 transit
1124 571 1331 655 procedendo
1355 571 1451 638 iuxta

318 681 433 766 Boron,
461 680 576 745 villam
603 679 772 765 Moyuoltb
798 679 989 764 memorati;
1006 679 1081 744 hinc
1098 679 1140 745 ad
1167 678 1280 746 villam
1297 678 1386 760 Zele,
1405 681 1453 746 ita
1550 729 1551 736 κ

317 787 405 872 quod
436 785 470 854 in
503 795 603 873 terra,
631 787 735 873 pratis
753 795 785 854 et
815 787 908 854 silvis
925 793 957 853 ct
987 786 1122 873 piscinis
1138 783 1223 874 Zeis,
1242 787 1323 853 villa
1340 789 1447 853 Beren

318 893 527 963 Posoniensis
538 915 629 962 susm
646 894 747 962 babet
764 894 1161 981 legitimamporcionem3
1178 893 1254 960 hino
1270 895 1448 978 participat

319 1008 421 1068 metas
438 1023 510 1068 cum
540 999 726 1068 uduoruiois
752 1001 852 1085 Regis
869 1020 982 1068 versus
1014 1001 1232 1086 occidentem;
1248 999 1324 1070 binc
1340 1001 1448 1068 tendit

318 1105 363 1173 ad
392 1107 505 1176 villam
538 1106 612 1175 Nek
643 1107 877 1191 castrensium
911 1111 942 1174 et
981 1107 1058 1174 inde
1088 1108 1247 1175 circuiens
1279 1109 1368 1176 uenit
1398 1111 1439 1176 ad

320 1215 467 1304 predium
499 1215 644 1302 Berecie,
675 1214 803 1281 domine
833 1213 1004 1301 Bogosloe‚
1038 1228 1070 1282 et
1109 1215 1272 1282 transiens
1303 1217 1448 1302 Duduag

317 1345 429 1393 sersus
460 1325 539 1390 Sala
567 1322 712 1406 Abbatis,
744 1321 994 1390 conterminatur
1024 1323 1138 1408 predio
1170 1323 1274 1391 Sebus
1304 1325 1452 1404 Comitis

320 1431 450 1498 nomino
478 1431 629 1515 Tbumoy
653 1449 765 1498 versus
797 1428 1015 1515 occidentem;
1043 1430 1118 1498 bine
1149 1432 1294 1515 procedit
1311 1432 1354 1498 ad
1382 1442 1453 1498 tres
1550 1487 1551 1496 t

317 1537 457 1624 populos
473 1543 505 1603 et
537 1533 665 1604 rediens
683 1536 726 1602 ad
758 1537 913 1603 terminos
946 1537 1138 1622 populorum
1166 1539 1303 1606 Abbatis
1334 1538 1452 1606 Sancti
1550 1575 1551 1578 π

316 1643 451 1712 Martini
465 1642 554 1710 veuit
570 1643 614 1708 ad
631 1641 770 1728 priorem
803 1652 932 1711 metam.
950 1645 995 1712 Ut
1010 1645 1108 1728 igitur
1125 1647 1184 1711 bec
1200 1665 1258 1730 per
1282 1666 1342 1712 nos
1357 1645 1451 1713 factu

317 1750 457 1818 donacio
490 1750 674 1836 pariterque
705 1751 878 1839 disposicio
894 1773 953 1837 per
979 1754 1090 1819 omnia
1121 1773 1345 1820 successorum
1376 1773 1453 1820 nos·

320 1865 442 1926 trorum
452 1865 598 1945 tempora
607 1859 700 1927 salva
716 1877 846 1946 semper
860 1865 892 1926 et
901 1859 1094 1926 inconcussa
1110 1867 1302 1946 permaneat
1316 1881 1456 1946 presen-

317 1974 388 2034 tem
397 1967 614 2036 concessimus
627 1965 783 2052 pagiuam
794 1966 895 2051 sigilli
905 1968 1005 2033 nostri
1018 1967 1195 2034 munimine
1210 1967 1454 2054 inperpetuum

321 2073 515 2141 roboratam.
540 2075 663 2139 Datum
679 2093 738 2158 per
764 2093 880 2141 manus
911 2073 1059 2158 Magistri
1085 2073 1223 2156 Hugrini
1248 2075 1333 2142 Aule
1348 2075 1456 2159 Regis
1550 2061 1551 2064 ¹

319 2179 528 2260 Cancellurii,
548 2200 636 2245 auno
653 2179 696 2246 ab
728 2178 960 2250 incarnacione
976 2181 1108 2246 Domini
1133 2181 1327 2248 Mooxvss.
1345 2183 1456 2248 Vene—
1550 2227 1551 2230 κ

320 2287 419 2356 rabili
434 2287 585 2354 iohanne
601 2285 826 2375 strigoniensi,
859 2285 1052 2356 Reverendo
1069 2288 1243 2356 Bertboido
1275 2289 1454 2358 Colocensi

321 2393 583 2480 Archicpiscopis
630 2394 858 2482 existentibus,
911 2397 1040 2462 Katane
1095 2395 1460 2484 Quinqueecctosiensi‚
1550 2423 1551 2484 j

321 2501 479 2568 Desidere
497 2499 728 2587 Obanadiensi,
745 2501 895 2569 Villelmo
907 2505 1141 2590 Uitrasilvano,
1160 2505 1322 2590 Symeone
1337 2505 1461 2571 Wara·

318 2607 439 2692 diensi,
478 2608 618 2676 Roberto
668 2607 924 2696 Wesprimieusi,
974 2609 1097 2678 Jacobo
1138 2611 1317 2694 Waoieusi,
1358 2613 1464 2681 Petro

319 2715 504 2802 (teanensi,
535 2717 699 2803 Stephano
730 2717 955 2806 Zagrabiensi,
1001 2719 1127 2785 Thomu
1153 2719 1308 2805 Agriensi
1338 2718 1462 2788 Electo

323 2821 493 2910 Episcopis
518 2823 681 2891 Ecclesias
703 2823 842 2892 feliciter
866 2827 1128 2909 gubernantibus.
1177 2827 1255 2894 Jula
1284 2827 1460 2912 Palatino,

323 2931 475 2998 Bancone
492 2933 592 3018 Banu,
609 2932 766 3020 Dyonisio
798 2931 953 3016 Magistro
984 2934 1239 3001 Tavarnicorum
1271 2942 1302 3000 et
1329 2935 1466 3004 Comite

322 3036 404 3104 Nori
446 3036 564 3127 Oestri,
604 3037 764 3125 Rophoyn
797 3040 965 3129 Voyvada,
1007 3041 1116 3109 Ochus
1164 3041 1286 3108 Curiati
1318 3041 1469 3116 Gemite.
1550 3069 1551 3074 ¹

317 3145 502 3229 ceterisque
522 3143 699 3213 Oomitibus
715 3145 896 3216 Comitatus
908 3149 1104 3216 tenentibus.
1117 3149 1221 3234 Regni
1238 3151 1342 3216 nostri
1362 3171 1462 3220 anno

323 3252 423 3320 tercio
439 3252 576 3322 decimo.

324 3449 487 3513 (Tkslcsics
507 3453 691 3503 Monumenta
709 3453 775 3503 hist.
790 3453 976 3520 Episcopatus
1000 3456 1197 3522 Zagrabiensis
1220 3457 1241 3505 Ι.
1269 3457 1329 3508 iou.
1357 3462 1402 3511 47.
1436 3469 1474 3532 1,)
1550 3503 1551 3526 ἢ
