3150 5162
827 896 906 968 tot.

299 1096 436 1184 Spalato
453 1104 547 1166 coires
562 1100 692 1186 Mastya
708 1096 863 1162 recorder
877 1096 957 1164 told
975 1096 993 1160 1
1000 1095 1035 1161 V.
1053 1097 1133 1162 Bao
1149 1118 1287 1182 ocepyar
1303 1095 1423 1180 kirclp·

772 1205 839 1271 boz.
863 1205 961 1270 1261.

401 1398 440 1464 In
457 1397 586 1464 nomine
601 1395 731 1464 Domini
747 1394 826 1464 Jesu
842 1394 972 1484 Christi,
990 1415 1093 1463 amen.
1109 1396 1204 1463 Anno
1215 1396 1427 1466 aNntiritate

283 1506 441 1590 eiusdem
472 1509 567 1574 1261.
583 1503 762 1572 indictione
777 1507 808 1572 4.
824 1503 877 1570 die
892 1503 990 1570 tertia
1020 1503 1141 1571 mensis
1172 1501 1323 1591 Augusti,
1354 1527 1423 1590 reg·

293 1622 395 1682 nante
426 1613 556 1681 domino
572 1619 680 1680 nostro
697 1611 779 1679 Belo
794 1611 1008 1680 Serenissimo
1022 1611 1113 1695 Rege
1129 1611 1283 1698 Ungario,
1303 1619 1424 1699 tempo·

294 1725 384 1790 ribus
414 1720 540 1789 domini
570 1720 699 1806 Rogerii
723 1719 922 1787 venerabilis
946 1719 1154 1806 Spalatensls
1169 1721 1430 1808 archiepiscopi,

294 1829 403 1896 Miehe
433 1826 544 1911 bladii,
560 1827 712 1912 Gregorii
729 1826 842 1895 Grnbe
859 1833 890 1894 et
907 1827 993 1893 Petri
1010 1825 1137 1893 Zaeehe
1153 1827 1315 1896 Judicnm.
1331 1829 1354 1897 J
1356 1829 1424 1896 udi·

294 1957 349 2006 oes
366 1934 546 2022 supradicti
562 1935 671 2002 Mioba
686 1943 719 2001 et
735 1935 913 2020 Gregorius
929 1957 1002 2001 cum
1019 1954 1178 2002 consensu
1196 1943 1229 2003 et
1255 1937 1424 2004 voluntate

295 2043 453 2113 nobilium
484 2041 634 2111 Civitatis
665 2042 735 2110 sive
762 2041 1011 2110 Communitatis
1028 2049 1060 2108 et
1075 2062 1134 2128 pro
1149 2041 1224 2128 ipsa
1241 2041 1425 2111 Communi·

297 2157 364 2219 tate
380 2153 512 2238 plenam
537 2149 741 2216 contulerunt
758 2155 952 2234 potestatem
969 2149 1102 2216 domino
1117 2147 1239 2216 Thome
1254 2149 1424 2221 Archidia·

295 2281 377 2328 cono
394 2269 425 2326 et
442 2257 569 2326 Marino
584 2257 776 2344 Bonaiunte,
794 2277 874 2341 quos
891 2257 925 2323 in
941 2256 1194 2324 ambasciatores
1214 2257 1365 2326 Civitatis
1382 2257 1426 2325 ad

295 2368 461 2434 dominnm
493 2367 615 2449 Regem
647 2363 866 2450 destinabant,
901 2361 1089 2431 inveniendi
1121 2361 1325 2432 denariorum
1363 2369 1424 2434 sub

292 2481 403 2542 mutuo
438 2491 535 2556 super
565 2473 638 2556 ipsa
669 2471 906 2540 communitate
940 2513 977 2522 -
1014 2508 1051 2518 -
1077 2507 1119 2519 -
1136 2471 1293 2556 inprime
1310 2475 1422 2558 riagio

294 2579 401 2646 eundo
432 2579 484 2646 vel
513 2578 679 2646 redeundo
711 2598 767 2646 seu
802 2579 921 2646 stando
946 2598 1006 2663 pro
1037 2579 1238 2666 expensariis
1269 2586 1417 2667 oportet;

294 2687 515 2774 promittentes
547 2707 604 2773 pro
635 2686 748 2754 ecdem
781 2684 1029 2776 communitate,
1059 2687 1158 2774 quod,
1188 2687 1348 2773 quidquid
1365 2711 1424 2774 per

294 2813 349 2860 eos
365 2800 475 2861 mutuo
491 2799 660 2880 acceptum
677 2793 784 2877 fucrit,
798 2795 874 2880 ipsa
890 2793 1112 2863 Communitas
1129 2794 1255 2880 integre
1271 2794 1424 2862 restituet

292 2909 325 2970 et
340 2904 444 2970 solvet
475 2923 546 2970 cum
577 2905 732 2970 bonorum
765 2903 909 2970 eiusdem
934 2903 1184 2970 Communitatis
1203 2903 1420 2988 obligatione.

290 3010 407 3077 Actum
422 3009 550 3097 Spoleti
566 3009 652 3077 iufra
667 3009 781 3076 ambas
797 3021 921 3098 portas,
938 3011 1146 3097 presentibus
1161 3010 1289 3079 Jo'anne
1310 3011 1421 3093 Cigai·

291 3117 343 3205 de,
375 3119 477 3186 Greaa
508 3119 649 3204 Gazette,
684 3117 815 3204 Duijmo
847 3117 979 3206 (lotarii,
1003 3119 1266 3186 DobreDussizc
1282 3120 1421 3186 testibus

289 3233 349 3293 ete.
367 3231 399 3292 et
419 3225 503 3292 aliis.
521 3225 591 3308 Ego
608 3224 751 3292 Thomas
767 3223 923 3292 Dussinae
939 3227 1145 3294 examinator
1160 3247 1291 3293 manum
1309 3245 1419 3294 meam

289 3333 372 3400 misi.
387 3333 456 3415 Ego
473 3334 629 3416 Magister
645 3330 842 3399 Francisens
858 3333 1023 3418 Imperiali
1040 3333 1244 3402 Auctoritate
1261 3333 1421 3401 Notarius

292 3448 325 3504 et
341 3457 427 3506 nunc
443 3427 631 3506 Communis
647 3439 774 3524 Spoleti
790 3441 927 3507 Juratus
950 3439 1014 3507 biis
1046 3442 1194 3508 omnibus
1226 3440 1361 3507 interfui
1378 3462 1421 3510 ex

288 3547 442 3615 mandato
452 3569 491 3616 ac
501 3549 670 3616 voluntate
685 3549 837 3617 lodicum
854 3549 1079 3641 predictorum,
1095 3553 1223 3620 testium
1236 3560 1270 3618 et
1280 3551 1421 3638 plurium

288 3655 423 3722 aliorum
440 3656 592 3724 nobilium
610 3655 761 3726 Givitatis
777 3657 890 3746 scripsi
906 3665 939 3724 et
954 3658 1104 3728 roboravi
1123 3667 1182 3728 etc.

413 3855 547 3921 (Irjubics,
566 3855 689 3906 Menum.
710 3871 751 3922 sp.
771 3857 837 3908 bist.
857 3856 931 3910 Slsv.
950 3859 1049 3930 Ἀψίᾱ.
1068 3860 1091 3910 1.
1110 3859 1169 3910 ket.
1186 3861 1229 3911 98.
1249 3859 1281 3924 l.)
