3120 5148
581 427 747 530 A

107 635 131 697 ct
146 627 396 716 quibuscunque
413 627 511 696 vellet
528 625 607 694 dare
618 627 670 694 vel
688 625 826 694 vendere
842 633 962 713 posset.
980 623 1134 694 Prodiclu
1149 647 1227 697 uero

106 747 187 806 terra
203 737 267 806 luit
284 736 454 806 cuiusdam
479 733 619 803 bominis
643 735 817 804 heredibus
841 735 972 802 omuino
997 735 1148 820 carentis,
1172 739 1228 822 qui

105 847 279 915 uocabatur
290 845 472 927 Yerosu;et
483 864 580 930 quum
598 841 713 910 talium
729 843 936 929 hereditates,
953 846 1041 910 omni
1058 865 1117 930 spe
1134 846 1228 912 sobo·

108 955 141 1024 lis
163 957 380 1043 privatorum,
400 953 443 1019 ud
466 954 517 1019 ius
541 952 689 1018 Duoutus
709 951 840 1020 devolvi
865 951 995 1038 debent,
1020 952 1070 1020 ius
1096 953 1184 1020 idem
1199 953 1233 1021 in

108 1063 334 1152 proprietatem
358 1061 497 1148 predicti
521 1061 645 1128 Beruni
668 1061 813 1129 totaliter
833 1060 1014 1128 refudimus
1040 1080 1111 1128 oum
1136 1069 1229 1129 trun·

109 1173 250 1260 nullitate
264 1171 357 1258 pacis
381 1168 650 1256 perpetuandum.
678 1167 743 1236 Sed
769 1169 923 1251 quoniam
947 1167 1122 1237 oblivionis
1139 1175 1228 1237 ortus

110 1287 150 1346 est
164 1280 321 1346 memorie
346 1275 512 1364 deffectuu,
530 1297 571 1344 ne
588 1277 683 1345 huius
699 1277 804 1343 nostri
821 1275 900 1343 lecti
924 1276 1025 1344 series
1049 1276 1226 1344 dilabentis

104 1370 151 1458 'tri
165 1387 258 1455 fluxu
275 1385 465 1474 pervarias
482 1391 513 1452 et
529 1385 734 1452 successivas
750 1383 918 1451 hominum
943 1384 1152 1471 posteritates
1170 1405 1224 1450 an-

109 1517 180 1564 noso
195 1496 369 1564 vetustatis
385 1493 525 1577 iuligine
536 1491 683 1578 deliteat,
696 1491 814 1559 litteris
832 1490 1051 1560 commendari
1068 1491 1232 1562 iussimus.

111 1603 196 1687 Quod
212 1610 325 1670 auten
342 1602 447 1668 mulus
463 1602 562 1668 robur
578 1600 737 1686 optineat,
748 1600 792 1666 ud
803 1600 924 1668 tenoris
941 1601 992 1670 sui
1003 1607 1124 1668 statum
1140 1599 1229 1683 sigil-

109 1707 235 1778 linostri
247 1709 463 1792 impressione
481 1705 766 1794 communivimus.¹
778 1706 920 1774 Nomina
931 1727 1007 1774 vero
1015 1707 1229 1792 jobagionum

110 1818 158 1902 qui
172 1816 248 1884 huic
264 1821 379 1882 nostre
396 1815 600 1882 institucioni
611 1813 827 1902 interfuerint,
845 1822 878 1880 et
894 1814 935 1882 do
950 1813 1065 1881 eadem
1084 1815 1228 1882 testimo·

111 1924 190 1990 nium
207 1923 383 2010 perhibent
397 1921 457 1988 heo
473 1930 549 1988 sunt
575 1946 583 1986 :
619 1923 695 2005 lllog
711 1921 836 2006 Comes,
853 1921 1010 1988 Nicolnus
1026 1921 1146 2008 Bonus,
1166 1923 1230 1988 Do-

110 2033 238 2101 minicus
263 2029 496 2114 Zugrubiensis
521 2027 714 2117 Episcopus,
731 2029 888 2095 Nicolaus
904 2027 1100 2099 Zadertinus
1117 2029 1227 2097 Archi·

111 2141 235 2228 electus,
259 2141 323 2207 Ata
341 2139 465 2224 Comes,
491 2137 609 2206 Gristol
627 2139 750 2223 Comes,
777 2136 904 2206 (busun
921 2138 1048 2224 Comes,
1080 2139 1155 2223 Isep
1173 2138 1231 2204 Oo-

111 2268 181 2336 nes,
198 2249 318 2315 Censen
336 2243 451 2315 Comes
464 2253 497 2312 et
508 2245 608 2315 ceteri
624 2246 816 2334 complures.
833 2246 902 2313 Hoc
918 2253 1027 2315 autern
1044 2246 1229 2313 factumest

113 2377 190 2423 unno
214 2354 457 2422 incarnacionis
474 2354 644 2422 Dominice
661 2354 756 2422 MOO.
772 2374 884 2423 mense
900 2353 1040 2440 Octobri,
1051 2352 1231 2422 indiccione

112 2471 229 2549 quana,
246 2464 359 2547 quinto
377 2461 502 2531 decimo
519 2463 572 2529 die
589 2463 733 2530 eiusdem
746 2463 873 2530 mensis.
892 2464 976 2530 Mete
992 2469 1100 2530 autern
1116 2483 1227 2548 supru-

112 2571 190 2638 dicte
205 2579 291 2638 terre
307 2569 349 2637 he
365 2577 440 2638 sunt
462 2596 469 2636 :
495 2591 535 2638 ex
551 2591 617 2638 una
632 2578 724 2657 parte
747 2571 853 2655 tangit
868 2571 996 2656 fluvius,
1013 2570 1068 2656 qni
1091 2576 1225 2638 vocatur

112 2677 220 2765 Dolus,
237 2698 276 2746 ex
294 2677 362 2744 aliu
377 2685 473 2764 purte
497 2678 751 2745 conterminator
767 2677 846 2745 ville
862 2680 939 2746 Pete
955 2685 988 2745 et
1007 2679 1094 2765 Vcte,
1121 2679 1222 2746 tercie

111 2806 183 2853 nero
210 2807 250 2852 ex
283 2794 378 2873 porte
394 2787 648 2855 conterminantur
664 2785 707 2853 ud
722 2786 887 2871 antiquum
904 2786 1026 2871 regium
1043 2791 1179 2854 stratam
1194 2793 1226 2852 et

112 2894 308 2977 protenditur
325 2913 428 2978 nsque
444 2893 485 2960 cd
502 2903 634 2980 pontem
651 2903 684 2961 et
717 2894 835 2962 ibidem
868 2895 1069 2962 terminatur.
1111 2894 1231 2962 Datum

111 3021 165 3086 per
187 3022 301 3070 munus
317 3001 431 3069 Jacobi
456 3001 626 3089 Prepesiti,
657 3003 805 3088 Magistri
823 3003 969 3072 eiusdem
985 3003 1083 3071 Ducis
1101 3007 1133 3070 et
1149 3002 1231 3070 Oan-

112 3108 242 3176 oellcri't
1011 3117 1018 3132 '

206 3307 366 3374 (Tkulesies,
386 3310 510 3362 bionum.
532 3311 596 3361 hist.
616 3311 707 3375 Epiro.
727 3299 922 3378 Zugrnbienuis
940 3313 962 3362 Ι.
983 3313 1040 3362 lrbt.
1062 3317 1085 3364 9.
1105 3309 1135 3376 l.)

535 3639 802 3650 ι-ι-ιι--ιι--σ--ι
