3080 5146
569 245 731 346 ,qr-5-

88 439 206 507 iibrisk
236 443 270 507 et
301 439 467 508 Lescbuoh
497 446 641 520 vocatur,
672 439 786 526 incipit
817 439 859 505 ab
882 437 1051 505 occidente
1066 437 1100 504 iu
1116 438 1215 505 fluvio

86 545 201 634 Garig,
217 553 251 616 et
267 547 335 617 exit
352 547 503 616 adunam
518 545 648 632 vallem,
665 545 720 613 ubi
732 551 1004 630 estmetaterres‚
1021 553 1053 612 et
1064 565 1123 630 per
1141 565 1215 612 eam

89 654 190 720 eundo
219 655 408 739 pervenitur
433 654 477 721 ad
501 659 619 720 metam
636 653 697 719 sub
723 652 840 721 arbore
856 651 1026 736 gertaufa3
1051 652 1128 720 inda
1143 673 1215 739 pro·

90 760 229 846 greditur
244 781 359 829 sersus
374 763 531 829 orientem
548 758 654 828 eundo
670 780 729 847 per
744 760 863 828 silvam
879 761 912 826 iu
928 760 1104 828 arboribus
1120 779 1215 828 cruce

90 869 220 951 signatis
230 871 325 937 iuxta
335 875 456 936 terram
467 868 588 953 Drask,
599 867 720 936 exitati
739 867 913 955 planiciem
931 903 1215 918 -----

89 994 128 1058 pa
156 975 210 1042 ubi
240 981 292 1043 ast
323 982 413 1043 meta
443 983 560 1060 terrea,
578 974 686 1060 ibique
702 975 790 1043 intra
806 975 923 1042 silvam
939 981 972 1042 et
987 1010 1030 1026 -
1046 1009 1090 1023 -
1106 1011 1150 1024 -
1169 1011 1212 1024 --

88 1080 173 1148 radit
203 1083 248 1149 ad
279 1087 379 1168 caput
394 1081 491 1151 unius
506 1081 615 1168 vallis,
637 1081 691 1149 ubi
708 1089 758 1149 est
773 1087 860 1148 meta
877 1083 937 1148 sub
954 1082 1070 1148 arbore
1091 1082 1212 1171 tylgia,

84 1193 118 1252 et
131 1207 187 1272 per
202 1187 343 1256 eandem
358 1191 477 1256 vallem
492 1187 693 1256 descendens
711 1209 770 1274 per
785 1208 938 1272 magnum
972 1187 1118 1274 spacium
1143 1188 1214 1257 iux-

87 1300 120 1360 ta
147 1299 267 1363 terram
294 1297 376 1362 dicti
391 1294 511 1379 Drask,
529 1294 598 1362 exit
614 1293 657 1362 ad
674 1303 794 1361 metam
810 1297 869 1363 sub
885 1296 1004 1363 arbore
1019 1296 1134 1382 tulgus,
1151 1300 1211 1365 ibi·

90 1421 146 1484 que
160 1401 277 1489 incipit
293 1409 405 1470 tenere
421 1409 540 1471 metam
556 1422 629 1469 cum
644 1402 883 1472 ,aconensibus
914 1402 957 1470 de
989 1402 1210 1491 Obernaiika3

89 1507 158 1576 inde
186 1510 282 1578 vadit
308 1509 432 1578 directe
449 1511 493 1576 ad
509 1529 661 1594 magnam
678 1509 776 1596 mam,
793 1513 825 1575 et
840 1509 1026 1595 pervenitur
1041 1510 1084 1577 ad
1100 1512 1207 1582 locum

86 1617 137 1682 -ubi
165 1616 285 1684 transit
315 1617 405 1684 viam
438 1616 482 1684 ad
512 1623 633 1683 metam
664 1616 723 1684 sub
755 1615 871 1684 arbore
888 1616 1059 1704 perranum
1084 1621 1205 1688 abhinc

90 1721 235 1807 (rucene
268 1722 359 1792 vadit
391 1743 448 1810 per
479 1729 583 1790 metas
600 1730 632 1790 et
662 1721 790 1790 venitur
809 1723 854 1790 ad
869 1723 987 1812 locum,
1018 1726 1075 1794 ubi
1092 1726 1208 1818 iu(trat

92 1828 181 1918 aqua)
212 1831 420 1920 Suplonioha
449 1832 484 1898 in
499 1840 587 1900 meta
602 1833 663 1899 sub
688 1831 806 1900 arbore
836 1831 959 1918 tulgfa3
975 1833 1096 1902 deinde
1111 1836 1155 1902 ad
1173 1859 1206 1906 a·

89 1957 179 2021 quam
194 1941 408 2028 SupIonioba,
426 1945 459 2007 et
473 1959 531 2026 per
546 1939 653 2025 ipsam
668 1937 872 2006 descendens
892 1939 1029 2009 iuferius
1044 1942 1138 2009 vadit
1153 1963 1212 2032 per

91 2065 239 2132 magnum
271 2047 421 2134 spacium
452 2067 555 2131 usque
586 2045 629 2113 ad
660 2046 775 2130 locum,
806 2047 863 2113 ubi
878 2047 946 2114 exit
962 2047 1004 2116 de
1019 2051 1109 2116 dicta
1124 2071 1212 2138 aqua

90 2153 128 2218 ati
156 2175 255 2222 uuam
286 2155 407 2222 vallem
436 2154 472 2221 in
503 2159 591 2222 meta
622 2159 737 2238 terrea,
754 2153 982 2240 peritiamque
998 2158 1212 2241 progrediens

91 2260 173 2328 radit
189 2261 233 2329 ad
251 2270 351 2348 caput
368 2261 526 2348 eiusdem,
543 2262 598 2329 ubi
614 2267 690 2328 sunt
706 2260 769 2328 due
788 2268 884 2348 mete,
915 2280 981 2329 una
1011 2265 1148 2348 antiqua
1180 2275 1212 2334 et

90 2367 184 2436 altera
199 2390 297 2454 nova,
314 2375 347 2437 et
362 2369 407 2437 ibi
423 2369 524 2436 intrat
541 2369 669 2454 silvam,
689 2376 721 2435 et
736 2389 796 2455 per
812 2387 882 2436 eam
908 2369 998 2437 vadit
1014 2373 1046 2437 in
1064 2373 1209 2458 antiquis

92 2475 174 2544 metis
189 2495 297 2560 usque
313 2476 357 2544 ad
377 2478 460 2544 duas
477 2483 591 2564 metas,
609 2497 744 2561 quarum
761 2497 827 2545 una
843 2483 891 2544 est
907 2478 1043 2563 antiqua
1060 2481 1212 2548 etaltera

92 2601 186 2669 uova3
208 2583 288 2652 inde
320 2586 409 2653 cadit
424 2586 458 2650 in
473 2585 595 2652 vallem
616 2585 738 2652 siccam
754 2586 786 2652 in
802 2584 955 2672 planicie,
974 2594 1005 2653 et
1020 2589 1210 2673 pervenitur

91 2687 128 2754 ad
155 2691 293 2759 rivulum
307 2690 476 2775 Lincouch,
508 2711 567 2778 per
593 2711 688 2776 quem
705 2688 905 2758 descendens
923 2692 1061 2762 iuferius
1078 2695 1144 2762 exit
1161 2698 1206 2764 ad

91 2801 200 2864 meta‘m
216 2799 278 2866 snb
294 2802 410 2867 arbore
426 2801 586 2885 gementu,
603 2819 662 2886 per
692 2801 888 2882 arboresque
921 2800 961 2867 dc
992 2802 1086 2868 naria
1117 2823 1212 2872 cruoe

91 2903 229 2988 signatas
260 2906 327 2972 itur
356 2905 400 2972 ad
432 2907 599 2991 antiquam
623 2911 753 2992 metam,
771 2912 803 2972 et
819 2925 877 2990 per
893 2907 1046 2990 autiquae
1062 2917 1095 2976 et
1110 2929 1212 2980 novas

93 3017 187 3081 metas
202 3013 418 3100 descendens,
435 3014 523 3081 cadit
539 3014 572 3079 in
589 3013 770 3100 predictum
785 3015 924 3080 rivulum
940 3013 1053 3101 Garig,
1085 3022 1118 3083 ct
1148 3037 1207 3102 per

93 3117 175 3184 illum
205 3120 314 3187 cundo
346 3121 496 3206 superius
530 3119 699 3188 revertitur
714 3121 757 3186 ad
774 3121 912 3206 priorem
928 3127 1058 3206 metam,
1076 3122 1131 3190 ubi
1148 3124 1210 3191 fuit

92 3221 224 3313 incepta,
248 3227 360 3312 ibique
375 3229 575 3296 terminatur.
593 3229 676 3295 Item
702 3229 807 3314 prima
822 3234 909 3294 meta
925 3228 1022 3296 tercie
1039 3235 1125 3296 terre
1140 3251 1210 3316 pre·

95 3330 241 3404 dictorum
272 3335 410 3403 filiorum
442 3338 605 3422 Berinlay,
635 3355 698 3420 que
729 3335 889 3402 Dinnioha
919 3343 1062 3417 vocatur,
1096 3339 1211 3426 incipit

95 3440 177 3509 iuxta
208 3463 363 3529 magnam
396 3445 482 3512 viam
515 3445 577 3511 sub
594 3446 710 3511 arbore
733 3442 893 3526 gertanfa,
912 3452 945 3510 et
960 3445 1147 3529 progeditur
1165 3449 1211 3514 di·
1271 3493 1281 3512 .

94 3558 172 3617 recte
188 3551 230 3618 aci
245 3553 387 3619 rivulum
404 3552 549 3620 Jelsowa
564 3551 598 3619 in
614 3558 701 3620 meta
717 3553 778 3618 sub
794 3552 912 3618 arbore
928 3551 1090 3636 gertanfa,
1107 3559 1139 3620 et
1155 3575 1213 3640 per

95 3658 221 3724 cundem
249 3659 341 3726 vadit
365 3659 501 3727 inferius
521 3660 576 3727 ubi
593 3660 660 3726 exit
676 3658 720 3726 ad
735 3661 833 3744 viam,
848 3679 910 3744 que
927 3659 1018 3727 ducit
1036 3659 1069 3724 in
1086 3663 1208 3746 predic·

94 3769 156 3830 tam
169 3787 320 3851 magnam
335 3768 431 3854 viam,
446 3767 502 3834 ubi
518 3773 593 3834 sunt
610 3768 672 3834 due
692 3774 787 3854 mete,
804 3788 871 3834 una
886 3767 1026 3835 tiliorum
1044 3767 1206 3856 Bericlay‚

98 3872 190 3940 altera
207 3875 372 3942 Mortuuus
384 3880 416 3941 et
425 3881 636 3961 cognatorum
653 3894 804 3958 suorum3
830 3875 906 3942 indo
922 3895 1035 3960 parum
1053 3877 1159 3943 eundo
1176 3877 1209 3944 in

97 3978 202 4046 eadem
230 3983 285 4050 via
315 3984 383 4050 exit
399 3982 443 4048 ari
459 3989 583 4050 metam
599 3992 757 4068 terream;
782 3981 903 4049 deinde
918 3983 1088 4051 descendit
1102 3983 1146 4050 ad
1162 3988 1210 4070 pi·
1234 3971 1237 3978 ’
1266 4015 1270 4020 ·

98 4101 160 4151 mm
176 4091 233 4156 sub
248 4110 313 4174 qua
329 4097 381 4157 est
395 4097 492 4178 meta,
509 4092 620 4174 ibique
646 4091 734 4158 cadit
749 4091 784 4156 in
813 4091 953 4158 rivulum
985 4090 1149 4176 Lisnicba,
1183 4101 1215 4160 et

99 4209 151 4274 per
166 4197 297 4264 eundem
314 4197 405 4264 vadit
422 4199 572 4284 superius
589 4217 702 4265 versus
720 4195 850 4266 domum
866 4199 1020 4285 ipsorum,
1040 4203 1071 4266 et
1082 4201 1212 4268 venitur

100 4297 137 4362 sd
166 4301 265 4369 iocum
297 4307 351 4372 ubi
383 4305 424 4371 de
456 4307 563 4373 rivulo
596 4306 662 4372 exit
692 4306 736 4372 ud
763 4307 882 4374 siccam
898 4309 1015 4375 vallem
1032 4305 1076 4375 ad
1091 4314 1213 4375 metam

100 4407 237 4498 terream,
253 4412 364 4498 ibique
379 4413 517 4481 tenendo
536 4419 640 4481 metas
657 4433 729 4482 cum
745 4415 967 4483 castrensibus
999 4415 1149 4484 ascendit
1180 4417 1213 4482 in

102 4510 189 4581 borch
219 4519 377 4604 usquead
395 4526 511 4587 metam
528 4526 685 4608 terrcam;
710 4521 786 4588 iude
801 4521 970 4590 descendit
986 4523 1019 4589 in
1037 4524 1152 4590 vallem
1170 4523 1216 4590 ad
