3080 5146
600 307 763 406 joe-

104 504 285 576 Michaelis
329 500 530 590 Archangeli
575 521 661 570 anno
714 499 847 568 Domini
901 497 1049 567 ΜΦΟΟΟο
1104 517 1249 585 sexage-

107 615 194 683 simo
243 617 346 681 sexto.
1122 629 1128 650 r

262 807 381 870 (Hibeles
399 805 520 858 masclae
538 819 556 854 a
573 803 661 856 budai
678 804 732 856 lrir.
754 804 884 856 kamaraci
908 798 1106 866 leueltbrban.)

551 1089 820 1102 ffl-

653 1619 730 1689 279.

122 1824 185 1890 IV.
216 1823 301 1890 Be‘lc
324 1820 506 1908 birdlynolc
536 1806 812 1905 bizouyodpleueie,
843 1791 928 1906 bopy
958 1818 1111 1886 Roubolol
1136 1818 1263 1908 frater·

130 1931 243 1998 Vaslrc
257 1930 391 1998 mellciti
407 1928 646 1996 Sunt-Marion
675 1925 811 1994 birtokoc
843 1927 952 1994 eladio
982 1927 1090 2016 Fuiop
1120 1927 1260 2018 zdprdbc'

528 2035 726 2121 piicpbicneic.
751 2034 846 2099 1254.

228 2223 298 2298 Nos
327 2229 410 2296 Bcla
439 2227 502 2298 Dei
531 2229 645 2313 gracia
670 2227 741 2296 Rex
756 2226 927 2312 Hungarie
943 2225 1170 2312 significamur
1186 2248 1253 2297 om·

125 2337 221 2405 nibus
235 2339 441 2423 presencium
468 2335 689 2422 inspecturis:
707 2335 794 2420 qnod
825 2343 945 2404 terram
977 2334 1089 2404 Sancti
1120 2334 1255 2403 Martini

126 2445 218 2514 iuxta
248 2444 420 2532 Waslram,
451 2465 547 2531 quam
575 2445 830 2530 Bartholomeus,
858 2443 1024 2529 quondam
1054 2445 1263 2531 Quinqneeoa

130 2553 297 2622 clesiensis
314 2554 508 2641 Episcopus,
523 2552 618 2621 nobis
633 2551 797 2636 requisitis
815 2555 848 2618 et
863 2573 905 2620 ex
935 2560 1048 2622 nostra
1079 2552 1260 2626 donacione

129 2661 311 2730 obtinuerat
342 2667 375 2728 et
390 2661 542 2747 babebat,
559 2659 660 2727 frater
676 2659 875 2729 Rembaldus
891 2666 1004 2730 nostro
1020 2681 1185 2732 consensu
1201 2662 1258 2732 ba·

131 2769 196 2837 bito
229 2775 263 2834 ct
278 2767 320 2835 de
349 2773 463 2836 nostra
478 2766 630 2854 licencia,
647 2787 720 2834 curn
745 2785 806 2834 nec
822 2768 920 2836 aliter
950 2768 1058 2837 iacere
1090 2771 1263 2860 potuisset,

130 2873 309 2945 venerabili
334 2873 422 2962 patri
438 2873 601 2960 Philippo,
618 2875 835 2958 Zagrabiensi
853 2875 1026 2964 Episcopo,
1045 2877 1190 2946 vendidit
1204 2901 1264 2950 no·

5 3033 6 3037 η
130 2985 217 3052 mine
233 2983 447 3052 Ecclesicsue
465 2987 621 3068 perpetuo
647 2981 891 3071 possidendam,
908 2991 942 3052 ei
957 2983 999 3052 de
1014 2992 1127 3054 nostra
1150 2987 1265 3071 gracia

4 3177 5 3182 ἵ
130 3089 341 3180 permissione
372 3088 493 3156 dictum
519 3089 716 3176 Episcopum
746 3089 997 3175 incorporalem
1023 3094 1263 3178 possessionem

4 3195 5 3201 '
132 3199 312 3286 empcionis
327 3197 422 3265 tilulo
438 3196 629 3266 introduxit.
646 3196 757 3276 Quare
782 3199 979 3286 precipimus
1005 3199 1177 3284 jndicibus
1193 3201 1268 3270 uni·

5 3303 6 3306 ’
132 3307 248 3401 uersis,
281 3313 441 3388 quatenns
470 3305 590 3372 dictum
608 3305 807 3392 Episcopum
822 3327 880 3394 pro
898 3325 947 3392 ec,
962 3307 1049 3392 quod
1066 3306 1187 3375 dictam
1202 3316 1264 3378 icr-

135 3434 205 3482 ram
223 3413 348 3502 emerit,
365 3433 438 3480 cnm
454 3413 544 3482 nullo
561 3421 852 3482 commeianeornm
877 3435 1007 3483 snorum
1034 3414 1179 3484 iudicare
1195 3436 1271 3502 pre·

137 3528 276 3608 sumant,
309 3541 381 3590 cum
406 3521 469 3590 hoc
484 3521 581 3590 fuerit
596 3543 637 3592 ex
653 3528 764 3591 nostra
781 3523 919 3591 licencia
936 3531 968 3590 et
986 3522 1101 3606 gracia
1116 3525 1265 3609 speciali.

5 3659 6 3696 1
137 3631 314 3700 Prosertim
329 3651 402 3698 cum
417 3631 516 3716 longe
531 3636 608 3698 ante
623 3631 824 3718 propositum
843 3629 1032 3698 conferendi
1053 3631 1174 3698 dictam
1205 3637 1271 3700 ler-

4 3721 6 3803 ἶ
143 3758 210 3806 ram
227 3739 458 3807 habuissemus
474 3739 635 3826 Episcopo
650 3745 838 3807 memorato.
855 3738 980 3807 Datum
997 3739 1100 3807 Jourii
1116 3739 1201 3810 seris
1217 3739 1272 3810 VI.

4 3828 6 3872 ¹
144 3855 217 3932 post
231 3849 351 3916 lectum
368 3848 482 3917 Sancti
496 3847 675 3918 Michaelis.

246 4045 394 4112 illusionis,
414 4048 538 4101 Menum.
550 4047 617 4099 hist.
631 4047 724 4112 Episc.
739 4045 936 4115 Zagrabiensis
949 4047 971 4098 Ι.
985 4045 1044 4098 lubi.
1060 4047 1119 4100 101.
1133 4047 1163 4112 l.)

4 4655 8 4765 l
