3208 5158
634 323 795 440 *oe*

141 529 289 604 dobeunt
313 550 386 604 oum
411 529 493 624 ipsis
509 529 679 603 Judioibus
696 531 741 604 ud
764 527 991 600 diffiniendum
1005 524 1168 618 piuoitum
1183 519 1276 602 illud.

141 641 229 713 Etsi
245 643 321 732 quis
337 643 482 729 ipsorum
496 640 818 730 Arohiepisooporum
829 639 989 710 delectum
999 639 1142 725 aliquem
1151 637 1274 708 bubus·

142 751 198 840 rit,
217 753 267 820 itu
277 750 365 837 quod
378 771 445 819 non
459 756 571 838 posset
584 749 752 838 interesse,
767 755 940 832 utrumque
954 745 1134 816 Commune
1148 746 1273 834 eligere

140 861 243 929 debet
256 859 393 930 Judioos
403 859 446 927 de
456 857 565 928 medio
575 857 823 926 Oommunitotis
838 857 911 926 looo
926 853 1144 942 predictorum
1159 853 1273 926 drobi·

139 969 381 1056 episcoporum.
407 969 449 1034 Et
464 969 496 1035 si
511 973 651 1052 utruque
669 987 747 1053 pars
762 985 799 1036 so
813 986 878 1034 nou
893 971 1008 1052 posset
1022 963 1221 1035 oouoordnro
1235 965 1271 1033 iu

135 1079 264 1162 eligere
278 1073 368 1166 ipsos
383 1075 521 1160 iudices,
537 1075 694 1148 demedio
713 1076 876 1160 eliguntur
890 1093 953 1162 por
968 1081 1082 1144 sortes.
1097 1075 1141 1142 Et
1157 1093 1270 1143 omnes

137 1187 310 1254 sentmeie
324 1192 357 1253 ot
366 1187 549 1272 questiones
564 1187 641 1254 dote
650 1190 683 1252 et
693 1185 838 1254 dedinite
853 1205 912 1272 per
927 1185 1054 1254 iudioes
1070 1185 1272 1272 suprascrip·

138 1303 194 1364 tos
211 1295 333 1364 eleetos
346 1297 400 1364 uel
415 1295 574 1364 maiorem
588 1301 715 1383 purtem
729 1296 875 1383 ipsorum
889 1297 933 1364 ab
943 1300 1077 1380 utroque
1091 1293 1262 1364 Communi

140 1401 316 1472 observari
350 1409 383 1470 et
405 1403 577 1490 adimpleri
610 1403 751 1472 dobenut
772 1403 833 1473 tnli
857 1401 1012 1472 videlieet
1035 1403 1157 1472 modo:
1182 1401 1271 1488 quod

135 1509 287 1580 homines
302 1511 441 1598 liugusii
454 1510 504 1579 ire
519 1511 664 1580 debeant
676 1511 847 1598 Spaletnm
870 1511 1035 1598 uooepturi
1059 1530 1154 1580 suum
1177 1511 1265 1581 solu·

136 1619 276 1708 oiouem,
287 1625 321 1688 et
335 1617 452 1688 (lomes
462 1619 587 1707 Spnleti
602 1625 703 1703 utque
717 1620 892 1688 Commune
908 1617 1054 1687 eiusdem
1069 1617 1193 1686 inolent
1206 1635 1264 1688 eos

136 1747 262 1814 pnoure
276 1725 456 1796 seeundum
486 1725 575 1814 quod
593 1727 769 1796 diffinitum
792 1728 893 1796 fuerit
917 1746 976 1813 per
1000 1725 1123 1796 iudioos
1147 1745 1264 1813 supru-

136 1837 277 1924 scriptos
286 1837 405 1904 eleetos
429 1835 484 1904 vel
498 1855 556 1924 per
572 1835 726 1904 maiorem
742 1841 868 1922 portem
884 1834 1048 1920 ipsorum3
1066 1841 1098 1902 et
1113 1833 1263 1905 similiter

137 1945 287 2014 homines
298 1943 426 2031 Spoleti
434 1943 550 2012 venire
559 1943 702 2014 debeunt
710 1943 897 2030 Ragonium,
908 1947 940 2011 et
950 1943 1189 2032 ouprnueriptus
1201 1943 1266 2013 (io-

136 2075 204 2122 mes
218 2052 362 2140 Bogusii
381 2049 601 2120 etOommune
617 2050 763 2119 eiusdem
771 2049 894 2130 socient
902 2051 991 2137 ipsos
1006 2071 1128 2138 penore
1143 2052 1261 2121 eodem

137 2161 231 2230 modo
259 2167 296 2228 ut
319 2159 443 2228 dietum
467 2165 527 2227 est
550 2157 635 2226 Tum
659 2157 749 2228 lesus
775 2161 828 2226 rel
851 2158 1013 2244 spoliatus
1040 2165 1099 2228 out
1122 2159 1262 2228 eruditor

134 2267 249 2358 psonri
263 2267 414 2356 primitus
429 2265 527 2334 debet
541 2265 583 2334 do
597 2267 772 2335 mobilibus
787 2265 840 2335 sui
868 2266 1025 2336 debitoris
1041 2267 1071 2334 si
1085 2267 1240 2337 babuerit
1255 2291 1266 2356 ς

134 2385 164 2446 et
179 2379 208 2446 si
223 2376 393 2461 neoiderit,
407 2375 496 2460 quod
510 2375 638 2443 debitor
650 2375 820 2459 utriusque
835 2376 1022 2444 Gommmis
1037 2396 1103 2444 non
1122 2375 1261 2446 haberet

132 2485 262 2570 mobile,
276 2485 487 2570 undeposset
500 2481 692 2553 sutissseere
705 2503 766 2552 suo
781 2483 862 2572 leso,
878 2483 1020 2571 spoliato
1034 2484 1089 2552 uel
1098 2481 1259 2574 eruditori,

133 2591 274 2661 ereditur
297 2592 351 2660 uel
374 2590 535 2678 spoliatus
570 2597 629 2659 unt
651 2589 741 2660 lesus
764 2589 884 2664 debent
907 2592 989 2678 poni
1011 2591 1047 2661 in
1068 2592 1182 2662 stsbffi
1205 2594 1258 2664 sui

132 2699 298 2786 debitoris,
331 2699 486 2769 videlieet
515 2699 552 2766 in
575 2699 710 2768 meliors
742 2705 835 2786 purte
857 2699 963 2787 ipsius
987 2701 1130 2792 stabilis,
1154 2723 1254 2788 quum

131 2809 255 2894 eligere
270 2805 410 2875 voluerit
424 2806 460 2875 in
474 2804 611 2893 duplum
626 2807 744 2876 desuo
768 2806 902 2892 debito;
925 2815 959 2875 et
982 2809 1013 2876 si
1038 2809 1166 2880 debitor
1193 2833 1261 2881 nou

131 2915 282 2986 mouerit
314 2915 433 2983 mobile
466 2935 574 3000 neque
605 2915 735 3003 stabile,
759 2914 847 2984 unde
868 2913 998 2986 solvero
1023 2925 1135 3002 posset
1158 2937 1255 2988 unum

130 3023 331 3111 creditorem,
346 3023 521 3109 spoliatum
535 3025 588 3092 uel
602 3023 715 3105 lesum,
728 3022 858 3092 debitor
871 3023 990 3092 debent
1004 3023 1078 3090 dori
1092 3024 1127 3092 in
1144 3044 1273 3110 perso·

130 3151 171 3198 un
184 3152 244 3201 suo
261 3131 426 3218 eruditori,
444 3131 588 3218 spoliato
602 3131 656 3198 vel
679 3132 760 3200 leso.
788 3133 869 3204 Item
894 3130 1041 3217 quolibet
1065 3131 1257 3222 Commune,

130 3239 398 3326 quandocumque
421 3239 557 3325 pesierit
580 3245 612 3305 et
634 3257 770 3306 neeesse
792 3238 891 3308 fuerit
914 3239 1088 3325 stanienm,
1113 3241 1254 3310 alterum

130 3351 303 3419 Gomrnnno
326 3355 477 3419 tenentur
500 3349 613 3418 uenire
627 3349 673 3417 ud
685 3348 769 3418 illud
786 3349 949 3418 stsuiunm
964 3351 1117 3420 moenio
1131 3371 1250 3424 eonro·

130 3457 265 3526 nientem
279 3457 456 3527 terminum
470 3459 543 3528 sine
552 3457 638 3526 insto
646 3457 890 3545 impedimento,
900 3457 988 3545 quod
996 3465 1110 3547 posset
1118 3461 1254 3548 probari

132 3565 479 3650 etproborotnretsub
489 3565 720 3650 peusinterius
729 3565 895 3634 denotato
907 3567 949 3634 Et
963 3586 1167 3654 quecumque
1175 3589 1257 3656 pom

129 3675 245 3742 uenerit
259 3679 362 3741 antes
376 3669 421 3741 ad
436 3672 559 3740 dietum
574 3675 682 3742 looum
706 3675 920 3743 eonstitutum
944 3674 980 3743 iu
1002 3677 1145 3744 termino
1170 3675 1256 3746 ordi

129 3779 222 3867 nario,
254 3781 377 3850 debem
400 3785 575 3868 expoeme
603 3780 752 3870 alterum,
777 3801 841 3866 que
863 3801 932 3852 uun
958 3783 1088 3852 uenerit
1110 3805 1174 3871 per
1195 3805 1257 3854 sex

130 3883 192 3954 <lios
205 3889 397 3974 eomplotos‚
414 3895 448 3955 et
463 3908 543 3974 pure
558 3889 630 3976 illa,
645 3907 708 3973 que
730 3889 821 3956 inira
844 3887 967 3957 dietum
991 3891 1169 3960 nummu
1193 3913 1255 3962 sex

128 3989 242 4062 dierum
275 4015 344 4062 uon
374 3996 503 4063 venerit
534 3994 580 4063 sd
612 3996 734 4064 dimum
776 3997 902 4082 looum,
950 3997 1093 4083 perdere
1131 3998 1255 4069 debut

128 4116 235 4182 penum
274 4100 415 4171 inferius
454 4101 654 4191 denotatum,
680 4111 714 4171 et
736 4123 857 4174 omnes
875 4103 1026 4174 uniones
1050 4107 1156 4194 ipsius
1182 4111 1253 4178 sint

127 4215 245 4278 ussto
258 4216 294 4280 et
308 4229 425 4298 nouo,
440 4215 476 4279 et
487 4211 637 4281 raoiones
654 4215 759 4298 partis
769 4213 869 4298 illius,
887 4234 952 4299 que
966 4214 1162 4302 intusumil,
1176 4219 1246 4285 nint

128 4315 255 4385 stabiles
270 4323 305 4384 et
319 4321 413 4387 firme
427 4327 462 4387 et
477 4319 512 4386 in
525 4337 586 4390 suo
600 4321 716 4390 robore
730 4321 894 4410 enim,
924 4325 1107 4412 exceptori
1132 4327 1252 4396 iustu

129 4419 388 4508 impedimentum
403 4427 513 4517 ίιιοήι,
528 4427 616 4512 quod
630 4437 742 4516 ponet
755 4430 889 4517 probaui
904 4439 938 4500 et
953 4434 1156 4520 probam.
1171 4438 1254 4507 liti

130 4529 286 4620 oueiderit,
302 4533 393 4619 quod
408 4534 556 4604 homiues
571 4538 730 4624 Ragusini
747 4538 937 4608 dubiumr
951 4539 995 4611 de
1013 4542 1169 4627 §ignorit
1190 4546 1253 4613 Go-

130 4635 252 4711 mitutus
276 4643 416 4732 chuni,
439 4645 588 4717 sonim
611 4647 777 4733 Spoletini
799 4653 914 4720 venire
928 4649 1072 4724 debent
1092 4654 1139 4723 ad
1153 4656 1252 4726 istan
