3080 5146
310 1179 342 1249 Α
360 1185 448 1251 bricci
470 1183 695 1274 kdptolunnak
711 1185 988 1272 bizouysdplereie,
1003 1190 1088 1272 hopy
1099 1185 1336 1270 Petkutrolrfiat'
1344 1187 1436 1273 thp

310 1301 390 1360 neoti
404 1291 614 1360 birtolrukoak
629 1294 729 1360 rtrzec
746 1291 895 1380 Gerpely,
917 1291 1036 1358 Tamus
1060 1295 1123 1358 buu
1144 1295 1265 1377 fiduuk
1300 1297 1436 1364 audente

829 1404 924 1468 1244.

418 1597 611 1665 Bachiensis
627 1595 774 1664 Ecclesia
791 1591 975 1682 Capitulum
992 1595 1153 1664 rniuersis
1186 1596 1308 1666 Christi
1340 1597 1437 1666 fideli·

310 1705 371 1774 bns
386 1713 568 1790 presentem
585 1705 742 1791 paginam
758 1703 957 1790 inspecturis
973 1704 1006 1770 in
1025 1725 1104 1772 uero
1121 1704 1258 1771 soluturi
1287 1707 1432 1772 sulutem.

309 1813 428 1881 Notum
444 1811 487 1880 sit
503 1812 651 1881 omnibus
667 1820 734 1880 tam
751 1813 956 1899 presentibus
973 1832 1068 1898 quam
1088 1811 1214 1897 suturis,
1242 1813 1328 1897 quod
1346 1834 1435 1881 acce-

309 1920 422 1990 dentes
439 1919 482 1986 ad
498 1927 641 1988 nostram
659 1925 857 2008 presenciam
875 1919 1019 1988 Peturka
1034 1919 1121 1987 fitius
1137 1919 1242 1987 Petlrr
1254 1941 1327 1986 cum
1338 1920 1434 1987 fratre

309 2050 368 2096 suo
385 2027 490 2096 Petkr
506 2047 547 2094 ex
562 2049 628 2097 una
644 2036 756 2114 parte3
796 2029 946 2096 Andreas
978 2037 1166 2114 procurator
1198 2029 1346 2114 Gregorii
1380 2031 1433 2114 filij

308 2138 431 2205 Thome
446 2136 529 2204 Beni
546 2156 587 2204 ex
602 2137 724 2220 altera;
748 2139 860 2204 retulit
875 2136 980 2232 dictus
998 2136 1151 2219 Peturka,
1167 2137 1254 2220 qnod
1280 2135 1322 2202 de
1348 2146 1435 2204 terra

308 2266 368 2316 sua
384 2245 582 2313 hereditaria
598 2243 727 2312 nomine
743 2244 841 2330 Fizeg
873 2250 997 2330 partem
1030 2263 1133 2329 suam,
1164 2263 1226 2329 qno
1257 2243 1302 2310 ud
1331 2245 1435 2331 ipsius

286 2355 491 2441 :porcionem
508 2352 701 2440 pertinebat,
717 2372 813 2438 qnam
830 2352 956 2420 scilicet
970 2359 1088 2418 terram
1106 2351 1244 2435 quedam
1260 2372 1354 2438 aqua
1380 2375 1435 2421 no·

258 2461 261 2468 ’
306 2463 393 2530 mino
408 2459 552 2528 Nudatos
568 2459 693 2546 diuidit,
711 2457 914 2528 uendidisset
929 2459 1075 2546 predicto
1093 2461 1249 2546 Gregorio
1266 2481 1324 2544 pro
1343 2463 1437 2546 qnin-

307 2569 412 2638 deoim
429 2569 546 2638 marcis
563 2569 701 2656 argenti,
721 2576 753 2637 et
768 2589 926 2636 summam
943 2571 1081 2656 pecunie
1098 2571 1129 2636 in
1149 2571 1318 2654 presencia
1329 2571 1435 2638 nostri

307 2678 348 2744 ad
366 2678 495 2762 plenum
512 2677 680 2744 consessus
696 2683 746 2744 est
762 2697 797 2744 so
816 2677 952 2762 babere,
970 2677 1016 2743 ita
1033 2677 1196 2764 uidelicet,
1213 2675 1299 2763 qnod
1316 2676 1436 2745 medie-

305 2793 357 2852 tas
373 2783 460 2850 iliius
478 2803 562 2868 aque
577 2785 720 2868 pertinet
737 2783 780 2850 ad
797 2783 912 2872 Petkr,
945 2792 976 2852 et
994 2805 1070 2870 pars
1088 2785 1130 2850 ad
1148 2783 1341 2870 Gregorium
1376 2785 1437 2851 Co·
1538 2789 1539 2798 ’

307 2892 415 2958 mitem
432 2892 516 2958 cedit
531 2893 566 2958 in
583 2893 712 2958 modum
728 2902 827 2978 mete,
852 2893 900 2960 ita
916 2893 1030 2978 eciam,
1062 2893 1149 2979 quod
1174 2893 1293 2962 exinde
1325 2890 1436 2958 tendit

305 3003 346 3068 ad
363 2999 536 3085 Semektir,
552 3005 584 3066 et
600 3001 646 3066 ibi
664 2999 940 3070 conterminantur
957 3009 1040 3068 mete
1055 3001 1145 3068 iltius
1161 3007 1255 3068 terre.
1279 3001 1436 3066 Preterca

304 3108 390 3174 idem
408 3105 511 3174 Petkr
528 3107 688 3190 obligauit
703 3125 739 3172 se
756 3127 814 3192 per
830 3127 873 3194 se,
890 3115 921 3174 et
937 3127 1032 3174 uerus
1056 3115 1247 3194 procurator
1270 3129 1330 3194 pro
1363 3107 1435 3176 suis
1537 3111 1538 3138 i

304 3213 456 3280 fratribus
473 3214 531 3303 sic,
548 3212 634 3298 qnod
651 3213 679 3281 si
696 3214 817 3298 aliquis
834 3235 874 3282 ex
890 3215 956 3283 suis
974 3214 1128 3282 iratribus
1145 3235 1228 3283 ausu
1255 3216 1433 3283 temerario

305 3323 369 3390 ium
387 3321 473 3390 dicte
489 3320 674 3388 uendieioni
691 3322 852 3389 contraire
868 3328 1076 3407 presumeret,
1094 3325 1166 3410 ipse
1182 3322 1436 3392 contradictorie
1536 3383 1537 3412 ἶ

305 3429 502 3518 respondere
517 3433 689 3498 teneretur.
731 3431 773 3496 Vt
788 3431 888 3516 igitur
904 3430 999 3499 huius
1031 3429 1232 3498 uendicionis
1264 3429 1369 3498 series
1402 3432 1435 3497 in
1536 3429 1537 3454 ³

303 3538 470 3608 retroactis
487 3537 685 3624 temporibus
701 3557 759 3624 por
775 3547 924 3626 posteros
934 3543 1074 3623 nequeat
1084 3537 1210 3624 uiolari,
1228 3535 1272 3602 ad
1282 3535 1432 3622 ipsorum

302 3647 496 3737 peticionem
512 3653 694 3731 presentem
712 3645 931 3714 concessimus
946 3646 1100 3731 paginam
1116 3645 1216 3730 sigilli
1240 3644 1343 3712 nostri
1361 3663 1431 3713 mn·
1535 3669 1536 3734 ᾗ

302 3755 425 3824 nimine
441 3756 633 3822 roboratam.
672 3753 766 3819 Anno
784 3753 893 3838 gracie
909 3751 1272 3820 Mrocrxxxxnttlc
1312 3753 1436 3839 Prepo·

301 3865 365 3932 sito
389 3869 535 3945 vacante,
551 3860 682 3928 Andros
694 3859 838 3942 Lectore
855 3861 998 3947 Symone
1009 3861 1158 3945 cantore
1184 3857 1435 3928 Archidiacono

301 3969 475 4038 Baohiensi
490 3973 638 4056 recente,
656 3969 789 4035 Andrca
813 3968 1052 4036 Archidiacono
1069 3967 1260 4055 syrmiensi,
1285 3965 1435 4034 Adriano

302 4077 452 4166 Custode,
471 4077 695 4144 Antonior
631 4077 830 4162 Segedicnsi,
840 4075 959 4145 Micole
975 4077 1119 4162 Decumo,
1136 4075 1315 4158 ceterisque
1327 4073 1434 4143 Gano-

299 4185 384 4256 nicis
400 4189 470 4254 Deo
486 4183 622 4255 feliciter
638 4185 907 4255 ministrantibus.

301 4381 439 4456 (messus
457 4384 640 4452 borhtrtysu,
659 4384 832 4452 kczbnstges
851 4380 1088 4437 kenderzsinbron
1106 4382 1194 4452 suippe
1212 4377 1308 4451 peccet
1338 4381 1435 4454 alatt3

586 4475 707 4534 cureat
726 4476 779 4530 kir.
796 4475 925 4530 umsrai
944 4473 1139 4542 ierslttrbsn.)

726 4633 995 4677 ,..............
