3078 5128
750 278 911 379 Q

272 475 650 562 predicterestitucionis
668 474 768 542 series
785 495 807 540 a
830 473 924 541 nobis
956 475 1037 540 inste
1070 477 1102 537 et
1134 471 1280 556 legitime
1309 469 1411 538 tacte
1536 486 1537 568 t

268 585 386 652 nostris
404 591 653 668 nostrorumque
669 601 892 650 successorum
911 579 1113 667 temporibus
1138 580 1235 646 salua
1266 596 1408 666 semper
1536 627 1537 634 κ

270 699 302 760 et
320 696 511 762 inconcussa
526 699 729 779 permaneat,
747 692 781 757 in
797 696 1025 774 argumentum
1042 687 1213 773 amplioris
1230 687 1304 754 fidei
1320 707 1404 774 pre·
1536 669 1537 680 ¹

270 811 393 869 sentem
412 801 629 868 concessimus
647 800 801 887 paginam
832 797 994 884 duppliois
1027 795 1129 882 sigilli
1160 796 1262 862 nostri
1295 797 1408 863 muni·

269 911 356 978 mine
371 911 405 975 in
422 913 611 996 perpetuum
628 909 825 974 roboratam.
858 907 980 974 Datum
996 925 1083 972 anno
1099 904 1268 971 Dominioe
1286 905 1408 972 Incar-

269 1017 418 1086 nacionis
434 1016 606 1088 millesimo
623 1015 808 1111 (ὶῦῦΧΧΧο
834 1013 988 1096 secundo,
1019 1013 1125 1099 Regni
1156 1019 1264 1080 autem
1296 1017 1407 1082 nostri

270 1146 357 1194 anno
372 1125 455 1192 ΧΧο
471 1145 565 1192 nono.
581 1219 587 1226 ι

272 1324 324 1384 (Aa
343 1324 447 1378 eredeti
466 1325 535 1378 utin
552 1325 651 1376 Knaun
670 1323 784 1375 Nandor
802 1321 921 1388 Magyer
940 1322 1007 1375 sion
1025 1322 1064 1374 11.
1083 1323 1298 1386 tbt.eta.1ap.;
1313 1349 1343 1360 -
1356 1322 1405 1374 Δι

388 1413 759 1481 assurgantsoktptalan
778 1411 1065 1477 Okmtnytsrs,1³est
1087 1415 1162 1463 18⁷1.
1183 1413 1225 1462 17.
1245 1413 1275 1475 l.)

805 2341 878 2410 loe.

275 2541 323 2606 11.
349 2539 460 2606 Endre
475 2539 584 2626 lively
602 2541 741 2606 sessores
756 2541 911 2627 helysdpat
935 2540 1121 2627 onazoaoja
1152 2567 1190 2608 aa
1221 2543 1405 2629 matapomi

658 2649 893 2735 kdptalanaak.
919 2647 1015 2714 1232.

384 2843 532 2912 Andreas
552 2847 613 2912 Dei
631 2849 743 2931 gracia
759 2843 926 2930 Hungarie
942 2846 1011 2913 Rex
1023 2847 1184 2915 uniuersis
1195 2845 1315 2914 Christi
1325 2848 1403 2916 tide·

276 2953 361 3022 libus
378 2957 560 3040 presentem
578 2954 731 3040 paginam
748 2955 941 3040 inspecturis
958 2955 1098 3021 salutem
1114 2954 1147 3020 in
1165 2956 1305 3023 Domino
1322 2957 1402 3023 lesu

281 3061 421 3131 Obristo.
440 3061 598 3140 Quoniam
617 3063 772 3150 scriptum
790 3071 849 3152 est,
864 3063 949 3148 quod
966 3085 1030 3132 non
1041 3065 1403 3151 remittiturpeccatum,

276 3172 378 3239 donec
394 3173 584 3240 restituatur
600 3174 746 3238 ablatum
763 3200 771 3238 :
790 3173 910 3238 idcirco
927 3173 969 3239 ad
996 3172 1218 3240 uniuersorum
1247 3174 1401 3240 noticiam

280 3280 429 3348 uolumus
446 3283 638 3368 peruenire3
664 3279 750 3364 quod
768 3301 826 3347 nos
844 3281 948 3349 Denrn
966 3301 1026 3366 pre
1042 3281 1144 3348 oculis
1168 3281 1337 3366 habentes,
1370 3291 1402 3348 et

279 3387 385 3470 magis
403 3388 501 3455 saluti
517 3391 628 3454 anime
645 3397 754 3455 nostre
780 3388 949 3474 prouidere
976 3391 1153 3476 cupientes,
1185 3409 1281 3473 quam
1314 3391 1403 3456 lucro

277 3496 450 3581 temporali
467 3523 473 3562 :
490 3497 601 3562 villam
619 3497 784 3580 quandam
801 3496 931 3564 nomine
955 3495 1143 3578 Scebebleb,
1177 3497 1232 3562 ubi
1257 3499 1405 3565 Saxones

274 3601 472 3690 residebant,
489 3623 586 3686 quam
602 3606 751 3673 Ecclesia
766 3603 1000 3689 strigoniensis
1028 3606 1069 3672 ab
1101 3605 1236 3688 antiquo
1267 3605 1404 3690 pacifice

278 3711 469 3796 possederat
485 3719 517 3778 et
533 3713 653 3797 quiete,
671 3722 702 3780 et
719 3733 777 3781 nos
802 3714 909 3800 ipsam
940 3713 1045 3780 minus
1078 3713 1160 3780 iuste
1191 3711 1226 3777 in
1257 3721 1404 3780 nostrum

275 3839 368 3886 usrrm
402 3828 678 3905 conuerteramus,
719 3823 806 3889 omni
838 3820 1099 3888 contradiccione
1130 3829 1163 3889 et
1194 3819 1404 3890 contencione

278 3928 493 4014 cessantibus,
512 3951 552 3997 ex
568 3939 679 3998 nostra
695 3936 806 4014 gracia
821 3937 853 3996 et
870 3931 1073 4016 beneplacito
1090 3928 1236 3996 Ecclesia
1261 3930 1404 3996 restitui-

276 4055 348 4103 mus
363 4045 550 4124 memorate,
567 4039 730 4107 bonafide
747 4040 992 4125 promittentes;
1009 4041 1281 4124 quodnunqnam
1294 4059 1405 4123 quam-

276 4141 331 4210 diu
347 4143 508 4230 uiuemus‚
525 4147 673 4213 Ecclesia
688 4145 924 4229 strigoniensis
941 4165 1039 4231 super
1063 4146 1214 4232 predicta
1240 4146 1323 4214 uilla
1348 4145 1407 4213 eli·

278 4272 374 4346 quarn
390 4254 536 4339 pacietur
552 4254 703 4322 iniuriam
720 4257 774 4322 uel
791 4255 994 4340 molestiam;
1027 4257 1083 4323 sed
1100 4275 1182 4342 pace
1196 4261 1358 4341 perpetua
1374 4261 1407 4322 et

277 4359 519 4446 tranquillitate
534 4361 689 4447 gaudebit
704 4381 801 4448 super
817 4361 877 4429 boc
892 4363 927 4429 in
941 4365 1094 4432 futurum.
1132 4361 1176 4428 Vt
1202 4381 1279 4447 ergo
1309 4361 1407 4428 buius

273 4469 490 4539 restitucionis
506 4472 606 4539 series
624 4493 645 4537 a
660 4469 754 4538 nobis
770 4470 914 4556 legitime
939 4469 1033 4556 tacte,
1057 4469 1177 4541 nostris
1202 4476 1409 4539 nostrorum·

275 4597 337 4662 que
351 4597 570 4646 ¹successorum
586 4577 784 4664 temporibus
800 4580 895 4648 salua
912 4599 1038 4668 semper
1054 4588 1085 4646 et
1101 4579 1300 4647 inconcussa
1325 4597 1396 4664 per·
