3164 5154
635 351 796 463 *aa*

154 579 295 648 omniurn
311 575 482 648 incurrant
501 575 773 663 maledictionem,
791 583 908 645 etcum
927 575 1055 644 diobolo
1071 573 1105 644 in
1122 573 1282 664 perpetuo

156 688 276 756 inferno
302 687 530 774 mancipentur
560 695 593 754 et
619 687 820 755 damnentur.
859 685 1017 754 Omnibus
1048 685 1108 752 hec
1119 685 1196 770 jma
1211 701 1281 753 ser·

157 799 301 868 rantibus
333 799 376 868 sit
394 819 461 886 pax
491 797 616 866 domini
647 795 748 865 nostri
779 795 857 864 Jesu
888 795 1010 863 Christi
1026 794 1061 862 in
1081 787 1275 881 perpetuum

159 925 255 976 aneu

258 1014 281 1094 †
299 1013 394 1094 Quod
409 1015 565 1103 scriptum
582 1033 643 1099 ego
653 1012 820 1082 Diaconos
835 1011 980 1082 Marinus
995 1019 1027 1080 et
1042 1009 1176 1097 Ragusii
1192 1011 1283 1079 com·

156 1124 252 1191 nunis
269 1121 425 1190 Notarius
443 1123 542 1208 plena
557 1122 592 1189 iu
609 1121 708 1189 Curia
721 1121 946 1205 Raguse'orum
965 1121 1126 1220 residente
1142 1123 1281 1188 Bernar-

158 1234 191 1300 do
204 1230 457 1318 Arcbiepiscopo
467 1238 507 1298 ‘et
523 1229 680 1298 Geruasio
696 1229 822 1299 Comite
838 1249 909 1298 curu
921 1229 1102 1314 ¹Nobilibus
1118 1236 1151 1296 et
1161 1227 1281 1316 populo

161 1346 268 1407 cuncto
277 1337 427 1422 jussione
443 1345 631 1404 cunctorum
647 1337 776 1424 scripsi,
796 1337 955 1422 compleui
971 1341 1004 1403 et
1019 1336 1178 1405 roboraui.

256 1447 327 1530 Ego
342 1445 457 1512 Comes
473 1444 678 1533 bliroslauus,
693 1443 777 1513 sicut
794 1443 908 1512 Coum
924 1439 1104 1512 Geruasius
1119 1464 1191 1511 cum
1208 1444 1278 1513 suis

161 1554 324 1622 Nobilibus
339 1552 420 1619 mibi
432 1554 571 1639 jurabit,
587 1551 674 1619 idem
691 1559 724 1620 ct
740 1573 802 1637 ego
818 1553 884 1620 illis
909 1551 997 1636 juro,
1022 1552 1200 1620 secundum
1223 1573 1276 1620 su·
1320 1581 1323 1589 ·

162 1663 338 1749 pradictum
355 1661 537 1749 capitulare
555 1666 643 1728 recte
661 1661 725 1730 lide
742 1667 776 1727 ct
790 1661 862 1728 sinc
876 1661 989 1730 lraudc
1000 1669 1155 1748 perpetuo
1166 1681 1277 1730 manu·

161 1778 272 1838 tenere.

522 1915 688 1990 lleG'l'h
737 1917 818 1990 title

561 2025 689 2098 adulti
737 2025 848 2098 POGb

633 2147 847 2252 uulso-3·

262 2364 404 2428 (Eredetie
424 2363 598 2431 borhtrtyan
618 2381 635 2416 a
653 2363 730 2416 becsi
750 2363 873 2416 causatu
892 2363 982 2417 titluoa
1000 2363 1196 2430 leveltirbau.)

584 2653 851 2664 ιο-ι--ῡ--ι-ικ--ιι

693 3186 745 3261 ib.

160 3383 189 3451 A
230 3391 311 3475 picci
339 3391 568 3480 kdptcluaaalc
598 3389 863 3478 bizoayeclqleuclc
893 3414 914 3455 a
947 3385 1023 3455 Koa
1055 3387 1285 3482 acumedpbeli

301 3499 424 3566 sinuat
437 3499 551 3566 »Simon
557 3498 625 3582 fici
639 3497 723 3562 tuzti
738 3498 1026 3584 birloboaatdlycdl.
1044 3500 1142 3566 1191.

331 3712 487 3800 *a
703 3713 972 3779 uo

263 3905 457 4002 Paschasius
495 3907 853 3995 Quinqueecclesiensis
894 3909 1080 3997 Propositus
1111 3915 1278 3998 totumque

160 4009 297 4082 eiusdem
311 4014 377 4084 loci
394 4013 579 4104 Capitulum
594 4035 728 4102 presens
744 4015 898 4102 scriptum
915 4019 1121 4088 cernentibus
1136 4021 1278 4088 salutem

158 4119 193 4184 in
208 4119 352 4191 Domino.
377 4121 592 4192 Vniuersitati
623 4131 730 4193 vestra
761 4125 905 4208 presenti
937 4124 1053 4194 cedula
1084 4125 1279 4214 innotescat,

158 4223 245 4307 qnod
259 4227 298 4294 ad
313 4221 513 4316 peticionem
525 4229 660 4298 Comitis
678 4229 793 4298 Buchk
809 4238 842 4297 ct
857 4229 943 4318 Julc,
972 4231 1110 4300 filiorum
1127 4233 1281 4321 Symonis

159 4329 202 4397 de
218 4331 331 4405 Saklos
346 4335 388 4404 da
403 4356 523 4422 genere
539 4339 612 4406 Kan
629 4357 728 4406 unum
745 4357 786 4404 en
801 4337 905 4424 nobis,
929 4337 1123 4424 Magistrum
1150 4341 1281 4408 Petrum

98 4467 101 4472 ·
157 4436 418 4512 concanonicum
434 4451 577 4512 nostrum
603 4442 675 4534 (ad)
706 4443 949 4512 ordinacionem
980 4466 1039 4516 seu
1070 4447 1279 4533 diuisionem,

156 4565 257 4630 quam
271 4551 355 4636 inter
368 4573 405 4621 se
420 4551 541 4621 babere
557 4553 779 4641 intendebant,
811 4553 1058 4625 transmisimus.
1097 4553 1161 4634 Qui
1193 4563 1280 4643 post-

154 4653 285 4733 modum
298 4659 384 4734 idem
399 4661 494 4734 bomo
511 4667 620 4731 noster
633 4681 698 4731 vua
709 4679 785 4734 cum
802 4660 928 4732 Gemite
943 4661 1057 4732 Buchk
1074 4669 1106 4732 et
1121 4661 1199 4731 Jula
1215 4661 1281 4730 fra·
1299 4695 1306 4704 ·

1131 4769 1214 4858 49
