3208 5158
194 1111 216 1174 Ι
220 1108 253 1174 V.
272 1109 356 1176 Be'lo
371 1110 479 1200 kin·de
503 1112 684 1198 caepa-cotti
713 1109 761 1178 II.
791 1113 904 1180 Endr'a
935 1114 1046 1203 kirrily
1067 1119 1326 1220 prn'vr'lepc'amdi,

192 1219 337 1306 nrelplycl
361 1245 382 1286 o
399 1221 650 1287 borsntonostnaa‘
676 1225 881 1308 opdtsdpnok
904 1225 1007 1308 jovoi
1038 1227 1323 1314 ozillt'j'o’oedelmc't

571 1329 817 1415 redomctnyozto.
848 1333 946 1399 1267.

303 1525 383 1594 Bela
400 1526 461 1592 Dei
478 1522 590 1610 gracia
607 1525 787 1612 Hungarie,
819 1526 997 1616 Dalmacic,
1032 1529 1178 1618 Groacic,
1208 1534 1323 1622 Rama,

192 1637 314 1721 Seruio,
331 1633 481 1719 Gallicis,
495 1633 688 1701 Lodomcric
705 1635 926 1718 (inmaniaque
942 1639 1012 1704 Rex
1029 1640 1178 1707 omnibus
1193 1661 1324 1728 presen-

192 1753 241 1811 tes
259 1743 384 1812 litteras
402 1741 595 1827 inspecturis
611 1741 750 1808 salutem
768 1742 801 1807 in
818 1742 958 1810 omnium
975 1744 1151 1813 saluatorc.
1184 1748 1236 1814 Ad
1253 1752 1323 1816 vni·

193 1871 359 1920 nersorum
395 1849 547 1916 noticiam
581 1854 691 1915 tenore
721 1850 924 1935 presencium
957 1853 1106 1918 volumus
1140 1857 1323 1944 peruenire,

193 1960 280 2044 qarod
297 2011 305 2026 .
324 2011 330 2024 .
349 2010 357 2025 .
375 1957 486 2025 Abbas
503 1965 535 2023 ct
552 1956 671 2024 fratres
699 1959 886 2025 Casuentus
917 1959 1035 2026 Montis
1067 1959 1188 2028 Sancte
1220 1967 1324 2033 Maria

193 2068 324 2136 Ordinis
344 2065 579 2152 cysterciensis
596 2065 639 2131 ad
656 2067 799 2133 nostram
817 2066 1011 2132 accedentes
1036 2052 1236 2151 presenciarn
1269 2094 1323 2139 cx·

194 2177 365 2242 hibuerunt
383 2174 476 2241 nobis
493 2175 702 2260 priuilegium
718 2173 822 2240 felicis
833 2175 1070 2243 recordacionis
1081 2177 1178 2260 Regis
1190 2179 1321 2248 Andron

192 2283 360 2352 karissimi
377 2285 479 2371 patris
495 2284 608 2366 nostri,
636 2284 669 2348 in
687 2282 804 2367 quibus
820 2303 974 2371 expresse
991 2283 1131 2352 vidimus
1148 2289 1319 2372 contineri,

194 2393 278 2480 qnod
295 2392 381 2460 idem
398 2395 468 2459 ltex
484 2392 633 2458 Andreas
661 2399 756 2478 pater
786 2399 895 2460 noster
925 2395 1106 2462 contulerat
1137 2395 1204 2460 ianr
1234 2395 1322 2464 dicto

192 2504 390 2570 Monasterio
409 2500 925 2587 omnescybriones‹chenhart,
943 2499 1128 2588 chaztoy,
1146 2501 1322 2592 deNyksa,

191 2611 231 2677 de
249 2612 408 2696 Prenyna,
439 2615 471 2675 et
488 2609 621 2674 alioruin
639 2607 831 2692 populorum
849 2607 1036 2697 eorundem,
1070 2617 1217 2696 petentes
1249 2633 1321 2680 cam

192 2717 367 2805 instancia,
383 2724 418 2783 vt
435 2716 647 2782 collacionem
664 2714 810 2800 ipsoram
828 2716 1016 2803 cybrionum
1036 2739 1092 2802 per
1118 2718 1239 2786 dictum
1264 2743 1323 2806 pa-

192 2835 273 2896 trem
289 2832 434 2895 nostrum
451 2826 571 2892 factam
588 2831 697 2892 nostro
710 2822 921 2907 dignaremur
933 2825 1108 2910 priuilegio
1120 2829 1321 2896 confirmare.

191 2937 324 3002 Etlicet
341 2935 374 3001 in
390 2935 462 3020 ipsc
478 2935 651 3019 priuilegio
669 2935 773 3016 patris
807 2933 908 2998 nostri
941 2932 1154 3019 inspeximus
1188 2937 1320 3004 cosdem

192 3045 365 3130 cybriones
380 3041 467 3108 dieto
485 3041 604 3108 notati
621 3049 653 3108 et
671 3041 823 3108 fratribus
842 3045 910 3106 suis
928 3060 1000 3107 esse
1016 3041 1151 3106 collatos
1168 3064 1226 3128 per
1247 3063 1321 3109 cun-

190 3153 281 3235 dem3
298 3157 409 3218 tamen
426 3151 504 3234 qnia
520 3153 613 3216 nohis
631 3171 727 3234 super
744 3151 815 3234 hoo,
833 3156 937 3216 vtrnm
954 3151 1073 3216 fuerint
1089 3150 1187 3232 ijrlern
1205 3151 1321 3216 fratres

190 3259 222 3326 in
241 3259 379 3344 pacifica
395 3259 611 3344 percepcionc
628 3279 686 3324 son
702 3263 907 3343 possessione
925 3259 1101 3324 corundcrn
1130 3258 1319 3343 cybricnnrn

190 3371 312 3436 veritas
330 3387 394 3432 non
411 3367 600 3451 constabat,
618 3366 705 3432 fidoli
723 3373 833 3432 nostro
850 3365 1017 3432 licrbordo
1035 3366 1232 3434 comitialia
1250 3363 1321 3451 Osi,

191 3487 225 3544 rt
243 3477 275 3542 in
296 3475 359 3542 fida
375 3475 444 3542 Deo
461 3481 492 3540 ct
509 3476 602 3541 nobis
619 3475 730 3541 debita
746 3477 844 3542 sciret
862 3475 1038 3559 strideret,
1056 3475 1083 3541 si
1095 3475 1184 3560 ipsos
1196 3473 1320 3558 aphric-

190 3607 247 3653 ncs
263 3584 343 3650 dicti
361 3585 478 3650 fratres
495 3589 710 3670 perceperant
727 3592 759 3649 ct
776 3583 960 3670 percipiunt
987 3585 1135 3669 pacifice,
1170 3589 1200 3649 ot
1225 3582 1320 3647 nobis

190 3692 390 3776 rescriberet,
409 3693 528 3758 nostris
546 3692 695 3758 dedimus
713 3692 826 3757 litteris
855 3694 887 3756 in
921 3691 1096 3759 mandatis.
1137 3690 1200 3770 Qui
1233 3690 1319 3756 idern

190 3801 282 3869 nobis
299 3800 464 3885 rescripsit
480 3801 511 3865 in
529 3801 591 3866 fide
606 3801 676 3867 Deo
694 3799 804 3866 detrita
822 3805 853 3864 ct
871 3800 990 3865 honoro
1007 3823 1014 3862 :
1034 3799 1120 3883 (prod
1137 3799 1236 3883 ijdern
1254 3799 1319 3864 Ab·

191 3913 248 3978 bas
266 3915 298 3977 et
313 3908 431 3976 fratres
448 3909 536 3994 ipsos
553 3909 722 3996 cybrioncs
739 3929 760 3974 a
777 3916 920 3994 tempore
936 3907 1128 3976 collacicnis
1148 3909 1234 3973 facte
1259 3926 1320 3990 per

191 4020 312 4085 dictam
331 4023 454 4102 patrem
473 4023 614 4083 nostram
633 4037 761 4102 scnrper
779 4016 915 4101 pacifice
932 4022 1155 4101 perceperunt,
1171 4021 1203 4082 ct
1220 4014 1319 4100 perci·

190 4129 291 4214 piant,
309 4146 349 4193 ac
366 4132 441 4192 sunt
458 4127 491 4191 in
509 4125 646 4212 pacifica
663 4128 868 4210 possessione
885 4125 1071 4192 corandcnr.
1112 4125 1179 4190 Nos
1212 4123 1320 4207 igitar,

191 4237 266 4320 qaia
283 4233 329 4301 sic
345 4232 464 4301 strirnus
482 4235 653 4300 certificati
680 4233 722 4300 dc
748 4234 883 4320 eisdem,
917 4234 1064 4300 volentos
1095 4233 1256 4300 nibbatcnr
1289 4239 1321 4298 et

191 4343 306 4412 fratres
323 4349 516 4410 memoratos
532 4341 637 4410 dictos
655 4343 824 4428 cybriones
842 4341 1026 4427 prediorum
1043 4361 1174 4408 suornm
1202 4341 1242 4407 de
1269 4360 1320 4405 ce-

189 4460 256 4520 tero
272 4451 442 4540 possidere
460 4451 594 4536 pacifice
610 4459 643 4517 et
659 4451 776 4535 quieto,
794 4471 854 4517 noc
870 4471 926 4536 per
942 4449 1084 4532 aliquem
1111 4469 1209 4532 super
1237 4449 1318 4533 ipsis

191 4560 383 4648 perturbari,
399 4559 608 4627 collacicncnr
635 4559 808 4628 eornrrdcrn
835 4561 1025 4646 cybrionnrn
1054 4578 1113 4644 por
1139 4558 1318 4642 predictum
