3078 5128
740 292 898 388 Q

255 487 364 572 Dellip
382 485 427 552 de
443 485 561 572 Mayad
578 487 755 570 circuisset,
773 488 806 553 iu
822 487 912 553 cuins
930 487 1103 572 presencia
1119 487 1190 573 ipse
1207 489 1244 554 Τ.
1258 509 1314 555 eos
1326 509 1383 573 pro

258 591 373 659 cadem
391 615 492 661 cansa
522 613 688 661 remanere
719 595 865 678 lecisset;
890 594 1022 661 tandem
1054 616 1130 661 vero
1162 595 1382 663 mediantibus

255 701 348 767 bonis
364 701 442 768 viris
460 701 783 788 etcomponcntibns,
802 701 953 768 videlicet
971 702 1127 786 Magistro
1143 703 1318 787 Demetrio,
1351 711 1384 768 et

256 809 396 875 omnium
414 809 607 875 villanorum
625 809 665 875 de
682 810 804 895 lluscy,
821 811 919 875 talem
937 810 1021 876 inter
1049 829 1105 876 eos
1132 828 1245 894 pacem
1279 811 1382 876 refor-

256 923 444 1001 manernnt;
470 916 556 999 qnod
572 917 632 1002 ipsi
650 917 772 983 Thome
789 925 908 982 terram
927 917 1057 983 nomine
1083 918 1176 982 Enud
1201 917 1382 984 aduersarii

255 1026 306 1092 sni
321 1025 460 1111 predicti
477 1025 637 1092 communi
656 1025 787 1092 consilio
805 1025 1012 1110 reliquissent
1028 1025 1063 1091 in
1080 1033 1268 1112 perpetuum
1279 1026 1382 1110 possi-

255 1135 406 1200 dendam.
433 1133 530 1200 Cuius
548 1133 655 1218 prima
673 1140 758 1198 meta
775 1133 888 1218 incipit
904 1133 947 1199 ab
963 1133 1088 1199 oriente
1114 1153 1214 1216 snper
1245 1135 1382 1219 Rabam,

257 1249 290 1309 et
305 1243 408 1308 tendit
423 1241 465 1307 ad
484 1241 685 1308 occidentem
702 1239 746 1306 ad
762 1241 888 1328 siluam,
906 1259 969 1324 que
985 1242 1126 1325 pertinet
1141 1242 1184 1306 ad
1200 1242 1307 1327 ipsum
1333 1243 1383 1322 T,

255 1353 290 1417 in
307 1351 397 1418 cuins
413 1351 476 1415 fine
491 1349 589 1414 habet
605 1355 725 1415 metam
741 1349 953 1435 assignatam,
970 1356 1003 1416 et
1019 1355 1131 1434 postea
1147 1347 1238 1416 cadit
1254 1351 1288 1415 in
1313 1352 1382 1434 pal-

213 1457 215 1464 ‘
256 1460 374 1547 ludem,
392 1479 454 1542 quc
470 1460 567 1542 vulgo
584 1457 700 1524 dicitnr
716 1458 933 1546 Piscarustou,
951 1477 1013 1542 qne
1029 1459 1128 1525 currit
1145 1459 1256 1524 anilla
1268 1459 1381 1541 Gelca,

256 1587 352 1652 quam
369 1565 567 1634 transeundo
584 1564 675 1632 uadit
692 1587 805 1650 parum
822 1586 919 1650 super
935 1567 1022 1633 uiam
1040 1568 1188 1654 Etteuen,
1205 1566 1248 1632 ad
1265 1566 1379 1633 uillam

255 1675 389 1741 fratrum
404 1673 629 1758 Jeuriensinm,
647 1695 708 1756 quc
726 1673 882 1740 Onsfolnd
901 1681 1041 1760 vocatur,
1075 1674 1118 1739 ad
1148 1681 1266 1741 metam
1300 1675 1380 1740 anti-

256 1801 363 1867 qnam,
382 1781 513 1847 tandem
531 1781 648 1848 iterato
663 1781 762 1866 Robe,
789 1782 874 1848 vnde
889 1781 996 1868 prima
1012 1789 1098 1848 meta
1115 1781 1184 1848 eius
1201 1783 1379 1869 inceperat,

255 1889 467 1956 continuatur.
492 1889 535 1954 Vt
551 1897 659 1956 autem
676 1890 736 1956 hoc
752 1891 991 1976 inperpetuum
1007 1889 1104 1956 robur
1120 1888 1282 1956 firmitatis
1298 1891 1380 1956 obti-

256 2005 342 2084 neat,
361 1997 393 2064 in
412 2005 596 2086 presentem
613 2005 735 2064 cartam
762 1997 863 2082 sigilii
898 1995 1040 2082 Capituli
1071 1996 1172 2062 nostri
1204 1996 1380 2064 munimine

254 2108 449 2187 roboratam,
467 2107 636 2190 pecierunt
651 2107 812 2172 annotari.
838 2109 931 2172 Anno
948 2103 1079 2170 Domini
1095 2103 1380 2172 M⁰CC⁰XXX⁰II⁰

599 2214 628 2278 A
736 2215 763 2278 B
872 2211 896 2277 O
1004 2213 1033 2277 D

255 2415 397 2478 (Eretletie
415 2413 600 2476 borhtrtytn,
621 2413 739 2475 melyro'l
759 2426 791 2462 az
811 2413 917 2476 egylror
936 2411 1138 2476 hartyazsigen
1158 2412 1276 2476 ruggctt
1288 2413 1380 2476 penset

452 2505 599 2566 elveszett;
632 2519 648 2552 a
666 2503 750 2552 burlai
770 2502 822 2552 kir.
843 2501 971 2552 kamarai
990 2501 1184 2564 leveltarban.)

782 3323 855 3392 175.

415 3529 552 3612 Ropuzu
569 3527 665 3590 curos
681 3525 883 3611 eppczlecoltse
909 3521 1109 3588 Veteacztvct.
1129 3524 1225 3588 1232.

357 3727 396 3790 ln
428 3723 557 3788 nomine
588 3721 708 3787 domini
740 3721 840 3786 nostri
873 3703 952 3787 lesu
984 3719 1113 3806 Christi,
1147 3717 1375 3785 AmemAmo

250 3831 382 3898 Domini
416 3830 589 3896 millesimo
623 3827 842 3894 ducentesimo
874 3828 1040 3910 trigesimo
1071 3827 1225 3908 secundo,
1270 3842 1380 3892 mense

250 3939 361 4026 Madii,
395 3941 506 4023 quinte
532 3936 716 4003 indicionis.
750 3934 829 4002 Cum
845 3935 1134 4002 BinzolaBobatie
1154 3941 1184 4000 ct
1205 3935 1381 4001 Gcrvasins

251 4047 412 4114 Naimerii
428 4047 488 4112 viri
507 4046 641 4129 nobiles,
660 4045 764 4109 nuntii
783 4052 814 4109 ct
832 4033 1057 4128 procuratores
1073 4043 1225 4110 Civitatis
1243 4041 1377 4126 Rugusii

252 4157 295 4222 ad
314 4155 511 4242 presentiam
529 4151 739 4217 illustrissimi
755 4151 876 4216 domini
892 4151 911 4216 J
916 4153 1008 4217 :reoli
1025 4149 1174 4234 Teupuli,
1193 4149 1252 4216 Dei
1272 4148 1380 4232 gratia

255 4263 478 4346 veneciarum,
498 4261 661 4327 Dalmatio
693 4269 790 4344 atquc
808 4255 964 4325 Olmoacio
995 4259 1106 4342 Ducis,
1124 4258 1247 4335 erarte
1272 4257 1379 4321 Partis

250 4379 281 4436 et
300 4369 442 4434 Dimirlic
461 4369 557 4433 totins
575 4367 702 4451 imperii
721 4365 876 4431 Romanis
905 4365 1134 4450 Dominatoris,
1163 4365 1376 4430 successissent

198 4559 202 4564 ι
252 4477 383 4544 nomine
399 4485 431 4542 ct
448 4476 517 4540 ricc
529 4476 670 4541 ciusdem
684 4475 832 4542 Ciuitatis
843 4473 988 4556 Ragnsii,
1007 4481 1152 4558 petentes
1164 4469 1378 4552 concordiam,

253 4591 425 4674 praetentet
442 4583 739 4648 rceonciliationem
751 4580 880 4647 domino
892 4583 972 4647 Duri
986 4589 1017 4646 et
1034 4582 1202 4647 Communi
1221 4577 1378 4646 Veneoia-
