3208 5158
809 863 886 935 405.

283 1073 344 1144 IV.
362 1070 444 1142 atta
460 1067 569 1154 birdiy
584 1069 769 1154 areperdattc'
784 1066 875 1148 Mops
891 1077 1011 1152 cruenter,
1041 1067 1189 1158 sooroppi
1221 1069 1252 1138 ds
1284 1069 1418 1137 caroccii

545 1175 755 1266 fdiupdnuad·
770 1175 1008 1262 ve'prcadeletc't.
1036 1179 1134 1245 1267.

388 1377 468 1447 Bela
479 1376 540 1444 Dei
552 1373 664 1459 gracia
676 1371 852 1458 Hungarie,
865 1369 1047 1459 Daimaoie,
1059 1374 1207 1461 Oroaeie,
1218 1374 1332 1460 Reme,
1346 1377 1419 1444 Scr-

286 1480 1417 1575 uie,Gallieie‚LodomerieCarmaniequeRexomnibuspresenteslit-

279 1605 365 1666 teras
377 1591 576 1682 inspecturis
588 1593 726 1659 salutem
738 1591 771 1655 in
783 1589 924 1658 omnium
935 1589 1111 1656 saturatorc.
1127 1591 1180 1656 Ad
1191 1593 1417 1662 uniuersorum

278 1704 430 1772 noticiam
447 1703 601 1769 volumus
618 1697 796 1785 peruenire,
814 1697 900 1780 quod
917 1697 1074 1781 Magister
1090 1698 1172 1765 Mois
1184 1699 1301 1768 Comes
1312 1701 1417 1786 Syrni-

282 1813 411 1898 giensis
428 1816 460 1877 et
477 1806 518 1876 de
534 1805 727 1874 Worosdino
744 1805 883 1871 dilectus
901 1811 934 1871 ct
960 1803 1065 1872 tidelis
1097 1813 1206 1873 noster
1239 1808 1274 1872 in
1305 1815 1418 1876 nostra

281 1917 462 2006 presencia
479 1915 692 2003 personaliter
709 1913 901 1981 constitutus
918 1911 1108 1979 Alexandro
1141 1915 1206 1980 titio
1237 1915 1417 1984 Alexandri

283 2030 457 2096 tratresuo
483 2029 631 2110 presente
663 2030 695 2089 et
726 2023 938 2108 permittente
969 2020 1070 2087 talem
1102 2020 1348 2089 ordinacionem
1380 2033 1414 2092 et

280 2134 532 2222 disposicionem
549 2131 590 2198 de
606 2130 863 2217 possessionibus
880 2127 947 2195 suis
964 2126 1005 2193 de
1022 2133 1133 2194 nostra
1150 2131 1365 2214 permissione
1381 2141 1414 2199 et

282 2243 486 2330 beneplacito
503 2241 644 2308 asseruit
660 2259 696 2307 se
712 2239 830 2305 fecisse
847 2257 856 2306 t
874 2235 969 2314 Quod
983 2235 1018 2300 in
1036 2234 1412 2324 Comitatu'Symigiensi

281 2349 408 2418 domine
425 2350 515 2416 vxori
533 2367 590 2415 sue
607 2355 638 2414 ct
654 2345 722 2412 suis
738 2345 867 2412 filiabus
884 2342 975 2410 dedit
991 2351 1023 2409 et
1039 2344 1169 2426 reliquit
1185 2349 1413 2430 possessiones

281 2479 359 2528 suas
376 2457 448 2542 Igol
465 2463 497 2522 et
513 2455 596 2521 ciues
613 2454 711 2520 uillas
728 2452 869 2537 Posonij‚
902 2449 979 2517 item
996 2450 1129 2519 Burhud
1145 2459 1178 2518 et
1193 2453 1291 2519 Valar
1316 2475 1411 2522 roca·

281 2575 348 2652 tas3
373 2566 451 2631 item
467 2562 502 2628 in
530 2562 704 2629 Derekobc
735 2562 924 2648 porcionem
957 2559 1065 2644 ipsum
1095 2559 1286 2644 Magistrum
1321 2562 1417 2650 Moys

286 2673 547 2758 contingentem
572 2671 650 2738 item
677 2669 718 2737 de
744 2671 830 2738 vltra
860 2670 1018 2735 Drawam
1049 2669 1290 2754 possessionem
1324 2691 1419 2738 suam

284 2779 415 2858 Moecha
431 2787 648 2866 nuncupatam
666 2799 738 2845 eum
755 2777 906 2845 omnibns
923 2775 1132 2862 pertinencijs
1147 2780 1216 2846 suis
1243 2791 1276 2846 et
1301 2783 1417 2866 empti-

272 2889 355 2977 .cijs,
372 2894 404 2958 et
421 2909 494 2957 cum
510 2886 622 2972 Sudyn
638 2893 670 2954 et
686 2887 836 2971 Musyna,
854 2891 886 2950 et
911 2885 1045 2970 Bokoa3
1069 2885 1146 2954 item
1173 2887 1418 2973 possessionem

282 3021 376 3068 suam
393 2995 533 3066 Izdcncir
550 3003 699 3064 vocatam
717 2995 866 3062 similiter
882 3013 954 3062 curn
971 2995 1119 3086 omnibns
1136 2995 1350 3082 pertineneijs
1384 3007 1418 3066 et

280 3106 444 3194 emptioijs
462 3105 530 3173 suis
546 3111 701 3190 perpetuo
718 3109 751 3170 ct
768 3100 904 3189 pacifice
921 3101 1156 3188 possidendas;
1181 3105 1228 3170 ita
1244 3111 1370 3195 tamen,
1386 3108 1417 3175 si

268 3214 368 3290 idem
384 3215 543 3300 Magister
561 3213 643 3282 Mois
659 3210 832 3280 decederet
858 3209 977 3278 herede
1003 3214 1149 3280 masculo
1181 3234 1247 3280 non
1278 3214 1414 3300 reiict03

285 3323 368 3392 sient
384 3323 472 3389 idern
489 3321 644 3405 Magister
655 3319 842 3387 Alexander
855 3339 962 3386 coram
974 3321 1067 3388 nobis
1078 3340 1287 3407 comparens;
1303 3331 1419 3409 petens

285 3455 306 3500 a
322 3433 426 3517 nobis,
442 3438 478 3498 vt
493 3427 678 3497 huiusmodi
696 3428 898 3497 ordinacioni
916 3436 949 3494 et
965 3429 1175 3513 disposicioni
1190 3429 1293 3514 ipsius
1305 3449 1417 3499 assen-

284 3559 357 3606 sum
373 3539 509 3625 Regium
527 3538 747 3624 preberemus.
771 3536 838 3608 Nos
854 3535 965 3620 itaque
983 3537 1143 3622 prefatam
1170 3537 1419 3607 ordinacionem

284 3645 426 3714 eiusdem
445 3645 591 3732 Magistri
607 3645 690 3712 Mois
706 3651 813 3711 ratam
829 3644 985 3712 habentes
1003 3651 1036 3711 et
1052 3653 1233 3732 acceptam,
1249 3647 1293 3712 ad
1314 3645 1420 3733 ipsius

285 3753 482 3822 instanciam
510 3755 706 3823 auctoritate
738 3755 944 3838 presencium
976 3753 1127 3820 duximus
1153 3753 1420 3839 confirmandam,

283 3861 449 3950 dupplicis
467 3861 570 3946 sigilli
588 3861 688 3927 nostri
706 3860 882 3928 munimine
898 3860 1091 3928 roborando.
1125 3862 1250 3932 Datum
1268 3882 1325 3948 per
1353 3883 1419 3930 ma-

285 3989 346 4037 nus
363 3969 513 4056 Magistri
530 3969 676 4054 Farcasij
710 3969 872 4054 Prepesiti
903 3969 1053 4036 Albensis
1086 3971 1159 4035 aule
1192 3975 1303 4038 nostre
1329 3969 1420 4037 Vice-

284 4075 478 4162 Oanoeilarij
498 4075 610 4144 dilecti
626 4084 658 4144 et
674 4075 779 4144 tidelis
795 4077 907 4164 nostri,
924 4097 1011 4143 anno
1028 4077 1159 4145 Domini
1179 4078 1301 4146 M⁰CO⁰
1325 4099 1421 4147 sexa-

283 4187 408 4274 gesimo
426 4187 576 4276 septimo,
593 4187 700 4273 Regni
718 4192 827 4254 autem
843 4186 945 4253 nostri
962 4187 1125 4255 tricesimo
1141 4186 1293 4255 secundo.

285 4387 343 4444 (tv.
365 4387 464 4439 Iraszld
485 4387 635 4454 kimilynak
658 4387 769 4438 rara-ki
804 4385 974 4451 megerb'sitd
995 4387 1262 4456 privilegiumahol,
1297 4387 1421 4442 abudai

643 4477 697 4530 kir.
716 4477 843 4528 kamarai
862 4477 1059 4542 leveltrirbcn.)

717 4638 984 4654 .,-..,..-...,.-...
