<?xml version="1.0" encoding="UTF-8"?>
<!DOCTYPE html PUBLIC "-//W3C//DTD XHTML 1.0 Transitional//EN"
    "http://www.w3.org/TR/xhtml1/DTD/xhtml1-transitional.dtd">
<html xmlns="http://www.w3.org/1999/xhtml" xml:lang="en" lang="en">
 <head>
  <title>
</title>
<meta http-equiv="Content-Type" content="text/html;charset=utf-8" />
  <meta name='ocr-system' content='tesseract 3.04.00' />
  <meta name='ocr-capabilities' content='ocr_page ocr_carea ocr_par ocr_line ocrx_word'/>
</head>
<body>
  <div class='ocr_page' id='page_1' title='image "./codexdiplomatic10wenzgoog_0485.png"; bbox 0 0 3150 5162; ppageno 0'>
   <div class='ocr_carea' id='block_1_1' title="bbox 727 319 887 424">
    <p class='ocr_par' dir='ltr' id='par_1_1' title="bbox 727 319 887 424">
     <span class='ocr_line' id='line_1_1' title="bbox 727 319 887 424; baseline 0 -40"><span class='ocrx_word' id='word_1_1' title='bbox 727 319 887 424; x_wconf 49' lang='lat' dir='ltr'><strong>..ffl-</strong></span> 
     </span>
    </p>
   </div>
   <div class='ocr_carea' id='block_1_2' title="bbox 770 963 847 1059">
    <p class='ocr_par' dir='ltr' id='par_1_2' title="bbox 770 963 847 1059">
     <span class='ocr_line' id='line_1_2' title="bbox 770 963 847 1059; baseline 0 -1"><span class='ocrx_word' id='word_1_2' title='bbox 770 963 847 1059; x_wconf 86' lang='lat' dir='ltr'><strong>&#39;arc</strong></span> 
     </span>
    </p>
   </div>
   <div class='ocr_carea' id='block_1_3' title="bbox 245 1185 1387 1382">
    <p class='ocr_par' dir='ltr' id='par_1_3' title="bbox 245 1185 1387 1382">
     <span class='ocr_line' id='line_1_3' title="bbox 245 1185 1387 1275; baseline 0.004 -21"><span class='ocrx_word' id='word_1_3' title='bbox 245 1188 309 1258; x_wconf 83' lang='lat' dir='ltr'><strong>IV.</strong></span> <span class='ocrx_word' id='word_1_4' title='bbox 334 1189 418 1257; x_wconf 85' lang='lat' dir='ltr'><strong>Be&#39;la</strong></span> <span class='ocrx_word' id='word_1_5' title='bbox 440 1187 548 1275; x_wconf 75' lang='lat' dir='ltr'><strong>tircty</strong></span> <span class='ocrx_word' id='word_1_6' title='bbox 563 1185 741 1255; x_wconf 66' lang='lat' dir='ltr'><strong>ecclesiasta</strong></span> <span class='ocrx_word' id='word_1_7' title='bbox 767 1186 905 1255; x_wconf 78' lang='lat' dir='ltr'><strong>Konrdd</strong></span> <span class='ocrx_word' id='word_1_8' title='bbox 929 1191 1089 1258; x_wconf 75' lang='lat' dir='ltr'><strong>comeonsis</strong></span> <span class='ocrx_word' id='word_1_9' title='bbox 1118 1193 1251 1258; x_wconf 68' lang='lat' dir='ltr'><strong>obversi</strong></span> <span class='ocrx_word' id='word_1_10' title='bbox 1283 1192 1387 1259; x_wconf 76' lang='lat' dir='ltr'><strong>sileni</strong></span> 
     </span>
     <span class='ocr_line' id='line_1_4' title="bbox 622 1295 994 1382; baseline 0.003 -19"><span class='ocrx_word' id='word_1_11' title='bbox 622 1295 870 1382; x_wconf 74' lang='lat' dir='ltr'><strong>birtoicperc&#39;bea.</strong></span> <span class='ocrx_word' id='word_1_12' title='bbox 895 1297 994 1364; x_wconf 88' lang='grc'><em>1258.</em></span> 
     </span>
    </p>
   </div>
   <div class='ocr_carea' id='block_1_4' title="bbox 236 1490 1388 4155">
    <p class='ocr_par' dir='ltr' id='par_1_4' title="bbox 236 1490 1388 4155">
     <span class='ocr_line' id='line_1_5' title="bbox 353 1490 1385 1576; baseline 0.002 -16"><span class='ocrx_word' id='word_1_13' title='bbox 353 1493 421 1560; x_wconf 87' lang='lat' dir='ltr'><strong>Nos</strong></span> <span class='ocrx_word' id='word_1_14' title='bbox 438 1493 476 1559; x_wconf 90' lang='lat' dir='ltr'><strong>B.</strong></span> <span class='ocrx_word' id='word_1_15' title='bbox 493 1491 554 1558; x_wconf 85' lang='lat' dir='ltr'><strong>Dei</strong></span> <span class='ocrx_word' id='word_1_16' title='bbox 571 1490 681 1576; x_wconf 84' lang='lat' dir='ltr'><strong>gracia</strong></span> <span class='ocrx_word' id='word_1_17' title='bbox 698 1492 766 1560; x_wconf 91' lang='lat' dir='ltr'><strong>Rex</strong></span> <span class='ocrx_word' id='word_1_18' title='bbox 781 1491 925 1576; x_wconf 83' lang='lat' dir='ltr'><strong>Vngarie</strong></span> <span class='ocrx_word' id='word_1_19' title='bbox 955 1493 1112 1561; x_wconf 82' lang='lat' dir='ltr'><strong>memorie</strong></span> <span class='ocrx_word' id='word_1_20' title='bbox 1144 1495 1385 1562; x_wconf 88' lang='lat' dir='ltr'><strong>commendan-</strong></span> 
     </span>
     <span class='ocr_line' id='line_1_6' title="bbox 250 1585 1388 1690; baseline 0.004 -24"><span class='ocrx_word' id='word_1_21' title='bbox 250 1607 299 1668; x_wconf 89' lang='lat' dir='ltr'><strong>tes</strong></span> <span class='ocrx_word' id='word_1_22' title='bbox 315 1601 546 1687; x_wconf 82' lang='lat' dir='ltr'><strong>significamus,</strong></span> <span class='ocrx_word' id='word_1_23' title='bbox 562 1599 647 1684; x_wconf 90' lang='lat' dir='ltr'><strong>quod</strong></span> <span class='ocrx_word' id='word_1_24' title='bbox 664 1620 735 1666; x_wconf 90' lang='lat' dir='ltr'><strong>oum</strong></span> <span class='ocrx_word' id='word_1_25' title='bbox 752 1599 931 1668; x_wconf 80' lang='lat' dir='ltr'><strong>Corrardus</strong></span> <span class='ocrx_word' id='word_1_26' title='bbox 959 1598 1075 1670; x_wconf 77' lang='lat' dir='ltr'><strong>Comes</strong></span> <span class='ocrx_word' id='word_1_27' title='bbox 1100 1601 1186 1670; x_wconf 89' lang='lat' dir='ltr'><strong>filius</strong></span> <span class='ocrx_word' id='word_1_28' title='bbox 1217 1585 1388 1690; x_wconf 77' lang='lat' dir='ltr'><strong>Stephani</strong></span> 
     </span>
     <span class='ocr_line' id='line_1_7' title="bbox 247 1707 1384 1792; baseline 0.002 -18"><span class='ocrx_word' id='word_1_29' title='bbox 247 1707 380 1774; x_wconf 80' lang='lat' dir='ltr'><strong>Comitis</strong></span> <span class='ocrx_word' id='word_1_30' title='bbox 397 1727 524 1775; x_wconf 87' lang='lat' dir='ltr'><strong>sorores</strong></span> <span class='ocrx_word' id='word_1_31' title='bbox 541 1728 618 1774; x_wconf 88' lang='lat' dir='ltr'><strong>suas</strong></span> <span class='ocrx_word' id='word_1_32' title='bbox 644 1708 729 1773; x_wconf 86' lang='lat' dir='ltr'><strong>filias</strong></span> <span class='ocrx_word' id='word_1_33' title='bbox 759 1707 852 1792; x_wconf 90' lang='lat' dir='ltr'><strong>Potb,</strong></span> <span class='ocrx_word' id='word_1_34' title='bbox 884 1715 1063 1775; x_wconf 83' lang='lat' dir='ltr'><strong>consortem</strong></span> <span class='ocrx_word' id='word_1_35' title='bbox 1096 1707 1248 1776; x_wconf 87' lang='lat' dir='ltr'><strong>videlicet</strong></span> <span class='ocrx_word' id='word_1_36' title='bbox 1276 1711 1384 1777; x_wconf 90' lang='lat' dir='ltr'><strong>Pauli</strong></span> 
     </span>
     <span class='ocr_line' id='line_1_8' title="bbox 247 1803 1386 1900; baseline 0.004 -20"><span class='ocrx_word' id='word_1_37' title='bbox 247 1815 381 1882; x_wconf 84' lang='lat' dir='ltr'><strong>Comitis</strong></span> <span class='ocrx_word' id='word_1_38' title='bbox 398 1815 456 1900; x_wconf 87' lang='lat' dir='ltr'><strong>fiiij</strong></span> <span class='ocrx_word' id='word_1_39' title='bbox 474 1814 575 1900; x_wconf 75' lang='lat' dir='ltr'><strong>such,</strong></span> <span class='ocrx_word' id='word_1_40' title='bbox 608 1821 640 1880; x_wconf 86' lang='lat' dir='ltr'><strong>et</strong></span> <span class='ocrx_word' id='word_1_41' title='bbox 657 1818 839 1882; x_wconf 73' lang='lat' dir='ltr'><strong>consortem</strong></span> <span class='ocrx_word' id='word_1_42' title='bbox 857 1813 1016 1900; x_wconf 84' lang='lat' dir='ltr'><strong>Stephani</strong></span> <span class='ocrx_word' id='word_1_43' title='bbox 1032 1815 1116 1881; x_wconf 90' lang='lat' dir='ltr'><strong>Baui</strong></span> <span class='ocrx_word' id='word_1_44' title='bbox 1133 1817 1189 1900; x_wconf 89' lang='lat' dir='ltr'><strong>filij</strong></span> <span class='ocrx_word' id='word_1_45' title='bbox 1208 1803 1386 1884; x_wconf 79' lang='lat' dir='ltr'><strong>ohak&#39;co·</strong></span> 
     </span>
     <span class='ocr_line' id='line_1_9' title="bbox 246 1920 1383 2008; baseline 0.004 -21"><span class='ocrx_word' id='word_1_46' title='bbox 246 1921 345 2008; x_wconf 89' lang='lat' dir='ltr'><strong>mitis,</strong></span> <span class='ocrx_word' id='word_1_47' title='bbox 359 1943 467 1990; x_wconf 85' lang='lat' dir='ltr'><strong>coram</strong></span> <span class='ocrx_word' id='word_1_48' title='bbox 483 1920 576 1989; x_wconf 93' lang='lat' dir='ltr'><strong>nobis</strong></span> <span class='ocrx_word' id='word_1_49' title='bbox 594 1921 801 1988; x_wconf 90' lang='lat' dir='ltr'><strong>conuenisset</strong></span> <span class='ocrx_word' id='word_1_50' title='bbox 816 1920 1011 2005; x_wconf 85' lang='lat' dir='ltr'><strong>requirendo</strong></span> <span class='ocrx_word' id='word_1_51' title='bbox 1028 1923 1070 1988; x_wconf 90' lang='lat' dir='ltr'><strong>ab</strong></span> <span class='ocrx_word' id='word_1_52' title='bbox 1082 1923 1205 1990; x_wconf 87' lang='lat' dir='ltr'><strong>eisdem</strong></span> <span class='ocrx_word' id='word_1_53' title='bbox 1216 1923 1383 2007; x_wconf 86' lang='lat' dir='ltr'><strong>quasdam</strong></span> 
     </span>
     <span class='ocr_line' id='line_1_10' title="bbox 247 2027 1384 2114; baseline 0.004 -20"><span class='ocrx_word' id='word_1_54' title='bbox 247 2029 472 2114; x_wconf 87' lang='lat' dir='ltr'><strong>possessiones</strong></span> <span class='ocrx_word' id='word_1_55' title='bbox 490 2027 611 2096; x_wconf 86' lang='lat' dir='ltr'><strong>llsowa</strong></span> <span class='ocrx_word' id='word_1_56' title='bbox 627 2035 659 2094; x_wconf 90' lang='lat' dir='ltr'><strong>et</strong></span> <span class='ocrx_word' id='word_1_57' title='bbox 672 2027 829 2096; x_wconf 87' lang='lat' dir='ltr'><strong>Robocha</strong></span> <span class='ocrx_word' id='word_1_58' title='bbox 845 2033 980 2095; x_wconf 90' lang='lat' dir='ltr'><strong>uocates</strong></span> <span class='ocrx_word' id='word_1_59' title='bbox 997 2031 1129 2096; x_wconf 90' lang='lat' dir='ltr'><strong>nomine</strong></span> <span class='ocrx_word' id='word_1_60' title='bbox 1145 2036 1231 2098; x_wconf 84' lang='lat' dir='ltr'><strong>terre</strong></span> <span class='ocrx_word' id='word_1_61' title='bbox 1248 2051 1305 2098; x_wconf 90' lang='lat' dir='ltr'><strong>sue</strong></span> <span class='ocrx_word' id='word_1_62' title='bbox 1322 2033 1384 2098; x_wconf 85' lang='lat' dir='ltr'><strong>be·</strong></span> 
     </span>
     <span class='ocr_line' id='line_1_11' title="bbox 246 2133 1383 2226; baseline 0.002 -23"><span class='ocrx_word' id='word_1_63' title='bbox 246 2135 418 2224; x_wconf 88' lang='lat' dir='ltr'><strong>r·editarie;</strong></span> <span class='ocrx_word' id='word_1_64' title='bbox 441 2139 515 2204; x_wconf 85' lang='lat' dir='ltr'><strong>Aba</strong></span> <span class='ocrx_word' id='word_1_65' title='bbox 531 2136 616 2204; x_wconf 87' lang='lat' dir='ltr'><strong>filius</strong></span> <span class='ocrx_word' id='word_1_66' title='bbox 632 2135 783 2222; x_wconf 85' lang='lat' dir='ltr'><strong>Nicoiay,</strong></span> <span class='ocrx_word' id='word_1_67' title='bbox 800 2141 833 2202; x_wconf 88' lang='lat' dir='ltr'><strong>et</strong></span> <span class='ocrx_word' id='word_1_68' title='bbox 847 2133 988 2202; x_wconf 87' lang='lat' dir='ltr'><strong>Mathias</strong></span> <span class='ocrx_word' id='word_1_69' title='bbox 1003 2135 1090 2202; x_wconf 89' lang='lat' dir='ltr'><strong>filius</strong></span> <span class='ocrx_word' id='word_1_70' title='bbox 1121 2135 1271 2226; x_wconf 86' lang='lat' dir='ltr'><strong>Achillei,</strong></span> <span class='ocrx_word' id='word_1_71' title='bbox 1303 2157 1383 2223; x_wconf 88' lang='lat' dir='ltr'><strong>pro·</strong></span> 
     </span>
     <span class='ocr_line' id='line_1_12' title="bbox 247 2239 1381 2330; baseline 0.001 -19"><span class='ocrx_word' id='word_1_72' title='bbox 247 2249 411 2312; x_wconf 87' lang='lat' dir='ltr'><strong>curatores</strong></span> <span class='ocrx_word' id='word_1_73' title='bbox 428 2245 557 2312; x_wconf 88' lang='lat' dir='ltr'><strong>domiue</strong></span> <span class='ocrx_word' id='word_1_74' title='bbox 572 2245 731 2310; x_wconf 86' lang='lat' dir='ltr'><strong>consortis</strong></span> <span class='ocrx_word' id='word_1_75' title='bbox 750 2241 840 2309; x_wconf 85' lang='lat' dir='ltr'><strong>Pauli</strong></span> <span class='ocrx_word' id='word_1_76' title='bbox 857 2239 1001 2330; x_wconf 83' lang='lat' dir='ltr'><strong>Comitis,</strong></span> <span class='ocrx_word' id='word_1_77' title='bbox 1017 2249 1049 2308; x_wconf 90' lang='lat' dir='ltr'><strong>et</strong></span> <span class='ocrx_word' id='word_1_78' title='bbox 1065 2241 1252 2330; x_wconf 84' lang='lat' dir='ltr'><strong>Stephanus</strong></span> <span class='ocrx_word' id='word_1_79' title='bbox 1266 2245 1381 2314; x_wconf 86' lang='lat' dir='ltr'><strong>Barrus</strong></span> 
     </span>
     <span class='ocr_line' id='line_1_13' title="bbox 249 2350 1381 2438; baseline 0 -20"><span class='ocrx_word' id='word_1_80' title='bbox 249 2351 330 2420; x_wconf 89' lang='lat' dir='ltr'><strong>filius</strong></span> <span class='ocrx_word' id='word_1_81' title='bbox 348 2351 441 2420; x_wconf 82' lang='lat' dir='ltr'><strong>cbak</strong></span> <span class='ocrx_word' id='word_1_82' title='bbox 458 2351 592 2420; x_wconf 80' lang='lat' dir='ltr'><strong>Comitis</strong></span> <span class='ocrx_word' id='word_1_83' title='bbox 608 2371 667 2438; x_wconf 88' lang='lat' dir='ltr'><strong>pro</strong></span> <span class='ocrx_word' id='word_1_84' title='bbox 684 2350 816 2419; x_wconf 92' lang='lat' dir='ltr'><strong>domina</strong></span> <span class='ocrx_word' id='word_1_85' title='bbox 832 2357 981 2418; x_wconf 86' lang='lat' dir='ltr'><strong>consorte</strong></span> <span class='ocrx_word' id='word_1_86' title='bbox 996 2369 1057 2418; x_wconf 89' lang='lat' dir='ltr'><strong>sua</strong></span> <span class='ocrx_word' id='word_1_87' title='bbox 1083 2371 1124 2418; x_wconf 86' lang='lat' dir='ltr'><strong>cx</strong></span> <span class='ocrx_word' id='word_1_88' title='bbox 1155 2351 1293 2421; x_wconf 88' lang='lat' dir='ltr'><strong>aduerso</strong></span> <span class='ocrx_word' id='word_1_89' title='bbox 1325 2373 1381 2418; x_wconf 88' lang='lat' dir='ltr'><strong>re-</strong></span> 
     </span>
     <span class='ocr_line' id='line_1_14' title="bbox 252 2455 1383 2546; baseline 0.001 -21"><span class='ocrx_word' id='word_1_90' title='bbox 252 2458 464 2546; x_wconf 89' lang='lat' dir='ltr'><strong>sponderunt,</strong></span> <span class='ocrx_word' id='word_1_91' title='bbox 496 2459 602 2528; x_wconf 87' lang='lat' dir='ltr'><strong>dictas</strong></span> <span class='ocrx_word' id='word_1_92' title='bbox 619 2459 841 2546; x_wconf 88' lang='lat' dir='ltr'><strong>possessiones</strong></span> <span class='ocrx_word' id='word_1_93' title='bbox 859 2459 893 2524; x_wconf 89' lang='lat' dir='ltr'><strong>in</strong></span> <span class='ocrx_word' id='word_1_94' title='bbox 909 2463 1058 2542; x_wconf 82' lang='lat' dir='ltr'><strong>quartam</strong></span> <span class='ocrx_word' id='word_1_95' title='bbox 1077 2455 1200 2525; x_wconf 88' lang='lat' dir='ltr'><strong>eisdem</strong></span> <span class='ocrx_word' id='word_1_96' title='bbox 1233 2458 1383 2526; x_wconf 88' lang='lat' dir='ltr'><strong>domina-</strong></span> 
     </span>
     <span class='ocr_line' id='line_1_15' title="bbox 249 2565 1382 2653; baseline 0.004 -23"><span class='ocrx_word' id='word_1_97' title='bbox 249 2566 311 2632; x_wconf 92' lang='lat' dir='ltr'><strong>bus</strong></span> <span class='ocrx_word' id='word_1_98' title='bbox 327 2566 421 2631; x_wconf 87' lang='lat' dir='ltr'><strong>datas</strong></span> <span class='ocrx_word' id='word_1_99' title='bbox 437 2565 551 2653; x_wconf 87' lang='lat' dir='ltr'><strong>fuisso,</strong></span> <span class='ocrx_word' id='word_1_100' title='bbox 583 2573 616 2632; x_wconf 86' lang='lat' dir='ltr'><strong>et</strong></span> <span class='ocrx_word' id='word_1_101' title='bbox 633 2565 764 2634; x_wconf 86' lang='lat' dir='ltr'><strong>casdem</strong></span> <span class='ocrx_word' id='word_1_102' title='bbox 780 2565 914 2649; x_wconf 84' lang='lat' dir='ltr'><strong>triginta</strong></span> <span class='ocrx_word' id='word_1_103' title='bbox 929 2584 1088 2631; x_wconf 88' lang='lat' dir='ltr'><strong>annorum</strong></span> <span class='ocrx_word' id='word_1_104' title='bbox 1105 2565 1215 2651; x_wconf 88' lang='lat' dir='ltr'><strong>spacio</strong></span> <span class='ocrx_word' id='word_1_105' title='bbox 1231 2568 1382 2635; x_wconf 84' lang='lat' dir='ltr'><strong>tenuisse</strong></span> 
     </span>
     <span class='ocr_line' id='line_1_16' title="bbox 250 2669 1380 2759; baseline 0.005 -22"><span class='ocrx_word' id='word_1_106' title='bbox 250 2669 384 2759; x_wconf 86' lang='lat' dir='ltr'><strong>pacifice</strong></span> <span class='ocrx_word' id='word_1_107' title='bbox 400 2679 432 2740; x_wconf 89' lang='lat' dir='ltr'><strong>et</strong></span> <span class='ocrx_word' id='word_1_108' title='bbox 447 2673 565 2757; x_wconf 87' lang='lat' dir='ltr'><strong>quiete.</strong></span> <span class='ocrx_word' id='word_1_109' title='bbox 591 2673 659 2741; x_wconf 87' lang='lat' dir='ltr'><strong>Nos</strong></span> <span class='ocrx_word' id='word_1_110' title='bbox 684 2673 792 2759; x_wconf 83' lang='lat' dir='ltr'><strong>igitur,</strong></span> <span class='ocrx_word' id='word_1_111' title='bbox 826 2673 903 2756; x_wconf 89' lang='lat' dir='ltr'><strong>quia</strong></span> <span class='ocrx_word' id='word_1_112' title='bbox 929 2671 1017 2738; x_wconf 91' lang='lat' dir='ltr'><strong>idem</strong></span> <span class='ocrx_word' id='word_1_113' title='bbox 1048 2671 1228 2741; x_wconf 81' lang='lat' dir='ltr'><strong>Oorrardus</strong></span> <span class='ocrx_word' id='word_1_114' title='bbox 1260 2675 1380 2743; x_wconf 81' lang='lat' dir='ltr'><strong>Comes</strong></span> 
     </span>
     <span class='ocr_line' id='line_1_17' title="bbox 251 2779 1380 2867; baseline 0.004 -21"><span class='ocrx_word' id='word_1_115' title='bbox 251 2779 421 2856; x_wconf 79' lang='lat' dir='ltr'><strong>coufessus</strong></span> <span class='ocrx_word' id='word_1_116' title='bbox 438 2787 488 2847; x_wconf 91' lang='lat' dir='ltr'><strong>cst</strong></span> <span class='ocrx_word' id='word_1_117' title='bbox 504 2779 537 2846; x_wconf 94' lang='lat' dir='ltr'><strong>iu</strong></span> <span class='ocrx_word' id='word_1_118' title='bbox 555 2785 658 2864; x_wconf 85' lang='lat' dir='ltr'><strong>figura</strong></span> <span class='ocrx_word' id='word_1_119' title='bbox 669 2781 784 2866; x_wconf 86' lang='lat' dir='ltr'><strong>judicij</strong></span> <span class='ocrx_word' id='word_1_120' title='bbox 813 2799 920 2846; x_wconf 86' lang='lat' dir='ltr'><strong>coram</strong></span> <span class='ocrx_word' id='word_1_121' title='bbox 952 2779 1057 2867; x_wconf 78' lang='lat' dir='ltr'><strong>nobis,</strong></span> <span class='ocrx_word' id='word_1_122' title='bbox 1089 2781 1195 2849; x_wconf 84' lang='lat' dir='ltr'><strong>dictas</strong></span> <span class='ocrx_word' id='word_1_123' title='bbox 1227 2780 1380 2850; x_wconf 88' lang='lat' dir='ltr'><strong>dominas</strong></span> 
     </span>
     <span class='ocr_line' id='line_1_18' title="bbox 252 2886 1380 2976; baseline 0 -22"><span class='ocrx_word' id='word_1_124' title='bbox 252 2886 396 2973; x_wconf 87' lang='lat' dir='ltr'><strong>prefatas</strong></span> <span class='ocrx_word' id='word_1_125' title='bbox 412 2889 637 2973; x_wconf 87' lang='lat' dir='ltr'><strong>possessiones</strong></span> <span class='ocrx_word' id='word_1_126' title='bbox 654 2909 712 2974; x_wconf 91' lang='lat' dir='ltr'><strong>per</strong></span> <span class='ocrx_word' id='word_1_127' title='bbox 728 2887 865 2972; x_wconf 76' lang='lat' dir='ltr'><strong>trIgiuta</strong></span> <span class='ocrx_word' id='word_1_128' title='bbox 880 2908 1039 2954; x_wconf 90' lang='lat' dir='ltr'><strong>annorum</strong></span> <span class='ocrx_word' id='word_1_129' title='bbox 1056 2889 1204 2974; x_wconf 79' lang='lat' dir='ltr'><strong>spacium</strong></span> <span class='ocrx_word' id='word_1_130' title='bbox 1221 2888 1380 2976; x_wconf 87' lang='lat' dir='ltr'><strong>tenuisse,</strong></span> 
     </span>
     <span class='ocr_line' id='line_1_19' title="bbox 252 2995 1379 3084; baseline 0 -20"><span class='ocrx_word' id='word_1_131' title='bbox 252 3017 312 3065; x_wconf 89' lang='lat' dir='ltr'><strong>neo</strong></span> <span class='ocrx_word' id='word_1_132' title='bbox 329 2995 377 3064; x_wconf 89' lang='lat' dir='ltr'><strong>eis</strong></span> <span class='ocrx_word' id='word_1_133' title='bbox 391 3015 490 3081; x_wconf 89' lang='lat' dir='ltr'><strong>super</strong></span> <span class='ocrx_word' id='word_1_134' title='bbox 504 2995 765 3081; x_wconf 86' lang='lat' dir='ltr'><strong>possessionibus</strong></span> <span class='ocrx_word' id='word_1_135' title='bbox 781 2995 935 3081; x_wconf 85' lang='lat' dir='ltr'><strong>predictis</strong></span> <span class='ocrx_word' id='word_1_136' title='bbox 951 2996 1058 3064; x_wconf 89' lang='lat' dir='ltr'><strong>medio</strong></span> <span class='ocrx_word' id='word_1_137' title='bbox 1090 3003 1238 3084; x_wconf 89' lang='lat' dir='ltr'><strong>tempore</strong></span> <span class='ocrx_word' id='word_1_138' title='bbox 1269 3018 1379 3064; x_wconf 92' lang='lat' dir='ltr'><strong>moue·</strong></span> 
     </span>
     <span class='ocr_line' id='line_1_20' title="bbox 252 3103 1379 3189; baseline 0.002 -19"><span class='ocrx_word' id='word_1_139' title='bbox 252 3111 303 3170; x_wconf 89' lang='lat' dir='ltr'><strong>rat</strong></span> <span class='ocrx_word' id='word_1_140' title='bbox 319 3104 538 3188; x_wconf 65' lang='lat' dir='ltr'><strong>questionem</strong></span> <span class='ocrx_word' id='word_1_141' title='bbox 562 3109 789 3188; x_wconf 83' lang='lat' dir='ltr'><strong>procuratores</strong></span> <span class='ocrx_word' id='word_1_142' title='bbox 806 3103 968 3170; x_wconf 86' lang='lat' dir='ltr'><strong>dictarum</strong></span> <span class='ocrx_word' id='word_1_143' title='bbox 985 3104 1189 3170; x_wconf 88' lang='lat' dir='ltr'><strong>dominarum</strong></span> <span class='ocrx_word' id='word_1_144' title='bbox 1205 3105 1248 3172; x_wconf 93' lang='lat' dir='ltr'><strong>ab</strong></span> <span class='ocrx_word' id='word_1_145' title='bbox 1278 3103 1379 3189; x_wconf 91' lang='lat' dir='ltr'><strong>impe·</strong></span> 
     </span>
     <span class='ocr_line' id='line_1_21' title="bbox 236 3208 1381 3295; baseline 0.003 -19"><span class='ocrx_word' id='word_1_146' title='bbox 236 3211 369 3278; x_wconf 84' lang='lat' dir='ltr'><strong>&#39;ticione</strong></span> <span class='ocrx_word' id='word_1_147' title='bbox 384 3210 520 3295; x_wconf 87' lang='lat' dir='ltr'><strong>predicti</strong></span> <span class='ocrx_word' id='word_1_148' title='bbox 537 3208 688 3277; x_wconf 75' lang='lat' dir='ltr'><strong>conrardi</strong></span> <span class='ocrx_word' id='word_1_149' title='bbox 706 3209 841 3278; x_wconf 87' lang='lat' dir='ltr'><strong>Oomitis</strong></span> <span class='ocrx_word' id='word_1_150' title='bbox 867 3211 1109 3278; x_wconf 80' lang='lat' dir='ltr'><strong>sentencialiter</strong></span> <span class='ocrx_word' id='word_1_151' title='bbox 1140 3211 1291 3280; x_wconf 85' lang='lat' dir='ltr'><strong>duximus</strong></span> <span class='ocrx_word' id='word_1_152' title='bbox 1321 3214 1381 3280; x_wconf 87' lang='lat' dir='ltr'><strong>ab·</strong></span> 
     </span>
     <span class='ocr_line' id='line_1_22' title="bbox 252 3315 1382 3407; baseline 0.004 -23"><span class='ocrx_word' id='word_1_153' title='bbox 252 3317 448 3403; x_wconf 86' lang='lat' dir='ltr'><strong>soluendas;</strong></span> <span class='ocrx_word' id='word_1_154' title='bbox 471 3317 599 3405; x_wconf 81' lang='lat' dir='ltr'><strong>prefato</strong></span> <span class='ocrx_word' id='word_1_155' title='bbox 616 3315 777 3386; x_wconf 82' lang='lat' dir='ltr'><strong>Corrardo</strong></span> <span class='ocrx_word' id='word_1_156' title='bbox 794 3317 910 3384; x_wconf 83' lang='lat' dir='ltr'><strong>Comiti</strong></span> <span class='ocrx_word' id='word_1_157' title='bbox 927 3325 960 3385; x_wconf 90' lang='lat' dir='ltr'><strong>et</strong></span> <span class='ocrx_word' id='word_1_158' title='bbox 986 3319 1055 3386; x_wconf 91' lang='lat' dir='ltr'><strong>suis</strong></span> <span class='ocrx_word' id='word_1_159' title='bbox 1079 3319 1256 3388; x_wconf 84' lang='lat' dir='ltr'><strong>heredibus</strong></span> <span class='ocrx_word' id='word_1_160' title='bbox 1281 3341 1382 3407; x_wconf 87' lang='lat' dir='ltr'><strong>super</strong></span> 
     </span>
     <span class='ocr_line' id='line_1_23' title="bbox 252 3423 1382 3512; baseline 0.004 -21"><span class='ocrx_word' id='word_1_161' title='bbox 252 3425 334 3511; x_wconf 91' lang='lat' dir='ltr'><strong>ipsis</strong></span> <span class='ocrx_word' id='word_1_162' title='bbox 350 3423 612 3510; x_wconf 84' lang='lat' dir='ltr'><strong>possessionibus</strong></span> <span class='ocrx_word' id='word_1_163' title='bbox 629 3431 819 3510; x_wconf 90' lang='lat' dir='ltr'><strong>perpetuum</strong></span> <span class='ocrx_word' id='word_1_164' title='bbox 836 3424 1009 3493; x_wconf 84' lang='lat' dir='ltr'><strong>silencium</strong></span> <span class='ocrx_word' id='word_1_165' title='bbox 1025 3427 1249 3512; x_wconf 77' lang='lat' dir='ltr'><strong>imponentes3</strong></span> <span class='ocrx_word' id='word_1_166' title='bbox 1271 3427 1317 3494; x_wconf 89' lang='lat' dir='ltr'><strong>ita</strong></span> <span class='ocrx_word' id='word_1_167' title='bbox 1343 3435 1382 3495; x_wconf 90' lang='lat' dir='ltr'><strong>ut</strong></span> 
     </span>
     <span class='ocr_line' id='line_1_24' title="bbox 253 3529 1381 3618; baseline 0.004 -20"><span class='ocrx_word' id='word_1_168' title='bbox 253 3529 339 3598; x_wconf 87' lang='lat' dir='ltr'><strong>idem</strong></span> <span class='ocrx_word' id='word_1_169' title='bbox 356 3529 471 3599; x_wconf 83' lang='lat' dir='ltr'><strong>Comes</strong></span> <span class='ocrx_word' id='word_1_170' title='bbox 487 3531 521 3598; x_wconf 81' lang='lat' dir='ltr'><strong>O.</strong></span> <span class='ocrx_word' id='word_1_171' title='bbox 540 3533 592 3598; x_wconf 92' lang='lat' dir='ltr'><strong>uel</strong></span> <span class='ocrx_word' id='word_1_172' title='bbox 609 3531 713 3618; x_wconf 89' lang='lat' dir='ltr'><strong>ipsius</strong></span> <span class='ocrx_word' id='word_1_173' title='bbox 730 3531 867 3599; x_wconf 89' lang='lat' dir='ltr'><strong>heredes</strong></span> <span class='ocrx_word' id='word_1_174' title='bbox 883 3533 1028 3616; x_wconf 84' lang='lat' dir='ltr'><strong>prefatas</strong></span> <span class='ocrx_word' id='word_1_175' title='bbox 1054 3541 1160 3601; x_wconf 86' lang='lat' dir='ltr'><strong>terras</strong></span> <span class='ocrx_word' id='word_1_176' title='bbox 1191 3535 1381 3602; x_wconf 87' lang='lat' dir='ltr'><strong>nullatenus</strong></span> 
     </span>
     <span class='ocr_line' id='line_1_25' title="bbox 254 3637 1384 3723; baseline 0.003 -17"><span class='ocrx_word' id='word_1_177' title='bbox 254 3637 435 3706; x_wconf 85' lang='lat' dir='ltr'><strong>redimendi</strong></span> <span class='ocrx_word' id='word_1_178' title='bbox 452 3639 493 3706; x_wconf 91' lang='lat' dir='ltr'><strong>ab</strong></span> <span class='ocrx_word' id='word_1_179' title='bbox 510 3639 590 3723; x_wconf 92' lang='lat' dir='ltr'><strong>ipsis</strong></span> <span class='ocrx_word' id='word_1_180' title='bbox 607 3638 802 3705; x_wconf 85' lang='lat' dir='ltr'><strong>dominabus</strong></span> <span class='ocrx_word' id='word_1_181' title='bbox 819 3642 870 3705; x_wconf 86' lang='lat' dir='ltr'><strong>uel</strong></span> <span class='ocrx_word' id='word_1_182' title='bbox 889 3659 1000 3704; x_wconf 81' lang='lat' dir='ltr'><strong>esrum</strong></span> <span class='ocrx_word' id='word_1_183' title='bbox 1031 3639 1205 3708; x_wconf 81' lang='lat' dir='ltr'><strong>heredibus</strong></span> <span class='ocrx_word' id='word_1_184' title='bbox 1236 3641 1384 3709; x_wconf 88' lang='lat' dir='ltr'><strong>habeant</strong></span> 
     </span>
     <span class='ocr_line' id='line_1_26' title="bbox 253 3745 1383 3833; baseline 0.004 -21"><span class='ocrx_word' id='word_1_185' title='bbox 253 3747 287 3812; x_wconf 92' lang='lat' dir='ltr'><strong>in</strong></span> <span class='ocrx_word' id='word_1_186' title='bbox 303 3749 469 3830; x_wconf 84' lang='lat' dir='ltr'><strong>posterum</strong></span> <span class='ocrx_word' id='word_1_187' title='bbox 487 3745 696 3830; x_wconf 64' lang='lat' dir='ltr'><strong>facultatem</strong></span> <span class='ocrx_word' id='word_1_188' title='bbox 720 3753 888 3831; x_wconf 83' lang='lat' dir='ltr'><strong>presentes</strong></span> <span class='ocrx_word' id='word_1_189' title='bbox 904 3752 1012 3812; x_wconf 89' lang='lat' dir='ltr'><strong>tamen</strong></span> <span class='ocrx_word' id='word_1_190' title='bbox 1029 3765 1102 3813; x_wconf 89' lang='lat' dir='ltr'><strong>cum</strong></span> <span class='ocrx_word' id='word_1_191' title='bbox 1118 3755 1282 3833; x_wconf 84' lang='lat' dir='ltr'><strong>reportate</strong></span> <span class='ocrx_word' id='word_1_192' title='bbox 1312 3749 1383 3816; x_wconf 85' lang='lat' dir='ltr'><strong>fue-</strong></span> 
     </span>
     <span class='ocr_line' id='line_1_27' title="bbox 253 3853 1383 3942; baseline 0.003 -21"><span class='ocrx_word' id='word_1_193' title='bbox 253 3855 318 3921; x_wconf 86' lang='lat' dir='ltr'><strong>rint</strong></span> <span class='ocrx_word' id='word_1_194' title='bbox 333 3853 506 3940; x_wconf 87' lang='lat' dir='ltr'><strong>priuilegio</strong></span> <span class='ocrx_word' id='word_1_195' title='bbox 531 3853 799 3920; x_wconf 87' lang='lat' dir='ltr'><strong>confirmabimus.</strong></span> <span class='ocrx_word' id='word_1_196' title='bbox 840 3855 962 3920; x_wconf 85' lang='lat' dir='ltr'><strong>Datum</strong></span> <span class='ocrx_word' id='word_1_197' title='bbox 993 3855 1027 3920; x_wconf 93' lang='lat' dir='ltr'><strong>in</strong></span> <span class='ocrx_word' id='word_1_198' title='bbox 1061 3857 1202 3942; x_wconf 86' lang='lat' dir='ltr'><strong>Hydncg</strong></span> <span class='ocrx_word' id='word_1_199' title='bbox 1233 3855 1266 3922; x_wconf 92' lang='lat' dir='ltr'><strong>in</strong></span> <span class='ocrx_word' id='word_1_200' title='bbox 1297 3855 1383 3924; x_wconf 83' lang='lat' dir='ltr'><strong>festo</strong></span> 
     </span>
     <span class='ocr_line' id='line_1_28' title="bbox 253 3959 1385 4045; baseline 0.004 -18"><span class='ocrx_word' id='word_1_201' title='bbox 253 3961 349 4028; x_wconf 87' lang='lat' dir='ltr'><strong>Beati</strong></span> <span class='ocrx_word' id='word_1_202' title='bbox 364 3959 485 4028; x_wconf 88' lang='lat' dir='ltr'><strong>Mathci</strong></span> <span class='ocrx_word' id='word_1_203' title='bbox 502 3959 649 4045; x_wconf 87' lang='lat' dir='ltr'><strong>Apostoli</strong></span> <span class='ocrx_word' id='word_1_204' title='bbox 674 3981 762 4028; x_wconf 89' lang='lat' dir='ltr'><strong>anno</strong></span> <span class='ocrx_word' id='word_1_205' title='bbox 794 3960 924 4027; x_wconf 90' lang='lat' dir='ltr'><strong>Domini</strong></span> <span class='ocrx_word' id='word_1_206' title='bbox 955 3960 1131 4032; x_wconf 87' lang='lat' dir='ltr'><strong>millesimo</strong></span> <span class='ocrx_word' id='word_1_207' title='bbox 1164 3963 1385 4034; x_wconf 81' lang='lat' dir='ltr'><strong>ducentesimo</strong></span> 
     </span>
     <span class='ocr_line' id='line_1_29' title="bbox 254 4067 667 4155; baseline -0.002 -19"><span class='ocrx_word' id='word_1_208' title='bbox 254 4067 524 4155; x_wconf 83' lang='lat' dir='ltr'><strong>quiuquagesimo</strong></span> <span class='ocrx_word' id='word_1_209' title='bbox 542 4073 667 4135; x_wconf 88' lang='lat' dir='ltr'><strong>octauo.</strong></span> 
     </span>
    </p>
   </div>
   <div class='ocr_carea' id='block_1_5' title="bbox 257 4263 1386 4422">
    <p class='ocr_par' dir='ltr' id='par_1_5' title="bbox 257 4263 1386 4422">
     <span class='ocr_line' id='line_1_30' title="bbox 257 4263 1386 4336; baseline 0.004 -16"><span class='ocrx_word' id='word_1_210' title='bbox 257 4266 400 4336; x_wconf 76' lang='lat' dir='ltr'><strong>(srcuetic</strong></span> <span class='ocrx_word' id='word_1_211' title='bbox 417 4265 602 4334; x_wconf 72' lang='lat' dir='ltr'><strong>borhtrtytm</strong></span> <span class='ocrx_word' id='word_1_212' title='bbox 623 4281 641 4317; x_wconf 86' lang='lat' dir='ltr'><strong>a</strong></span> <span class='ocrx_word' id='word_1_213' title='bbox 658 4263 740 4316; x_wconf 76' lang='lat' dir='ltr'><strong>hstbl</strong></span> <span class='ocrx_word' id='word_1_214' title='bbox 759 4265 813 4316; x_wconf 88' lang='lat' dir='ltr'><strong>oda</strong></span> <span class='ocrx_word' id='word_1_215' title='bbox 832 4269 962 4330; x_wconf 82' lang='lat' dir='ltr'><strong>uyomott</strong></span> <span class='ocrx_word' id='word_1_216' title='bbox 981 4265 1075 4332; x_wconf 75' lang='lat' dir='ltr'><strong>pecsbt</strong></span> <span class='ocrx_word' id='word_1_217' title='bbox 1093 4269 1241 4334; x_wconf 69' lang='lat' dir='ltr'><strong>elcesaett3</strong></span> <span class='ocrx_word' id='word_1_218' title='bbox 1260 4283 1278 4324; x_wconf 78' lang='lat' dir='ltr'><strong>a</strong></span> <span class='ocrx_word' id='word_1_219' title='bbox 1295 4269 1386 4324; x_wconf 79' lang='lat' dir='ltr'><strong>buriai</strong></span> 
     </span>
     <span class='ocr_line' id='line_1_31' title="bbox 607 4354 1023 4422; baseline 0 -14"><span class='ocrx_word' id='word_1_220' title='bbox 607 4357 660 4408; x_wconf 85' lang='lat' dir='ltr'><strong>kir.</strong></span> <span class='ocrx_word' id='word_1_221' title='bbox 680 4354 809 4406; x_wconf 84' lang='lat' dir='ltr'><strong>kamarai</strong></span> <span class='ocrx_word' id='word_1_222' title='bbox 828 4355 1023 4422; x_wconf 78' lang='lat' dir='ltr'><strong>levelttrban.)</strong></span> 
     </span>
    </p>
   </div>
   <div class='ocr_carea' id='block_1_6' title="bbox 0 0 1590 5156">
    <p class='ocr_par' dir='ltr' id='par_1_6' title="bbox 0 0 1590 5156">
     <span class='ocr_line' id='line_1_32' title="bbox 0 0 1590 5156; baseline 0 0"><span class='ocrx_word' id='word_1_223' title='bbox 0 0 1590 5156; x_wconf 95' lang='lat' dir='ltr'><strong> </strong></span> 
     </span>
    </p>
   </div>
  </div>
 </body>
</html>
