<?xml version="1.0" encoding="UTF-8"?>
<!DOCTYPE html PUBLIC "-//W3C//DTD XHTML 1.0 Transitional//EN"
    "http://www.w3.org/TR/xhtml1/DTD/xhtml1-transitional.dtd">
<html xmlns="http://www.w3.org/1999/xhtml" xml:lang="en" lang="en">
 <head>
  <title>
</title>
<meta http-equiv="Content-Type" content="text/html;charset=utf-8" />
  <meta name='ocr-system' content='tesseract 3.04.00' />
  <meta name='ocr-capabilities' content='ocr_page ocr_carea ocr_par ocr_line ocrx_word'/>
</head>
<body>
  <div class='ocr_page' id='page_1' title='image "./codexdiplomatic10wenzgoog_0174.png"; bbox 0 0 3120 5148; ppageno 0'>
   <div class='ocr_carea' id='block_1_1' title="bbox 585 285 745 384">
    <p class='ocr_par' dir='ltr' id='par_1_1' title="bbox 585 285 745 384">
     <span class='ocr_line' id='line_1_1' title="bbox 585 285 745 384; baseline 0 -33"><span class='ocrx_word' id='word_1_1' title='bbox 585 285 745 384; x_wconf 42' lang='lat'><strong>—133-</strong></span> 
     </span>
    </p>
   </div>
   <div class='ocr_carea' id='block_1_2' title="bbox 103 477 1229 1754">
    <p class='ocr_par' dir='ltr' id='par_1_2' title="bbox 103 477 1229 1754">
     <span class='ocr_line' id='line_1_2' title="bbox 103 477 1220 568; baseline 0.003 -25"><span class='ocrx_word' id='word_1_2' title='bbox 103 477 183 563; x_wconf 87' lang='lat' dir='ltr'><strong>pelle</strong></span> <span class='ocrx_word' id='word_1_3' title='bbox 198 478 308 547; x_wconf 82' lang='lat' dir='ltr'><strong>Sancti</strong></span> <span class='ocrx_word' id='word_1_4' title='bbox 325 481 434 564; x_wconf 87' lang='lat' dir='ltr'><strong>Petri;</strong></span> <span class='ocrx_word' id='word_1_5' title='bbox 453 479 603 548; x_wconf 78' lang='lat' dir='ltr'><strong>nolentes</strong></span> <span class='ocrx_word' id='word_1_6' title='bbox 619 482 723 547; x_wconf 85' lang='lat' dir='ltr'><strong>eciam</strong></span> <span class='ocrx_word' id='word_1_7' title='bbox 738 480 897 548; x_wconf 59' lang='lat' dir='ltr'><strong>constane</strong></span> <span class='ocrx_word' id='word_1_8' title='bbox 914 481 1096 568; x_wconf 79' lang='lat' dir='ltr'><strong>priuilegiis</strong></span> <span class='ocrx_word' id='word_1_9' title='bbox 1106 480 1220 548; x_wconf 82' lang='lat' dir='ltr'><strong>Sancti</strong></span> 
     </span>
     <span class='ocr_line' id='line_1_3' title="bbox 105 585 1222 676; baseline 0.003 -23"><span class='ocrx_word' id='word_1_10' title='bbox 105 585 197 670; x_wconf 72' lang='lat' dir='ltr'><strong>Regis</strong></span> <span class='ocrx_word' id='word_1_11' title='bbox 212 597 244 654; x_wconf 88' lang='lat' dir='ltr'><strong>et</strong></span> <span class='ocrx_word' id='word_1_12' title='bbox 258 590 480 658; x_wconf 57' lang='lat' dir='ltr'><strong>&amp;manorum</strong></span> <span class='ocrx_word' id='word_1_13' title='bbox 496 588 697 676; x_wconf 81' lang='lat' dir='ltr'><strong>Pontificum,</strong></span> <span class='ocrx_word' id='word_1_14' title='bbox 722 588 780 657; x_wconf 90' lang='lat' dir='ltr'><strong>sed</strong></span> <span class='ocrx_word' id='word_1_15' title='bbox 810 591 970 658; x_wconf 83' lang='lat' dir='ltr'><strong>molentes</strong></span> <span class='ocrx_word' id='word_1_16' title='bbox 1002 589 1064 656; x_wconf 93' lang='lat' dir='ltr'><strong>iuri</strong></span> <span class='ocrx_word' id='word_1_17' title='bbox 1094 609 1222 675; x_wconf 84' lang='lat' dir='ltr'><strong>parere,</strong></span> 
     </span>
     <span class='ocr_line' id='line_1_4' title="bbox 109 695 1219 782; baseline 0.004 -22"><span class='ocrx_word' id='word_1_18' title='bbox 109 713 196 778; x_wconf 80' lang='lat' dir='ltr'><strong>quam</strong></span> <span class='ocrx_word' id='word_1_19' title='bbox 210 695 357 782; x_wconf 79' lang='lat' dir='ltr'><strong>improbe</strong></span> <span class='ocrx_word' id='word_1_20' title='bbox 374 697 521 780; x_wconf 75' lang='lat' dir='ltr'><strong>litigare,</strong></span> <span class='ocrx_word' id='word_1_21' title='bbox 542 697 757 781; x_wconf 77' lang='lat' dir='ltr'><strong>promittimus</strong></span> <span class='ocrx_word' id='word_1_22' title='bbox 773 705 805 764; x_wconf 90' lang='lat' dir='ltr'><strong>et</strong></span> <span class='ocrx_word' id='word_1_23' title='bbox 814 697 947 764; x_wconf 80' lang='lat' dir='ltr'><strong>tirmiter</strong></span> <span class='ocrx_word' id='word_1_24' title='bbox 956 718 1015 764; x_wconf 90' lang='lat' dir='ltr'><strong>nos</strong></span> <span class='ocrx_word' id='word_1_25' title='bbox 1024 703 1219 782; x_wconf 84' lang='lat' dir='ltr'><strong>nostrosque</strong></span> 
     </span>
     <span class='ocr_line' id='line_1_5' title="bbox 105 805 1224 891; baseline 0.002 -21"><span class='ocrx_word' id='word_1_26' title='bbox 105 821 300 871; x_wconf 74' lang='lat' dir='ltr'><strong>comessores</strong></span> <span class='ocrx_word' id='word_1_27' title='bbox 315 805 501 888; x_wconf 78' lang='lat' dir='ltr'><strong>obligamus</strong></span> <span class='ocrx_word' id='word_1_28' title='bbox 517 805 561 872; x_wconf 88' lang='lat' dir='ltr'><strong>ad</strong></span> <span class='ocrx_word' id='word_1_29' title='bbox 577 806 774 872; x_wconf 77' lang='lat' dir='ltr'><strong>solucionem</strong></span> <span class='ocrx_word' id='word_1_30' title='bbox 784 805 1003 891; x_wconf 86' lang='lat' dir='ltr'><strong>predictarum</strong></span> <span class='ocrx_word' id='word_1_31' title='bbox 1013 805 1224 890; x_wconf 86' lang='lat' dir='ltr'><strong>decimarum,</strong></span> 
     </span>
     <span class='ocr_line' id='line_1_6' title="bbox 108 912 1220 1000; baseline 0.002 -23"><span class='ocrx_word' id='word_1_32' title='bbox 108 912 177 994; x_wconf 83' lang='lat' dir='ltr'><strong>quia</strong></span> <span class='ocrx_word' id='word_1_33' title='bbox 192 931 247 980; x_wconf 83' lang='lat' dir='ltr'><strong>cas</strong></span> <span class='ocrx_word' id='word_1_34' title='bbox 264 913 306 979; x_wconf 91' lang='lat' dir='ltr'><strong>de</strong></span> <span class='ocrx_word' id='word_1_35' title='bbox 321 913 392 980; x_wconf 91' lang='lat' dir='ltr'><strong>iure</strong></span> <span class='ocrx_word' id='word_1_36' title='bbox 408 913 508 980; x_wconf 89' lang='lat' dir='ltr'><strong>debet</strong></span> <span class='ocrx_word' id='word_1_37' title='bbox 524 913 655 1000; x_wconf 88' lang='lat' dir='ltr'><strong>habere,</strong></span> <span class='ocrx_word' id='word_1_38' title='bbox 679 913 812 998; x_wconf 88' lang='lat' dir='ltr'><strong>plenam</strong></span> <span class='ocrx_word' id='word_1_39' title='bbox 838 921 870 981; x_wconf 90' lang='lat' dir='ltr'><strong>et</strong></span> <span class='ocrx_word' id='word_1_40' title='bbox 901 913 1064 998; x_wconf 81' lang='lat' dir='ltr'><strong>integram</strong></span> <span class='ocrx_word' id='word_1_41' title='bbox 1094 912 1220 1000; x_wconf 85' lang='lat' dir='ltr'><strong>prelato</strong></span> 
     </span>
     <span class='ocr_line' id='line_1_7' title="bbox 107 1019 1222 1107; baseline 0.004 -23"><span class='ocrx_word' id='word_1_42' title='bbox 107 1019 293 1088; x_wconf 82' lang='lat' dir='ltr'><strong>lionasterio</strong></span> <span class='ocrx_word' id='word_1_43' title='bbox 307 1019 515 1104; x_wconf 86' lang='lat' dir='ltr'><strong>faciendam;</strong></span> <span class='ocrx_word' id='word_1_44' title='bbox 542 1020 692 1090; x_wconf 85' lang='lat' dir='ltr'><strong>videlicet</strong></span> <span class='ocrx_word' id='word_1_45' title='bbox 708 1020 750 1087; x_wconf 91' lang='lat' dir='ltr'><strong>de</strong></span> <span class='ocrx_word' id='word_1_46' title='bbox 775 1022 924 1090; x_wconf 88' lang='lat' dir='ltr'><strong>omnibus</strong></span> <span class='ocrx_word' id='word_1_47' title='bbox 950 1023 1080 1107; x_wconf 88' lang='lat' dir='ltr'><strong>aratris,</strong></span> <span class='ocrx_word' id='word_1_48' title='bbox 1106 1022 1222 1107; x_wconf 89' lang='lat' dir='ltr'><strong>urreis,</strong></span> 
     </span>
     <span class='ocr_line' id='line_1_8' title="bbox 106 1127 1223 1214; baseline 0.003 -21"><span class='ocrx_word' id='word_1_49' title='bbox 106 1127 239 1195; x_wconf 88' lang='lat' dir='ltr'><strong>cellariis</strong></span> <span class='ocrx_word' id='word_1_50' title='bbox 254 1127 405 1214; x_wconf 90' lang='lat' dir='ltr'><strong>propriis,</strong></span> <span class='ocrx_word' id='word_1_51' title='bbox 420 1135 453 1193; x_wconf 92' lang='lat' dir='ltr'><strong>et</strong></span> <span class='ocrx_word' id='word_1_52' title='bbox 468 1128 600 1212; x_wconf 91' lang='lat' dir='ltr'><strong>populis</strong></span> <span class='ocrx_word' id='word_1_53' title='bbox 629 1129 755 1210; x_wconf 88' lang='lat' dir='ltr'><strong>uostris,</strong></span> <span class='ocrx_word' id='word_1_54' title='bbox 780 1137 813 1196; x_wconf 91' lang='lat' dir='ltr'><strong>ct</strong></span> <span class='ocrx_word' id='word_1_55' title='bbox 837 1128 1059 1214; x_wconf 87' lang='lat' dir='ltr'><strong>parrochianis</strong></span> <span class='ocrx_word' id='word_1_56' title='bbox 1092 1129 1223 1214; x_wconf 82' lang='lat' dir='ltr'><strong>Gapelle</strong></span> 
     </span>
     <span class='ocr_line' id='line_1_9' title="bbox 107 1234 1219 1322; baseline 0 -22"><span class='ocrx_word' id='word_1_57' title='bbox 107 1235 211 1302; x_wconf 84' lang='lat' dir='ltr'><strong>Sancti</strong></span> <span class='ocrx_word' id='word_1_58' title='bbox 228 1235 322 1318; x_wconf 71' lang='lat' dir='ltr'><strong>petri,</strong></span> <span class='ocrx_word' id='word_1_59' title='bbox 337 1255 405 1301; x_wconf 91' lang='lat' dir='ltr'><strong>non</strong></span> <span class='ocrx_word' id='word_1_60' title='bbox 420 1234 645 1320; x_wconf 83' lang='lat' dir='ltr'><strong>impediemus,</strong></span> <span class='ocrx_word' id='word_1_61' title='bbox 662 1255 721 1302; x_wconf 92' lang='lat' dir='ltr'><strong>nec</strong></span> <span class='ocrx_word' id='word_1_62' title='bbox 736 1235 892 1302; x_wconf 83' lang='lat' dir='ltr'><strong>faciemus</strong></span> <span class='ocrx_word' id='word_1_63' title='bbox 908 1235 1068 1322; x_wconf 88' lang='lat' dir='ltr'><strong>impediri,</strong></span> <span class='ocrx_word' id='word_1_64' title='bbox 1084 1255 1144 1302; x_wconf 91' lang='lat' dir='ltr'><strong>nec</strong></span> <span class='ocrx_word' id='word_1_65' title='bbox 1160 1251 1219 1322; x_wconf 90' lang='lat' dir='ltr'><strong>per</strong></span> 
     </span>
     <span class='ocr_line' id='line_1_10' title="bbox 109 1342 1229 1428; baseline -0.001 -19"><span class='ocrx_word' id='word_1_66' title='bbox 109 1363 163 1410; x_wconf 90' lang='lat' dir='ltr'><strong>nos</strong></span> <span class='ocrx_word' id='word_1_67' title='bbox 176 1361 234 1410; x_wconf 88' lang='lat' dir='ltr'><strong>nec</strong></span> <span class='ocrx_word' id='word_1_68' title='bbox 249 1362 307 1428; x_wconf 88' lang='lat' dir='ltr'><strong>per</strong></span> <span class='ocrx_word' id='word_1_69' title='bbox 320 1362 524 1411; x_wconf 86' lang='lat' dir='ltr'><strong>successores</strong></span> <span class='ocrx_word' id='word_1_70' title='bbox 540 1349 688 1426; x_wconf 89' lang='lat' dir='ltr'><strong>nostros;</strong></span> <span class='ocrx_word' id='word_1_71' title='bbox 713 1343 770 1410; x_wconf 89' lang='lat' dir='ltr'><strong>sed</strong></span> <span class='ocrx_word' id='word_1_72' title='bbox 785 1345 927 1410; x_wconf 91' lang='lat' dir='ltr'><strong>omnium</strong></span> <span class='ocrx_word' id='word_1_73' title='bbox 945 1343 1146 1428; x_wconf 90' lang='lat' dir='ltr'><strong>pedictorum</strong></span> <span class='ocrx_word' id='word_1_74' title='bbox 1172 1342 1229 1408; x_wconf 89' lang='lat' dir='ltr'><strong>de·</strong></span> 
     </span>
     <span class='ocr_line' id='line_1_11' title="bbox 109 1451 1222 1538; baseline 0 -20"><span class='ocrx_word' id='word_1_75' title='bbox 109 1453 202 1518; x_wconf 84' lang='lat' dir='ltr'><strong>cimas</strong></span> <span class='ocrx_word' id='word_1_76' title='bbox 216 1451 338 1520; x_wconf 92' lang='lat' dir='ltr'><strong>dictum</strong></span> <span class='ocrx_word' id='word_1_77' title='bbox 353 1452 585 1520; x_wconf 86' lang='lat' dir='ltr'><strong>ltlunasterium</strong></span> <span class='ocrx_word' id='word_1_78' title='bbox 601 1451 734 1538; x_wconf 80' lang='lat' dir='ltr'><strong>pacifice</strong></span> <span class='ocrx_word' id='word_1_79' title='bbox 750 1461 782 1519; x_wconf 91' lang='lat' dir='ltr'><strong>ct</strong></span> <span class='ocrx_word' id='word_1_80' title='bbox 797 1457 905 1536; x_wconf 87' lang='lat' dir='ltr'><strong>quiete</strong></span> <span class='ocrx_word' id='word_1_81' title='bbox 938 1453 1117 1538; x_wconf 89' lang='lat' dir='ltr'><strong>possideat,</strong></span> <span class='ocrx_word' id='word_1_82' title='bbox 1149 1452 1222 1520; x_wconf 87' lang='lat' dir='ltr'><strong>sinc</strong></span> 
     </span>
     <span class='ocr_line' id='line_1_12' title="bbox 108 1559 1222 1645; baseline 0.001 -21"><span class='ocrx_word' id='word_1_83' title='bbox 108 1569 211 1628; x_wconf 84' lang='lat' dir='ltr'><strong>nostre</strong></span> <span class='ocrx_word' id='word_1_84' title='bbox 226 1577 514 1643; x_wconf 80' lang='lat' dir='ltr'><strong>successorumque</strong></span> <span class='ocrx_word' id='word_1_85' title='bbox 530 1567 710 1626; x_wconf 90' lang='lat' dir='ltr'><strong>nostrorum</strong></span> <span class='ocrx_word' id='word_1_86' title='bbox 727 1559 996 1626; x_wconf 84' lang='lat' dir='ltr'><strong>contradiccione.</strong></span> <span class='ocrx_word' id='word_1_87' title='bbox 1035 1559 1077 1624; x_wconf 75' lang='grc' dir='ltr'><strong>ιιι</strong></span> <span class='ocrx_word' id='word_1_88' title='bbox 1092 1566 1126 1624; x_wconf 91' lang='lat' dir='ltr'><strong>ut</strong></span> <span class='ocrx_word' id='word_1_89' title='bbox 1151 1577 1222 1645; x_wconf 92' lang='lat' dir='ltr'><strong>per·</strong></span> 
     </span>
     <span class='ocr_line' id='line_1_13' title="bbox 109 1665 1224 1754; baseline -0.003 -20"><span class='ocrx_word' id='word_1_90' title='bbox 109 1667 267 1754; x_wconf 83' lang='lat' dir='ltr'><strong>petnitatis</strong></span> <span class='ocrx_word' id='word_1_91' title='bbox 282 1667 381 1734; x_wconf 88' lang='lat' dir='ltr'><strong>robur·</strong></span> <span class='ocrx_word' id='word_1_92' title='bbox 397 1669 576 1751; x_wconf 78' lang='lat' dir='ltr'><strong>optineant,</strong></span> <span class='ocrx_word' id='word_1_93' title='bbox 594 1665 654 1732; x_wconf 87' lang='lat' dir='ltr'><strong>has</strong></span> <span class='ocrx_word' id='word_1_94' title='bbox 670 1666 795 1734; x_wconf 84' lang='lat' dir='ltr'><strong>litteras</strong></span> <span class='ocrx_word' id='word_1_95' title='bbox 812 1665 948 1734; x_wconf 85' lang='lat' dir='ltr'><strong>lecimus</strong></span> <span class='ocrx_word' id='word_1_96' title='bbox 965 1673 1077 1732; x_wconf 92' lang='lat' dir='ltr'><strong>nostro</strong></span> <span class='ocrx_word' id='word_1_97' title='bbox 1093 1673 1126 1731; x_wconf 89' lang='lat' dir='ltr'><strong>et</strong></span> <span class='ocrx_word' id='word_1_98' title='bbox 1142 1665 1224 1732; x_wconf 85' lang='lat' dir='ltr'><strong>Ocn-</strong></span> 
     </span>
    </p>
   </div>
   <div class='ocr_carea' id='block_1_3' title="bbox 107 1772 1218 1949">
    <p class='ocr_par' dir='ltr' id='par_1_3' title="bbox 107 1772 1218 1949">
     <span class='ocr_line' id='line_1_14' title="bbox 109 1772 1218 1856; baseline -0.002 -14"><span class='ocrx_word' id='word_1_99' title='bbox 109 1781 217 1842; x_wconf 86' lang='lat' dir='ltr'><strong>uentus</strong></span> <span class='ocrx_word' id='word_1_100' title='bbox 231 1774 333 1842; x_wconf 86' lang='lat' dir='ltr'><strong>nostri</strong></span> <span class='ocrx_word' id='word_1_101' title='bbox 347 1773 460 1856; x_wconf 81' lang='lat' dir='ltr'><strong>sigillo</strong></span> <span class='ocrx_word' id='word_1_102' title='bbox 475 1772 630 1842; x_wconf 90' lang='lat' dir='ltr'><strong>roborari.</strong></span> <span class='ocrx_word' id='word_1_103' title='bbox 670 1775 785 1840; x_wconf 87' lang='lat' dir='ltr'><strong>Actum</strong></span> <span class='ocrx_word' id='word_1_104' title='bbox 800 1781 850 1840; x_wconf 89' lang='lat' dir='ltr'><strong>est</strong></span> <span class='ocrx_word' id='word_1_105' title='bbox 867 1772 927 1839; x_wconf 91' lang='lat' dir='ltr'><strong>hoc</strong></span> <span class='ocrx_word' id='word_1_106' title='bbox 942 1793 1028 1840; x_wconf 91' lang='lat' dir='ltr'><strong>anuo</strong></span> <span class='ocrx_word' id='word_1_107' title='bbox 1046 1773 1218 1840; x_wconf 88' lang='lat' dir='ltr'><strong>Dominice</strong></span> 
     </span>
     <span class='ocr_line' id='line_1_15' title="bbox 107 1877 571 1949; baseline 0.004 -3"><span class='ocrx_word' id='word_1_108' title='bbox 107 1880 345 1949; x_wconf 88' lang='lat' dir='ltr'><strong>lucarnacionis</strong></span> <span class='ocrx_word' id='word_1_109' title='bbox 360 1877 465 1946; x_wconf 79' lang='lat' dir='ltr'>M⁰CO</span> <span class='ocrx_word' id='word_1_110' title='bbox 472 1879 544 1946; x_wconf 81' lang='lat' dir='ltr'><strong>⁰XV</strong></span> <span class='ocrx_word' id='word_1_111' title='bbox 552 1891 571 1948; x_wconf 85' lang='lat'><strong>⁰.</strong></span> 
     </span>
    </p>
   </div>
   <div class='ocr_carea' id='block_1_4' title="bbox 236 2079 1095 2142">
    <p class='ocr_par' dir='ltr' id='par_1_4' title="bbox 236 2079 1095 2142">
     <span class='ocr_line' id='line_1_16' title="bbox 236 2079 1095 2142; baseline -0.001 -14"><span class='ocrx_word' id='word_1_112' title='bbox 236 2080 336 2140; x_wconf 78' lang='lat' dir='ltr'><strong>(nenos</strong></span> <span class='ocrx_word' id='word_1_113' title='bbox 353 2079 503 2130; x_wconf 75' lang='lat' dir='ltr'><strong>uadornak</strong></span> <span class='ocrx_word' id='word_1_114' title='bbox 523 2081 634 2130; x_wconf 78' lang='lat' dir='ltr'><strong>roes-ki</strong></span> <span class='ocrx_word' id='word_1_115' title='bbox 653 2079 877 2142; x_wconf 78' lang='lat' dir='ltr'><strong>iteletlevelebcl‚</strong></span> <span class='ocrx_word' id='word_1_116' title='bbox 896 2082 969 2130; x_wconf 85' lang='lat' dir='ltr'><strong>mint</strong></span> <span class='ocrx_word' id='word_1_117' title='bbox 990 2080 1095 2140; x_wconf 74' lang='lat' dir='ltr'><strong>aldbb.)</strong></span> 
     </span>
    </p>
   </div>
   <div class='ocr_carea' id='block_1_5' title="bbox 642 2901 697 2969">
    <p class='ocr_par' dir='ltr' id='par_1_5' title="bbox 642 2901 697 2969">
     <span class='ocr_line' id='line_1_17' title="bbox 642 2901 697 2969; baseline 0 -1"><span class='ocrx_word' id='word_1_118' title='bbox 642 2901 697 2969; x_wconf 76' lang='lat'><strong>85.</strong></span> 
     </span>
    </p>
   </div>
   <div class='ocr_carea' id='block_1_6' title="bbox 109 3075 1230 3292">
    <p class='ocr_par' dir='ltr' id='par_1_6' title="bbox 109 3075 1230 3292">
     <span class='ocr_line' id='line_1_18' title="bbox 109 3075 1230 3188; baseline -0.001 -26"><span class='ocrx_word' id='word_1_119' title='bbox 109 3100 154 3162; x_wconf 92' lang='grc' dir='ltr'><strong>ΙΙ.</strong></span> <span class='ocrx_word' id='word_1_120' title='bbox 168 3099 279 3164; x_wconf 82' lang='lat' dir='ltr'><strong>Endre</strong></span> <span class='ocrx_word' id='word_1_121' title='bbox 292 3102 471 3185; x_wconf 73' lang='lat' dir='ltr'><strong>kirutyoak</strong></span> <span class='ocrx_word' id='word_1_122' title='bbox 487 3099 539 3164; x_wconf 84' lang='lat' dir='ltr'><strong>Sz.</strong></span> <span class='ocrx_word' id='word_1_123' title='bbox 555 3098 687 3186; x_wconf 77' lang='lat' dir='ltr'><strong>Gyo&#39;rpy</strong></span> <span class='ocrx_word' id='word_1_124' title='bbox 703 3103 857 3188; x_wconf 72' lang='lat' dir='ltr'><strong>dclysdpct</strong></span> <span class='ocrx_word' id='word_1_125' title='bbox 869 3075 1027 3187; x_wconf 31' lang='lat' dir='ltr'><strong>‘tdrpyazd</strong></span> <span class='ocrx_word' id='word_1_126' title='bbox 1043 3100 1230 3184; x_wconf 83' lang='lat' dir='ltr'><strong>odomdnyu</strong></span> 
     </span>
     <span class='ocr_line' id='line_1_19' title="bbox 342 3205 985 3292; baseline 0.003 -21"><span class='ocrx_word' id='word_1_127' title='bbox 342 3205 581 3292; x_wconf 77' lang='lat' dir='ltr'><strong>fdpcltdrnolco</strong></span> <span class='ocrx_word' id='word_1_128' title='bbox 597 3205 687 3272; x_wconf 77' lang='lat' dir='ltr'><strong>Sedes</strong></span> <span class='ocrx_word' id='word_1_129' title='bbox 702 3213 862 3275; x_wconf 78' lang='lat' dir='ltr'><strong>szdmdra.</strong></span> <span class='ocrx_word' id='word_1_130' title='bbox 887 3210 985 3276; x_wconf 83' lang='lat'><strong><em>1216.</em></strong></span> 
     </span>
    </p>
   </div>
   <div class='ocr_carea' id='block_1_7' title="bbox 16 3397 1237 4670">
    <p class='ocr_par' dir='ltr' id='par_1_7' title="bbox 16 3397 1237 4670">
     <span class='ocr_line' id='line_1_20' title="bbox 210 3397 1235 3468; baseline -0.001 -2"><span class='ocrx_word' id='word_1_131' title='bbox 210 3403 250 3466; x_wconf 90' lang='lat' dir='ltr'><strong>Iu</strong></span> <span class='ocrx_word' id='word_1_132' title='bbox 288 3401 419 3466; x_wconf 89' lang='lat' dir='ltr'><strong>nomine</strong></span> <span class='ocrx_word' id='word_1_133' title='bbox 459 3399 579 3466; x_wconf 85' lang='lat' dir='ltr'><strong>Sancte</strong></span> <span class='ocrx_word' id='word_1_134' title='bbox 610 3398 781 3466; x_wconf 80' lang='lat' dir='ltr'><strong>Trinitatis</strong></span> <span class='ocrx_word' id='word_1_135' title='bbox 813 3408 846 3466; x_wconf 90' lang='lat' dir='ltr'><strong>et</strong></span> <span class='ocrx_word' id='word_1_136' title='bbox 875 3397 1047 3466; x_wconf 81' lang='lat' dir='ltr'><strong>Indiuidua</strong></span> <span class='ocrx_word' id='word_1_137' title='bbox 1077 3399 1235 3468; x_wconf 87' lang='lat' dir='ltr'><strong>Unitatis.</strong></span> 
     </span>
     <span class='ocr_line' id='line_1_21' title="bbox 107 3506 1236 3596; baseline -0.001 -22"><span class='ocrx_word' id='word_1_138' title='bbox 107 3509 253 3577; x_wconf 77' lang='lat' dir='ltr'><strong>Andreas</strong></span> <span class='ocrx_word' id='word_1_139' title='bbox 269 3509 331 3574; x_wconf 84' lang='lat' dir='ltr'><strong>Dei</strong></span> <span class='ocrx_word' id='word_1_140' title='bbox 362 3508 475 3591; x_wconf 77' lang='lat' dir='ltr'><strong>gracia</strong></span> <span class='ocrx_word' id='word_1_141' title='bbox 507 3506 684 3591; x_wconf 82' lang='lat' dir='ltr'><strong>Huugarie,</strong></span> <span class='ocrx_word' id='word_1_142' title='bbox 716 3507 895 3590; x_wconf 86' lang='lat' dir='ltr'><strong>Dalmacie,</strong></span> <span class='ocrx_word' id='word_1_143' title='bbox 927 3507 1093 3596; x_wconf 80' lang='lat' dir='ltr'><strong>(lhroacie,</strong></span> <span class='ocrx_word' id='word_1_144' title='bbox 1125 3510 1236 3592; x_wconf 84' lang='lat' dir='ltr'><strong>Rome,</strong></span> 
     </span>
     <span class='ocr_line' id='line_1_22' title="bbox 16 3613 1235 3708; baseline -0.003 -24"><span class='ocrx_word' id='word_1_145' title='bbox 16 3649 17 3708; x_wconf 72' lang='lat'>3</span> <span class='ocrx_word' id='word_1_146' title='bbox 105 3617 228 3702; x_wconf 81' lang='lat' dir='ltr'><strong>Seruie,</strong></span> <span class='ocrx_word' id='word_1_147' title='bbox 245 3614 381 3697; x_wconf 80' lang='lat' dir='ltr'><strong>Galicic,</strong></span> <span class='ocrx_word' id='word_1_148' title='bbox 399 3613 637 3696; x_wconf 81' lang='lat' dir='ltr'><strong>Lodcmcrique</strong></span> <span class='ocrx_word' id='word_1_149' title='bbox 658 3615 728 3682; x_wconf 86' lang='lat' dir='ltr'><strong>Rex</strong></span> <span class='ocrx_word' id='word_1_150' title='bbox 745 3613 779 3678; x_wconf 91' lang='lat' dir='ltr'><strong>in</strong></span> <span class='ocrx_word' id='word_1_151' title='bbox 796 3621 997 3700; x_wconf 87' lang='lat' dir='ltr'><strong>perpetuum.</strong></span> <span class='ocrx_word' id='word_1_152' title='bbox 1036 3613 1116 3682; x_wconf 81' lang='lat' dir='ltr'><strong>Ovm</strong></span> <span class='ocrx_word' id='word_1_153' title='bbox 1132 3615 1235 3698; x_wconf 76' lang='lat' dir='ltr'><strong>Regia</strong></span> 
     </span>
     <span class='ocr_line' id='line_1_23' title="bbox 16 3709 1233 3808; baseline -0.004 -16"><span class='ocrx_word' id='word_1_154' title='bbox 16 3709 17 3766; x_wconf 72' lang='lat' dir='ltr'><strong>l</strong></span> <span class='ocrx_word' id='word_1_155' title='bbox 108 3719 319 3792; x_wconf 79' lang='lat' dir='ltr'><strong>Celsitudinis</strong></span> <span class='ocrx_word' id='word_1_156' title='bbox 334 3719 561 3786; x_wconf 86' lang='lat' dir='ltr'><strong>munificencia</strong></span> <span class='ocrx_word' id='word_1_157' title='bbox 578 3721 673 3787; x_wconf 90' lang='lat' dir='ltr'><strong>nullis</strong></span> <span class='ocrx_word' id='word_1_158' title='bbox 690 3720 834 3787; x_wconf 87' lang='lat' dir='ltr'><strong>terminis</strong></span> <span class='ocrx_word' id='word_1_159' title='bbox 844 3729 1023 3808; x_wconf 80' lang='lat' dir='ltr'><strong>coercetur,</strong></span> <span class='ocrx_word' id='word_1_160' title='bbox 1040 3721 1233 3808; x_wconf 84' lang='lat' dir='ltr'><strong>sedoptimc</strong></span> 
     </span>
     <span class='ocr_line' id='line_1_24' title="bbox 108 3825 1228 3918; baseline 0.004 -22"><span class='ocrx_word' id='word_1_161' title='bbox 108 3831 141 3897; x_wconf 93' lang='lat' dir='ltr'><strong>in</strong></span> <span class='ocrx_word' id='word_1_162' title='bbox 155 3832 308 3916; x_wconf 88' lang='lat' dir='ltr'><strong>Principe</strong></span> <span class='ocrx_word' id='word_1_163' title='bbox 324 3825 469 3896; x_wconf 88' lang='lat' dir='ltr'><strong>donandi</strong></span> <span class='ocrx_word' id='word_1_164' title='bbox 485 3848 637 3896; x_wconf 86' lang='lat' dir='ltr'><strong>mensuro</strong></span> <span class='ocrx_word' id='word_1_165' title='bbox 652 3829 843 3897; x_wconf 85' lang='lat' dir='ltr'><strong>inmensitas</strong></span> <span class='ocrx_word' id='word_1_166' title='bbox 871 3827 1029 3898; x_wconf 89' lang='lat' dir='ltr'><strong>iudicetur</strong></span> <span class='ocrx_word' id='word_1_167' title='bbox 1046 3857 1053 3898; x_wconf 92' lang='lat'><strong>:</strong></span> <span class='ocrx_word' id='word_1_168' title='bbox 1071 3833 1228 3918; x_wconf 85' lang='lat' dir='ltr'><strong>precipua</strong></span> 
     </span>
     <span class='ocr_line' id='line_1_25' title="bbox 105 3936 1234 4025; baseline -0.001 -18"><span class='ocrx_word' id='word_1_169' title='bbox 105 3947 211 4007; x_wconf 85' lang='lat' dir='ltr'><strong>tamen</strong></span> <span class='ocrx_word' id='word_1_170' title='bbox 227 3945 278 4006; x_wconf 90' lang='lat' dir='ltr'><strong>est</strong></span> <span class='ocrx_word' id='word_1_171' title='bbox 293 3957 373 4022; x_wconf 80' lang='lat' dir='ltr'><strong>erga</strong></span> <span class='ocrx_word' id='word_1_172' title='bbox 388 3936 605 4004; x_wconf 90' lang='lat' dir='ltr'><strong>benemeritos</strong></span> <span class='ocrx_word' id='word_1_173' title='bbox 621 3938 871 4023; x_wconf 83' lang='lat' dir='ltr'><strong>circumspccoio</strong></span> <span class='ocrx_word' id='word_1_174' title='bbox 888 3937 1086 4022; x_wconf 87' lang='lat' dir='ltr'><strong>adhibenda,</strong></span> <span class='ocrx_word' id='word_1_175' title='bbox 1103 3961 1145 4008; x_wconf 90' lang='lat' dir='ltr'><strong>ne</strong></span> <span class='ocrx_word' id='word_1_176' title='bbox 1161 3942 1234 4025; x_wconf 90' lang='lat' dir='ltr'><strong>quis</strong></span> 
     </span>
     <span class='ocr_line' id='line_1_26' title="bbox 110 4044 1231 4131; baseline 0.002 -19"><span class='ocrx_word' id='word_1_177' title='bbox 110 4048 193 4131; x_wconf 87' lang='lat' dir='ltr'><strong>apud</strong></span> <span class='ocrx_word' id='word_1_178' title='bbox 207 4047 300 4114; x_wconf 92' lang='lat' dir='ltr'><strong>illum</strong></span> <span class='ocrx_word' id='word_1_179' title='bbox 316 4045 366 4112; x_wconf 91' lang='lat' dir='ltr'><strong>sui</strong></span> <span class='ocrx_word' id='word_1_180' title='bbox 383 4045 506 4112; x_wconf 90' lang='lat' dir='ltr'><strong>laboris</strong></span> <span class='ocrx_word' id='word_1_181' title='bbox 524 4047 648 4131; x_wconf 90' lang='lat' dir='ltr'><strong>premio</strong></span> <span class='ocrx_word' id='word_1_182' title='bbox 665 4044 882 4131; x_wconf 84' lang='lat' dir='ltr'><strong>defraudetur,</strong></span> <span class='ocrx_word' id='word_1_183' title='bbox 899 4044 956 4130; x_wconf 90' lang='lat' dir='ltr'><strong>qui</strong></span> <span class='ocrx_word' id='word_1_184' title='bbox 973 4067 1031 4114; x_wconf 88' lang='lat' dir='ltr'><strong>sue</strong></span> <span class='ocrx_word' id='word_1_185' title='bbox 1055 4047 1231 4115; x_wconf 88' lang='lat' dir='ltr'><strong>liberalita-</strong></span> 
     </span>
     <span class='ocr_line' id='line_1_27' title="bbox 108 4150 1232 4239; baseline -0.003 -16"><span class='ocrx_word' id='word_1_186' title='bbox 108 4155 145 4222; x_wconf 83' lang='lat' dir='ltr'><strong>tis</strong></span> <span class='ocrx_word' id='word_1_187' title='bbox 160 4153 320 4223; x_wconf 84' lang='lat' dir='ltr'><strong>beneficia</strong></span> <span class='ocrx_word' id='word_1_188' title='bbox 333 4150 437 4219; x_wconf 87' lang='lat' dir='ltr'><strong>ceiam</strong></span> <span class='ocrx_word' id='word_1_189' title='bbox 454 4151 497 4218; x_wconf 88' lang='lat' dir='ltr'><strong>ad</strong></span> <span class='ocrx_word' id='word_1_190' title='bbox 522 4161 676 4221; x_wconf 85' lang='lat' dir='ltr'><strong>externos</strong></span> <span class='ocrx_word' id='word_1_191' title='bbox 710 4173 813 4238; x_wconf 87' lang='lat' dir='ltr'><strong>usque</strong></span> <span class='ocrx_word' id='word_1_192' title='bbox 846 4155 1017 4239; x_wconf 86' lang='lat' dir='ltr'><strong>protendit.</strong></span> <span class='ocrx_word' id='word_1_193' title='bbox 1056 4156 1139 4222; x_wconf 87' lang='lat' dir='ltr'><strong>Inde</strong></span> <span class='ocrx_word' id='word_1_194' title='bbox 1170 4162 1232 4238; x_wconf 86' lang='lat' dir='ltr'><strong>ert,</strong></span> 
     </span>
     <span class='ocr_line' id='line_1_28' title="bbox 110 4258 1234 4345; baseline 0 -17"><span class='ocrx_word' id='word_1_195' title='bbox 110 4263 190 4345; x_wconf 83' lang='lat' dir='ltr'><strong>quod</strong></span> <span class='ocrx_word' id='word_1_196' title='bbox 207 4258 299 4328; x_wconf 92' lang='lat' dir='ltr'><strong>lideli</strong></span> <span class='ocrx_word' id='word_1_197' title='bbox 314 4265 425 4327; x_wconf 90' lang='lat' dir='ltr'><strong>nostro</strong></span> <span class='ocrx_word' id='word_1_198' title='bbox 441 4258 544 4326; x_wconf 86' lang='lat' dir='ltr'><strong>Sebcs</strong></span> <span class='ocrx_word' id='word_1_199' title='bbox 560 4260 718 4345; x_wconf 81' lang='lat' dir='ltr'><strong>Magistro</strong></span> <span class='ocrx_word' id='word_1_200' title='bbox 740 4260 1020 4329; x_wconf 89' lang='lat' dir='ltr'><strong>Pinoernariorum</strong></span> <span class='ocrx_word' id='word_1_201' title='bbox 1045 4263 1087 4328; x_wconf 89' lang='lat' dir='ltr'><strong>ob</strong></span> <span class='ocrx_word' id='word_1_202' title='bbox 1112 4263 1234 4328; x_wconf 79' lang='lat' dir='ltr'><strong>eximio</strong></span> 
     </span>
     <span class='ocr_line' id='line_1_29' title="bbox 108 4365 1234 4455; baseline -0.001 -20"><span class='ocrx_word' id='word_1_203' title='bbox 108 4389 162 4436; x_wconf 90' lang='lat' dir='ltr'><strong>sne</strong></span> <span class='ocrx_word' id='word_1_204' title='bbox 177 4365 354 4455; x_wconf 84' lang='lat' dir='ltr'><strong>probitatis</strong></span> <span class='ocrx_word' id='word_1_205' title='bbox 370 4373 402 4432; x_wconf 93' lang='lat' dir='ltr'><strong>et</strong></span> <span class='ocrx_word' id='word_1_206' title='bbox 417 4365 545 4454; x_wconf 88' lang='lat' dir='ltr'><strong>merita,</strong></span> <span class='ocrx_word' id='word_1_207' title='bbox 562 4373 594 4432; x_wconf 92' lang='lat' dir='ltr'><strong>et</strong></span> <span class='ocrx_word' id='word_1_208' title='bbox 609 4366 803 4434; x_wconf 90' lang='lat' dir='ltr'><strong>intemerate</strong></span> <span class='ocrx_word' id='word_1_209' title='bbox 819 4365 986 4436; x_wconf 83' lang='lat' dir='ltr'><strong>fidelitatis</strong></span> <span class='ocrx_word' id='word_1_210' title='bbox 1003 4368 1072 4435; x_wconf 90' lang='lat' dir='ltr'><strong>eius</strong></span> <span class='ocrx_word' id='word_1_211' title='bbox 1084 4375 1234 4434; x_wconf 85' lang='lat' dir='ltr'><strong>constan-</strong></span> 
     </span>
     <span class='ocr_line' id='line_1_30' title="bbox 108 4469 1237 4560; baseline -0.002 -18"><span class='ocrx_word' id='word_1_212' title='bbox 108 4477 198 4559; x_wconf 80' lang='lat' dir='ltr'><strong>cium,</strong></span> <span class='ocrx_word' id='word_1_213' title='bbox 213 4472 369 4560; x_wconf 88' lang='lat' dir='ltr'><strong>predium</strong></span> <span class='ocrx_word' id='word_1_214' title='bbox 385 4469 547 4556; x_wconf 86' lang='lat' dir='ltr'><strong>quoddam</strong></span> <span class='ocrx_word' id='word_1_215' title='bbox 558 4473 708 4559; x_wconf 81' lang='lat' dir='ltr'><strong>Sengurg</strong></span> <span class='ocrx_word' id='word_1_216' title='bbox 726 4473 856 4540; x_wconf 89' lang='lat' dir='ltr'><strong>nomine</strong></span> <span class='ocrx_word' id='word_1_217' title='bbox 871 4493 912 4540; x_wconf 85' lang='lat' dir='ltr'><strong>ex</strong></span> <span class='ocrx_word' id='word_1_218' title='bbox 927 4481 1039 4542; x_wconf 89' lang='lat' dir='ltr'><strong>nostra</strong></span> <span class='ocrx_word' id='word_1_219' title='bbox 1053 4473 1157 4560; x_wconf 80' lang='lat' dir='ltr'><strong>Regia</strong></span> <span class='ocrx_word' id='word_1_220' title='bbox 1172 4477 1237 4543; x_wconf 79' lang='lat' dir='ltr'><strong>lar-</strong></span> 
     </span>
     <span class='ocr_line' id='line_1_31' title="bbox 109 4581 1233 4670; baseline 0.002 -18"><span class='ocrx_word' id='word_1_221' title='bbox 109 4585 256 4666; x_wconf 75' lang='lat' dir='ltr'><strong>gitudine</strong></span> <span class='ocrx_word' id='word_1_222' title='bbox 270 4603 293 4649; x_wconf 83' lang='lat' dir='ltr'><strong>a</strong></span> <span class='ocrx_word' id='word_1_223' title='bbox 308 4581 464 4667; x_wconf 83' lang='lat' dir='ltr'><strong>Ohepano</strong></span> <span class='ocrx_word' id='word_1_224' title='bbox 480 4581 572 4649; x_wconf 90' lang='lat' dir='ltr'><strong>Bano</strong></span> <span class='ocrx_word' id='word_1_225' title='bbox 589 4583 696 4650; x_wconf 83' lang='lat' dir='ltr'><strong>lliche</strong></span> <span class='ocrx_word' id='word_1_226' title='bbox 710 4583 777 4649; x_wconf 84' lang='lat' dir='ltr'><strong>lilio</strong></span> <span class='ocrx_word' id='word_1_227' title='bbox 794 4591 1025 4670; x_wconf 77' lang='lat' dir='ltr'><strong>comparatum,</strong></span> <span class='ocrx_word' id='word_1_228' title='bbox 1058 4603 1130 4653; x_wconf 82' lang='lat' dir='ltr'><strong>cvm</strong></span> <span class='ocrx_word' id='word_1_229' title='bbox 1155 4606 1233 4669; x_wconf 81' lang='lat' dir='ltr'><strong>qua·</strong></span> 
     </span>
    </p>
   </div>
   <div class='ocr_carea' id='block_1_8' title="bbox 0 0 1575 5148">
    <p class='ocr_par' dir='ltr' id='par_1_8' title="bbox 0 0 1575 5148">
     <span class='ocr_line' id='line_1_32' title="bbox 0 0 1575 5148; baseline 0 0"><span class='ocrx_word' id='word_1_230' title='bbox 0 0 1575 5148; x_wconf 95' lang='lat' dir='ltr'><strong> </strong></span> 
     </span>
    </p>
   </div>
  </div>
 </body>
</html>
