3150 5162
843 373 1003 473 gge—

359 561 530 633 millesimo
557 563 777 636 ducentesimo
809 568 1025 654 sexagesimo,
1059 569 1158 637 tercio
1190 591 1293 640 nonas
1323 572 1471 660 Octobris,

356 671 463 756 Regni
481 677 587 740 autern
604 675 706 741 nostri
723 677 985 761 annovigesimo
1002 683 1129 764 quarto.

358 867 483 930 (luto-ki
516 871 681 936 attrectator,
713 887 730 926 a
761 873 846 925 budai
877 875 931 925 kir.
962 875 1092 928 kamaraci
1124 877 1301 930 levelttrnalr
1318 880 1473 944 ucpcooan

801 963 864 1014 lectt
883 965 1035 1030 educebam.)

789 1247 1057 1261 *ιι*

886 1801 963 1868 334.

358 1997 422 2064 IV.
446 1997 531 2066 Beda
562 1998 742 2084 kirdlyoolt
772 1999 878 2066 Krete
908 1997 1056 2086 beiysc'pet
1087 2003 1244 2086 ta'rpyozo'
1268 2001 1442 2086 adorndoyc
1458 2025 1477 2062 a

356 2107 505 2194 topuultat'
520 2111 662 2194 updtedy
677 2113 836 2192 cadurcina,
859 2109 943 2194 mely
960 2107 1055 2172 eunelc
1062 2108 1192 2194 fcjdbert
1210 2107 1392 2174 Sz.-Lciczdd
1415 2111 1470 2174 azi-

587 2215 717 2300 9etdueb
733 2215 907 2308 vddelmdre
922 2215 1127 2282 kbteleztctett.
1161 2217 1255 2282 1260.

445 2409 525 2474 bela
541 2407 600 2473 Dei
612 2409 727 2490 gracia
741 2407 908 2492 Hungarie
925 2411 994 2476 Rex
1010 2410 1156 2476 omnibus
1172 2417 1338 2496 presentes
1354 2412 1471 2476 litteras
1549 2479 1550 2492 p

356 2515 552 2600 inspecturis
585 2516 720 2582 salutern
754 2517 787 2582 in
810 2538 885 2584 vero
919 2517 1069 2605 salptari.
1101 2519 1142 2584 ut
1174 2518 1202 2584 si
1234 2517 1472 2604 Magnificencie
1549 2525 1550 2535 ³

355 2623 461 2708 Regia
493 2621 536 2688 ad
552 2643 662 2688 omnes
678 2621 825 2690 subditos
844 2623 974 2690 extendi
1000 2625 1128 2708 debeat,
1143 2627 1296 2711 precipue
1312 2631 1415 2692 tamen
1431 2623 1475 2688 ri·

260 2809 265 2819 ,
355 2729 400 2797 ris
416 2731 485 2797 Deo
503 2731 738 2798 famulantibus
755 2733 825 2798 eius
843 2753 906 2798 non
923 2729 1018 2798 debet
1034 2751 1106 2799 esse
1122 2735 1235 2816 gracia
1259 2731 1375 2814 aliena,
1405 2751 1471 2798 eum

355 2859 419 2904 non
451 2840 554 2906 solum
590 2859 692 2925 armo,
705 2873 713 2890 ·
724 2837 782 2904 sed
799 2845 831 2904 et
847 2857 959 2922 preces
978 2839 1032 2923 pie
1045 2839 1228 2905 iuveneium
1245 2845 1395 2906 tueantur
1409 2857 1473 2920 reg-

355 2969 430 3014 num
448 2953 481 3012 et
497 2947 620 3032 regium
637 2945 809 3032 dyadema.
829 2945 971 3013 Proinde
997 2945 1040 3012 ad
1072 2949 1297 3014 universorum
1330 2945 1473 3014 noticiam

354 3061 465 3122 tenore
505 3055 707 3140 presencium
745 3055 893 3120 volumus
932 3053 1127 3138 prevenire:
1155 3055 1339 3138 quodcum
1371 3054 1473 3119 Abbas

353 3171 386 3230 et
417 3161 534 3228 iratres
566 3161 701 3229 Ordinis
728 3163 964 3248 Cystaroicusis
995 3163 1038 3228 de
1070 3163 1218 3249 Toplica,
1251 3160 1474 3247 Zagrabieusis
1548 3165 1549 3214 l

352 3269 521 3356 Dyocesis,
539 3269 570 3335 in
603 3271 712 3336 insula
738 3269 850 3336 Sancti
870 3267 1029 3357 Ladizlui,
1047 3289 1109 3354 que
1125 3269 1215 3354 prius
1231 3271 1382 3356 Wyhugh
1398 3289 1468 3336 nun·

332 3379 542 3463 -cupabatur‚
575 3377 686 3444 turrim
704 3383 736 3444 et
753 3377 865 3444 domos
891 3399 949 3462 pro
981 3376 1170 3444 defensioue
1201 3399 1261 3444 sua
1279 3384 1311 3444 et
1327 3376 1472 3462 obsequio

351 3485 463 3572 Regio,
479 3485 523 3552 de
539 3492 648 3552 nostro
664 3505 835 3570 consensu,
852 3489 1040 3552 construere
1056 3485 1228 3570 cepissent,
1246 3490 1282 3550 ut
1298 3485 1331 3551 in
1349 3483 1472 3551 easdem

353 3611 388 3658 se
404 3587 611 3658 adversitatis
644 3597 789 3677 tempore
821 3589 953 3657 valeant
984 3600 1162 3676 receptare,
1193 3597 1225 3657 et
1240 3596 1325 3659 terre
1340 3591 1471 3677 ipsorum

353 3699 495 3766 Abbatis
513 3703 545 3764 et
560 3700 699 3766 fratrum
716 3695 758 3764 de
775 3697 893 3782 quibus
909 3697 1054 3784 predicte
1079 3697 1175 3764 turris
1194 3704 1226 3764 et
1242 3698 1357 3766 domus
1372 3703 1474 3785 posset
1547 3709 1548 3714 ’

350 3805 468 3873 muniri
500 3803 704 3890 victualibus,
736 3802 912 3871 admodum
945 3805 1011 3871 sint
1040 3813 1171 3872 remote.
1204 3805 1359 3874 volentes
1380 3823 1471 3893 prope

349 3919 490 3980 castrum
509 3912 689 3998 predictum
705 3913 738 3978 iu
755 3913 868 3996 aliqua
883 3921 971 3981 terra
987 3913 1072 3998 utili,
1092 3913 1126 3979 in
1143 3935 1209 3998 qua
1224 3913 1288 3981 sibi
1304 3917 1468 4002 grangiam

347 4021 662 4108 faciantprovidere‚
678 4029 798 4089 terram
815 4021 968 4090 Bridislai
984 4031 1017 4089 et
1032 4023 1211 4110 Ludugari,
1227 4025 1359 4092 nomine
1374 4021 1472 4103 unua,
1547 4065 1548 4090 t

345 4149 419 4199 eum
451 4131 599 4199 omnibus
630 4130 840 4216 pertinenciis
872 4129 952 4218 suis,
970 4131 1059 4199 silvis
1076 4131 1243 4219 videlieet,
1260 4131 1369 4200 insula
1383 4139 1415 4199 et
1429 4127 1471 4216 pi·
1547 4183 1548 4194 ,

346 4239 552 4307 scaeiouibus
569 4237 764 4306 contulimus
779 4237 935 4326 predictis
961 4239 1083 4306 Abbati
1104 4247 1136 4306 et
1152 4239 1310 4306 iratribus
1327 4260 1388 4325 pro
1404 4257 1468 4306 cou-

345 4347 537 4415 servacione
553 4347 640 4413 dicte
656 4346 755 4413 turris
772 4350 805 4412 et
820 4343 987 4416 domorum
1020 4367 1152 4414 suarum
1187 4356 1342 4433 perpetuo
1373 4345 1469 4433 posei-
1547 4347 1548 4350 ’

348 4455 501 4543 dendam,
533 4453 592 4522 sub
623 4453 747 4522 eisdem
766 4455 860 4521 metis
877 4461 909 4520 et
924 4455 1082 4541 terminis,
1099 4453 1216 4538 quibus
1232 4451 1338 4523 dietus
1355 4453 1468 4520 Pridin-

343 4561 417 4630 laus
434 4569 467 4632 et
483 4561 676 4645 Ludiganus
693 4559 831 4630 eandem
848 4561 1058 4630 dinoscuntur
1073 4561 1268 4649 possedisse.
1303 4561 1345 4628 Ut
1376 4563 1468 4649 igitur

334 4667 403 4736 bec
418 4677 532 4736 nostra
548 4667 688 4736 donacio
703 4669 803 4738 robur
818 4675 976 4755 perpetue
992 4669 1138 4738 obtineat
1164 4667 1324 4739 firmitatis
1345 4689 1469 4756 presen-
