3078 5128
572 991 645 1060 210.

64 1193 113 1258 IV.
126 1194 206 1260 Beda
221 1192 404 1278 kirdlyualc
420 1191 520 1258 Saaul
537 1193 678 1260 bercoboc
692 1195 877 1278 owqerdaltd
887 1193 1057 1282 clcmdnya.
1077 1195 1171 1264 1238.

155 1390 234 1457 Bela
251 1389 312 1456 Dei
329 1389 442 1475 gracia
467 1387 643 1474 Hungarie‚
669 1390 848 1475 Dalmatae,
880 1389 1026 1477 Groacic,
1058 1393 1170 1478 Rame,

64 1499 165 1584 Scruie,
180 1499 330 1586 Gallioie,
346 1498 548 1584 Lodomerie,
566 1497 786 1581 Comaniaque
800 1499 870 1564 Rex
885 1499 1036 1566 omnibus
1048 1499 1169 1566 Christi

64 1605 193 1675 fidelibus
209 1626 345 1691 presens
363 1605 500 1689 criptum
515 1604 720 1688 inspecturis,
752 1605 892 1671 salutem
908 1605 940 1669 in
958 1625 1006 1688 cc,
1040 1606 1094 1688 qui
1121 1611 1170 1672 cst

64 1717 305 1782 saluscmnium.
330 1713 381 1778 Ad
406 1714 632 1780 uniuersorum
664 1712 868 1798 presencium
899 1733 939 1780 ac
969 1727 1170 1800 posterorum

66 1822 200 1889 noticiam
215 1822 331 1889 harum
346 1823 433 1888 serie
448 1819 596 1887 volumus
613 1820 802 1902 peruenirc;
826 1821 911 1904 quod
938 1821 1057 1890 Saulus
1082 1823 1168 1888 tilius

68 1929 209 1996 lobannis
226 1929 268 1996 dc
284 1930 396 1996 Insula
414 1927 456 1992 ad
473 1934 618 1993 nostram
636 1928 794 1994 accedens
810 1929 1012 2012 presenciam
1039 1929 1167 1996 humili-

66 2045 106 2101 ter
119 2039 204 2104 nobis
221 2044 253 2104 et
268 2039 430 2104 instanter
447 2033 661 2120 supplicando
692 2035 872 2118 flagitauit3
915 2044 950 2102 vt
980 2057 1052 2103 cum
1084 2037 1169 2104 idem

65 2165 146 2230 snper
160 2153 240 2211 terre
256 2165 315 2212 sue
332 2144 477 2228 negocijs
502 2163 560 2228 per
588 2142 716 2228 Judioes
747 2151 904 2210 terrarum
938 2135 972 2209 in‘
1004 2145 1165 2212 Comitatu

63 2253 233 2319 Posoniensi
249 2272 309 2336 per
324 2272 382 2318 nos
399 2249 594 2316 constitutos
611 2269 689 2334 sepe
706 2255 737 2315 et
753 2251 865 2334 sepius
881 2251 999 2318 fuisset
1018 2255 1169 2322 molesta·

64 2369 115 2446 tna,
129 2381 235 2447 qnam,
254 2366 289 2424 vt
304 2358 443 2442 dicebat,
463 2364 580 2426 terram
598 2360 641 2424 ab
657 2357 728 2443 ipso
747 2358 847 2441 ijdem
858 2357 988 2440 judices
1004 2360 1037 2426 in
1050 2383 1169 2446 magna

65 2471 223 2551 quantitate
240 2468 457 2550 abstulerant,
472 2473 505 2534 ct
528 2467 642 2534 Castro
674 2465 899 2549 restituerant3
924 2475 1041 2534 terram
1072 2491 1169 2554 quam

65 2577 114 2642 sibi
136 2573 379 2661 relinquendam
404 2576 577 2660 duxerant,
609 2594 649 2642 ne
682 2573 817 2640 ulterius
850 2577 1079 2644 molestaretur
1110 2600 1169 2665 pro

66 2685 170 2770 cadem,
187 2684 307 2751 uostris
324 2683 387 2750 sibi
404 2683 522 2748 litteris
539 2681 750 2766 dignaremur
766 2682 967 2750 confirmare.
1008 2685 1076 2754 Nos
1093 2707 1168 2754 vero

65 2793 142 2858 sclito
157 2792 370 2875 benignitatis
387 2797 497 2856 nostre
513 2789 626 2856 fauore
643 2790 746 2876 ipsius
764 2791 968 2878 peticionem,
987 2813 1051 2877 qne
1072 2795 1167 2879 justi-

66 2901 130 2967 ciam
146 2902 342 2986 continebat,
359 2897 565 2966 intendentes
583 2897 763 2982 admittere,
796 2898 924 2965 dilectis
955 2909 988 2966 et
1019 2900 1169 2969 fidelibus

66 3011 175 3093 nostris,
191 3011 215 3077 l.
232 3009 410 3093 Prepesito,
427 3014 459 3072 et
475 3007 514 3072 A.
532 3003 648 3072 Comiti
664 3006 855 3074 Poscniensi
872 3004 1021 3074 dedimus
1037 3011 1070 3074 in
1082 3030 1169 3077 man·

65 3115 132 3183 datis
148 3117 339 3202 diligentem
363 3115 396 3182 in
413 3113 560 3200 euclide,
577 3133 642 3198 qua
661 3115 727 3181 Dec
744 3121 779 3196 et
793 3115 887 3182 nobis
912 3121 1070 3200 tenentur,
1104 3125 1169 3182 stu·

66 3223 160 3292 derunt
175 3225 335 3310 intimare,
353 3229 510 3306 quantum
528 3230 614 3289 terre
630 3221 776 3307 predicto
793 3223 824 3289 S.
841 3229 930 3290 esset
944 3223 1057 3290 relicta
1082 3222 1168 3312 (lgy)

66 3332 355 3404 desnaetsucrum
371 3331 578 3417 conjudicum
610 3332 826 3402 consciencia.
867 3333 929 3412 Qui
961 3335 1064 3420 nohis,
1095 3337 1171 3403 licet

66 3443 252 3525 singulariter
269 3443 303 3508 in
320 3441 464 3508 diuersis
480 3437 610 3524 litteris,
644 3445 678 3504 et
708 3439 769 3506 sub
799 3459 857 3507 suo
888 3441 1030 3524 quilibet
1060 3443 1169 3526 sigillo

66 3551 140 3618 nobis
155 3573 219 3618 non
235 3549 416 3634 incognito,
432 3549 491 3615 sub
509 3547 621 3614 codem
639 3548 769 3615 omnino
787 3555 899 3615 tenore
915 3555 948 3614 et
963 3551 1045 3617 serie
1061 3553 1169 3618 verbo-

67 3677 120 3725 mm
135 3660 367 3746 rescripserunt
384 3658 444 3724 sub
461 3657 522 3723 hac
537 3656 649 3722 forma:

153 3767 342 3836 Reuerendo
359 3765 489 3836 domino
506 3785 564 3833 suo
580 3767 617 3831 B.
635 3767 695 3834 stb.
712 3764 925 3853 (huvetkezik
944 3767 1170 3854 Endrepozso·

66 3879 109 3960 uyi
122 3878 315 3966 toispsnnak
328 3875 489 3962 jelentese
505 3875 560 3944 IV.
577 3873 656 3942 Btla
672 3873 852 3963 kirtlyhoz,
884 3877 964 3942 mint
979 3877 1077 3944 abach
1094 3881 1169 3946 213.

66 3988 210 4074 snalatt.)

153 4098 273 4165 Littere
289 4115 417 4180 qnoque
432 4093 594 4179 Prcpositi
611 4093 915 4184 memoratilittcris
941 4091 1075 4162 Comitis
1107 4115 1169 4163 mc·

68 4209 165 4272 norati
183 4207 313 4274 omnino
330 4203 583 4272 concordabant.

153 4317 217 4384 Nos
235 4322 345 4383 autem
362 4321 507 4381 tenorem
524 4311 666 4398 ipsarum
685 4312 868 4379 litterarum
885 4307 1062 4394 diligenter
1078 4331 1170 4380 acce-

67 4427 317 4508 contestatam
335 4422 368 4488 S.
386 4421 506 4506 prelati
524 4427 556 4486 et
572 4419 707 4486 fratrum
725 4419 796 4486 eins
815 4417 930 4484 titteris
962 4419 1170 4501 presentibus

67 4529 188 4617 dupplici
204 4531 315 4618 sigillo
331 4536 443 4598 nostro
459 4527 620 4596 roboratis
638 4535 704 4595 tam
722 4527 786 4595 sibi
803 4547 900 4610 qurum
928 4547 1056 4592 suorum
1083 4526 1170 4614 (tgy)

66 4633 215 4708 heredibus
232 4649 264 4706 et
282 4640 436 4708 heredum
453 4638 698 4706 successoribus
715 4637 866 4704 duximus
883 4641 1041 4721 perpetuo
1057 4637 1170 4704 confir·
